[{"symbol": "ETHUSDT", "bids": [[2978.85, 127.253], [2978.84, 4.18], [2978.83, 3.077], [2978.82, 0.007], [2978.81, 0.016], [2978.8, 0.031], [2978.79, 0.335], [2978.78, 18.899], [2978.77, 0.009], [2978.76, 0.596], [2978.75, 0.009], [2978.74, 0.023], [2978.73, 0.015], [2978.72, 0.017], [2978.71, 16.456], [2978.7, 3.14], [2978.69, 0.025], [2978.68, 0.695], [2978.67, 2.504], [2978.66, 0.009]], "asks": [[2978.86, 3.337], [2978.87, 0.344], [2978.88, 0.74], [2978.89, 0.72], [2978.9, 2.711], [2978.91, 5.177], [2978.92, 0.048], [2978.93, 2.151], [2978.94, 0.42], [2978.95, 0.413], [2978.96, 0.03], [2978.97, 0.017], [2978.98, 0.048], [2978.99, 0.258], [2979.0, 10.88], [2979.01, 0.815], [2979.02, 0.22], [2979.03, 0.69], [2979.04, 0.031], [2979.05, 0.498]], "timestamp": "2025-12-20T00:00:13.397863+00:00"}, {"symbol": "ETHUSDT", "bids": [[2978.07, 9.575], [2978.06, 0.015], [2978.05, 1.509], [2978.04, 0.023], [2978.03, 0.017], [2978.02, 0.009], [2978.01, 0.023], [2978.0, 0.031], [2977.99, 0.009], [2977.98, 0.028], [2977.97, 0.017], [2977.96, 0.009], [2977.95, 0.023], [2977.94, 0.137], [2977.92, 0.055], [2977.91, 0.017], [2977.9, 0.022], [2977.89, 1.025], [2977.88, 0.023], [2977.87, 3.366]], "asks": [[2978.08, 99.273], [2978.09, 0.874], [2978.1, 1.916], [2978.12, 0.031], [2978.13, 1.559], [2978.14, 0.017], [2978.15, 0.036], [2978.16, 0.206], [2978.17, 0.023], [2978.18, 0.619], [2978.19, 0.462], [2978.2, 0.025], [2978.21, 0.401], [2978.22, 0.016], [2978.23, 0.023], [2978.24, 0.037], [2978.25, 0.046], [2978.26, 0.049], [2978.27, 1.089], [2978.28, 1.294]], "timestamp": "2025-12-20T00:01:07.567848+00:00"}, {"symbol": "ETHUSDT", "bids": [[2977.34, 6.121], [2977.33, 0.015], [2977.32, 0.848], [2977.31, 0.979], [2977.3, 0.017], [2977.29, 0.107], [2977.28, 0.009], [2977.27, 0.022], [2977.26, 0.009], [2977.25, 0.849], [2977.24, 0.12], [2977.23, 0.039], [2977.22, 0.173], [2977.21, 0.031], [2977.2, 0.031], [2977.19, 0.049], [2977.18, 0.008], [2977.17, 0.053], [2977.16, 0.009], [2977.15, 1.767]], "asks": [[2977.35, 193.749], [2977.36, 0.029], [2977.37, 0.007], [2977.38, 0.014], [2977.39, 0.185], [2977.4, 0.031], [2977.42, 0.124], [2977.43, 10.888], [2977.44, 30.024], [2977.45, 16.786], [2977.46, 30.037], [2977.47, 1.017], [2977.48, 0.124], [2977.49, 0.009], [2977.5, 4.572], [2977.51, 3.376], [2977.52, 0.03], [2977.53, 0.38], [2977.54, 0.032], [2977.55, 0.025]], "timestamp": "2025-12-20T00:02:14.316254+00:00"}, {"symbol": "ETHUSDT", "bids": [[2974.44, 13.384], [2974.43, 8.246], [2974.42, 40.01], [2974.41, 0.175], [2974.4, 0.009], [2974.39, 0.031], [2974.37, 0.023], [2974.36, 0.023], [2974.35, 9.922], [2974.34, 0.02], [2974.33, 0.037], [2974.32, 0.023], [2974.31, 0.026], [2974.3, 0.43], [2974.28, 0.053], [2974.27, 0.443], [2974.26, 1.657], [2974.25, 0.461], [2974.24, 0.032], [2974.23, 0.351]], "asks": [[2974.45, 66.682], [2974.46, 0.059], [2974.47, 0.019], [2974.48, 0.598], [2974.49, 0.03], [2974.5, 3.424], [2974.51, 3.086], [2974.52, 0.848], [2974.53, 8.415], [2974.54, 20.586], [2974.55, 0.014], [2974.56, 5.014], [2974.57, 0.039], [2974.58, 0.016], [2974.59, 0.03], [2974.6, 6.24], [2974.61, 0.04], [2974.62, 0.097], [2974.63, 21.66], [2974.64, 1.544]], "timestamp": "2025-12-20T00:03:13.317458+00:00"}, {"symbol": "ETHUSDT", "bids": [[2975.35, 122.399], [2975.34, 20.943], [2975.33, 3.791], [2975.32, 0.021], [2975.31, 0.184], [2975.3, 0.409], [2975.29, 0.023], [2975.28, 0.03], [2975.27, 0.017], [2975.26, 0.037], [2975.25, 15.98], [2975.24, 51.032], [2975.23, 0.047], [2975.22, 2.006], [2975.21, 49.887], [2975.2, 7.631], [2975.19, 1.623], [2975.18, 0.023], [2975.17, 0.124], [2975.16, 0.345]], "asks": [[2975.36, 5.867], [2975.37, 0.028], [2975.38, 2.861], [2975.39, 0.009], [2975.4, 0.062], [2975.41, 0.11], [2975.42, 0.007], [2975.43, 0.023], [2975.44, 3.377], [2975.45, 0.008], [2975.46, 0.814], [2975.47, 0.017], [2975.48, 1.323], [2975.49, 0.022], [2975.5, 0.056], [2975.51, 0.009], [2975.52, 0.037], [2975.53, 3.394], [2975.54, 0.052], [2975.55, 0.695]], "timestamp": "2025-12-20T00:04:06.361582+00:00"}, {"symbol": "ETHUSDT", "bids": [[2974.84, 2.175], [2974.83, 0.007], [2974.81, 0.022], [2974.8, 0.016], [2974.79, 0.737], [2974.78, 1.375], [2974.77, 0.031], [2974.76, 0.009], [2974.75, 0.248], [2974.74, 0.017], [2974.73, 0.009], [2974.72, 0.021], [2974.71, 0.023], [2974.7, 0.017], [2974.69, 0.028], [2974.68, 0.02], [2974.67, 0.039], [2974.66, 1.376], [2974.65, 0.392], [2974.64, 1.746]], "asks": [[2974.85, 37.751], [2974.86, 0.174], [2974.87, 0.093], [2974.88, 0.672], [2974.89, 1.368], [2974.9, 1.698], [2974.91, 0.008], [2974.92, 1.469], [2974.93, 0.028], [2974.94, 0.029], [2974.95, 2.501], [2974.96, 0.032], [2974.97, 22.179], [2974.98, 2.91], [2974.99, 61.934], [2975.0, 383.458], [2975.01, 0.394], [2975.02, 1.787], [2975.03, 0.396], [2975.04, 1.076]], "timestamp": "2025-12-20T00:05:10.976566+00:00"}, {"symbol": "ETHUSDT", "bids": [[2974.27, 39.618], [2974.26, 0.385], [2974.25, 2.178], [2974.23, 0.009], [2974.22, 0.054], [2974.21, 0.034], [2974.2, 1.492], [2974.19, 1.729], [2974.18, 0.62], [2974.16, 1.734], [2974.15, 0.05], [2974.14, 0.03], [2974.13, 1.402], [2974.12, 1.7], [2974.11, 1.776], [2974.1, 0.414], [2974.08, 0.369], [2974.07, 0.045], [2974.06, 3.373], [2974.05, 2.905]], "asks": [[2974.28, 22.114], [2974.29, 0.025], [2974.3, 0.007], [2974.32, 0.069], [2974.33, 1.368], [2974.35, 0.031], [2974.36, 0.042], [2974.37, 0.107], [2974.38, 0.303], [2974.39, 0.112], [2974.4, 0.816], [2974.41, 1.134], [2974.42, 8.408], [2974.43, 2.555], [2974.44, 20.797], [2974.45, 0.039], [2974.46, 1.011], [2974.47, 0.023], [2974.48, 3.77], [2974.49, 0.081]], "timestamp": "2025-12-20T00:06:04.414585+00:00"}, {"symbol": "ETHUSDT", "bids": [[2972.69, 17.143], [2972.68, 1.061], [2972.67, 3.182], [2972.66, 0.007], [2972.65, 0.017], [2972.64, 0.009], [2972.62, 0.038], [2972.61, 0.016], [2972.6, 0.028], [2972.59, 0.017], [2972.58, 1.015], [2972.57, 1.346], [2972.56, 0.031], [2972.55, 0.018], [2972.54, 1.667], [2972.53, 2.951], [2972.52, 3.394], [2972.51, 0.009], [2972.5, 1.054], [2972.49, 0.084]], "asks": [[2972.7, 206.089], [2972.71, 0.064], [2972.73, 0.084], [2972.74, 0.023], [2972.75, 1.73], [2972.76, 0.36], [2972.77, 0.037], [2972.78, 1.46], [2972.79, 0.455], [2972.8, 0.476], [2972.81, 0.022], [2972.82, 3.573], [2972.83, 0.12], [2972.84, 0.039], [2972.85, 2.534], [2972.86, 0.046], [2972.87, 4.638], [2972.88, 3.599], [2972.89, 1.532], [2972.9, 0.046]], "timestamp": "2025-12-20T00:06:57.269039+00:00"}, {"symbol": "ETHUSDT", "bids": [[2971.1, 30.736], [2971.09, 0.034], [2971.08, 0.46], [2971.07, 0.009], [2971.06, 1.673], [2971.05, 0.146], [2971.04, 0.011], [2971.03, 1.596], [2971.02, 3.062], [2971.01, 0.041], [2971.0, 4.011], [2970.99, 0.026], [2970.98, 2.034], [2970.97, 0.055], [2970.96, 0.03], [2970.94, 1.737], [2970.93, 0.07], [2970.92, 0.815], [2970.91, 0.47], [2970.9, 4.879]], "asks": [[2971.11, 122.587], [2971.12, 0.419], [2971.13, 0.008], [2971.15, 0.419], [2971.16, 0.031], [2971.17, 0.016], [2971.18, 0.014], [2971.19, 0.017], [2971.2, 1.046], [2971.21, 0.138], [2971.22, 0.279], [2971.23, 0.375], [2971.24, 0.014], [2971.25, 0.506], [2971.26, 0.023], [2971.27, 0.039], [2971.28, 0.009], [2971.29, 0.014], [2971.3, 0.186], [2971.31, 0.047]], "timestamp": "2025-12-20T00:07:49.803102+00:00"}, {"symbol": "ETHUSDT", "bids": [[2971.87, 13.715], [2971.86, 0.021], [2971.84, 0.008], [2971.83, 0.016], [2971.82, 0.023], [2971.81, 0.008], [2971.8, 0.044], [2971.79, 0.009], [2971.78, 0.021], [2971.77, 0.016], [2971.76, 0.031], [2971.75, 0.008], [2971.74, 0.03], [2971.73, 0.009], [2971.72, 0.022], [2971.71, 0.038], [2971.7, 0.04], [2971.69, 0.008], [2971.68, 0.023], [2971.67, 0.026]], "asks": [[2971.88, 58.879], [2971.89, 1.721], [2971.9, 0.017], [2971.91, 3.406], [2971.92, 0.108], [2971.93, 0.081], [2971.94, 0.05], [2971.95, 0.014], [2971.96, 23.02], [2971.97, 0.038], [2971.98, 0.021], [2971.99, 0.009], [2972.0, 1.353], [2972.01, 3.406], [2972.02, 1.73], [2972.03, 0.865], [2972.04, 20.785], [2972.05, 0.117], [2972.06, 0.045], [2972.07, 1.788]], "timestamp": "2025-12-20T00:08:43.132327+00:00"}, {"symbol": "ETHUSDT", "bids": [[2971.75, 9.664], [2971.74, 0.029], [2971.73, 0.009], [2971.72, 0.009], [2971.71, 0.036], [2971.7, 0.04], [2971.69, 0.009], [2971.68, 0.015], [2971.67, 0.023], [2971.66, 0.009], [2971.65, 0.069], [2971.64, 3.08], [2971.63, 0.039], [2971.62, 0.014], [2971.61, 0.023], [2971.6, 0.024], [2971.59, 0.046], [2971.58, 1.66], [2971.57, 0.023], [2971.56, 0.028]], "asks": [[2971.76, 203.134], [2971.77, 3.233], [2971.78, 0.035], [2971.79, 0.168], [2971.8, 2.57], [2971.81, 1.746], [2971.82, 0.009], [2971.83, 0.014], [2971.84, 0.084], [2971.85, 1.834], [2971.86, 2.209], [2971.87, 0.128], [2971.88, 0.009], [2971.89, 4.34], [2971.9, 3.303], [2971.91, 40.577], [2971.92, 2.673], [2971.93, 0.031], [2971.94, 0.031], [2971.95, 0.037]], "timestamp": "2025-12-20T00:09:36.670315+00:00"}, {"symbol": "ETHUSDT", "bids": [[2971.61, 24.018], [2971.6, 1.698], [2971.59, 0.007], [2971.57, 0.017], [2971.56, 0.023], [2971.54, 1.714], [2971.53, 0.788], [2971.52, 5.062], [2971.51, 0.017], [2971.5, 1.058], [2971.49, 0.089], [2971.48, 0.038], [2971.47, 0.15], [2971.46, 0.465], [2971.45, 0.025], [2971.44, 0.128], [2971.43, 1.347], [2971.42, 0.031], [2971.41, 1.715], [2971.4, 0.469]], "asks": [[2971.62, 36.805], [2971.63, 0.021], [2971.64, 0.041], [2971.65, 0.91], [2971.66, 0.009], [2971.67, 0.023], [2971.68, 0.559], [2971.69, 0.031], [2971.7, 0.084], [2971.71, 3.394], [2971.72, 0.017], [2971.73, 0.114], [2971.75, 0.699], [2971.76, 0.032], [2971.77, 2.475], [2971.78, 0.025], [2971.79, 0.082], [2971.8, 0.086], [2971.81, 0.145], [2971.82, 0.267]], "timestamp": "2025-12-20T00:10:30.240414+00:00"}, {"symbol": "ETHUSDT", "bids": [[2972.13, 141.552], [2972.12, 1.024], [2972.1, 16.093], [2972.09, 13.018], [2972.08, 1.721], [2972.07, 1.516], [2972.06, 0.021], [2972.05, 0.017], [2972.04, 0.023], [2972.02, 0.038], [2972.01, 0.037], [2972.0, 0.014], [2971.99, 1.7], [2971.98, 0.03], [2971.97, 1.37], [2971.96, 0.116], [2971.95, 0.027], [2971.94, 4.49], [2971.93, 20.215], [2971.92, 0.07]], "asks": [[2972.14, 0.831], [2972.15, 0.007], [2972.16, 0.009], [2972.17, 0.038], [2972.18, 0.009], [2972.19, 0.023], [2972.2, 1.523], [2972.21, 3.382], [2972.22, 0.014], [2972.23, 0.009], [2972.24, 0.076], [2972.25, 0.023], [2972.27, 0.04], [2972.28, 0.008], [2972.29, 0.028], [2972.3, 1.708], [2972.31, 4.741], [2972.33, 0.032], [2972.34, 0.435], [2972.35, 0.036]], "timestamp": "2025-12-20T00:11:22.995629+00:00"}, {"symbol": "ETHUSDT", "bids": [[2974.55, 240.635], [2974.54, 0.014], [2974.52, 0.008], [2974.51, 0.009], [2974.5, 0.39], [2974.49, 18.286], [2974.48, 20.77], [2974.47, 31.076], [2974.46, 0.35], [2974.45, 15.156], [2974.44, 0.258], [2974.43, 1.593], [2974.42, 0.05], [2974.41, 0.041], [2974.4, 0.023], [2974.39, 0.191], [2974.38, 1.166], [2974.37, 2.297], [2974.36, 1.382], [2974.35, 0.813]], "asks": [[2974.56, 2.377], [2974.57, 0.007], [2974.58, 0.033], [2974.59, 0.009], [2974.6, 0.041], [2974.61, 0.009], [2974.62, 0.024], [2974.63, 0.009], [2974.64, 0.11], [2974.65, 0.025], [2974.66, 0.009], [2974.67, 0.359], [2974.68, 2.564], [2974.69, 0.049], [2974.7, 1.689], [2974.71, 0.054], [2974.72, 0.037], [2974.73, 0.079], [2974.74, 0.045], [2974.75, 0.023]], "timestamp": "2025-12-20T00:12:18.604571+00:00"}, {"symbol": "ETHUSDT", "bids": [[2976.13, 178.115], [2976.12, 3.455], [2976.11, 0.007], [2976.1, 0.868], [2976.09, 0.009], [2976.08, 0.533], [2976.07, 0.037], [2976.05, 0.04], [2976.04, 0.023], [2976.03, 0.03], [2976.01, 0.045], [2976.0, 4.527], [2975.99, 1.366], [2975.98, 0.185], [2975.97, 0.031], [2975.96, 0.008], [2975.95, 0.822], [2975.94, 0.04], [2975.93, 1.702], [2975.92, 0.301]], "asks": [[2976.14, 7.481], [2976.15, 0.223], [2976.16, 0.014], [2976.17, 0.018], [2976.18, 0.192], [2976.19, 0.016], [2976.2, 0.13], [2976.21, 0.028], [2976.22, 0.016], [2976.23, 1.509], [2976.24, 5.058], [2976.25, 0.402], [2976.26, 0.016], [2976.27, 0.352], [2976.28, 0.023], [2976.29, 3.386], [2976.3, 0.474], [2976.31, 0.03], [2976.32, 7.985], [2976.33, 0.83]], "timestamp": "2025-12-20T00:13:11.598928+00:00"}, {"symbol": "ETHUSDT", "bids": [[2976.3, 0.989], [2976.29, 0.021], [2976.28, 0.031], [2976.27, 0.009], [2976.26, 0.016], [2976.25, 0.031], [2976.24, 1.68], [2976.23, 0.039], [2976.22, 0.051], [2976.21, 0.084], [2976.2, 0.034], [2976.19, 0.014], [2976.18, 0.008], [2976.17, 0.033], [2976.16, 0.387], [2976.15, 0.407], [2976.14, 1.565], [2976.13, 0.046], [2976.12, 0.007], [2976.11, 4.385]], "asks": [[2976.31, 149.398], [2976.32, 9.512], [2976.33, 0.067], [2976.35, 0.009], [2976.36, 0.025], [2976.37, 0.009], [2976.38, 20.014], [2976.39, 20.037], [2976.4, 16.954], [2976.41, 1.359], [2976.42, 0.032], [2976.43, 20.019], [2976.44, 8.572], [2976.45, 0.016], [2976.46, 0.023], [2976.47, 0.008], [2976.48, 0.037], [2976.49, 0.017], [2976.5, 5.609], [2976.51, 3.396]], "timestamp": "2025-12-20T00:14:05.124190+00:00"}, {"symbol": "ETHUSDT", "bids": [[2975.3, 106.826], [2975.29, 0.38], [2975.28, 1.507], [2975.27, 0.008], [2975.26, 1.188], [2975.25, 1.704], [2975.23, 0.045], [2975.22, 0.016], [2975.21, 0.014], [2975.2, 0.076], [2975.19, 1.368], [2975.18, 1.773], [2975.17, 0.037], [2975.16, 0.258], [2975.15, 0.581], [2975.14, 0.359], [2975.13, 0.207], [2975.12, 1.701], [2975.11, 0.045], [2975.1, 0.067]], "asks": [[2975.31, 29.797], [2975.32, 0.007], [2975.33, 0.018], [2975.34, 0.039], [2975.35, 0.221], [2975.36, 1.518], [2975.37, 0.091], [2975.38, 0.039], [2975.39, 0.009], [2975.4, 0.199], [2975.41, 0.047], [2975.42, 0.073], [2975.43, 0.344], [2975.44, 0.031], [2975.45, 1.78], [2975.46, 0.023], [2975.47, 0.016], [2975.48, 0.041], [2975.49, 0.032], [2975.5, 1.727]], "timestamp": "2025-12-20T00:15:06.029524+00:00"}, {"symbol": "ETHUSDT", "bids": [[2976.75, 34.166], [2976.74, 0.049], [2976.73, 0.018], [2976.72, 0.014], [2976.71, 0.032], [2976.7, 0.453], [2976.69, 0.014], [2976.68, 0.03], [2976.67, 1.367], [2976.66, 0.322], [2976.65, 0.109], [2976.64, 0.123], [2976.63, 0.13], [2976.62, 0.048], [2976.61, 0.026], [2976.6, 5.785], [2976.59, 0.277], [2976.58, 0.04], [2976.57, 0.35], [2976.56, 0.135]], "asks": [[2976.76, 89.33], [2976.77, 6.919], [2976.79, 1.626], [2976.8, 0.009], [2976.81, 2.57], [2976.82, 0.024], [2976.84, 0.694], [2976.85, 2.523], [2976.86, 0.014], [2976.87, 0.358], [2976.88, 0.025], [2976.89, 0.023], [2976.9, 0.351], [2976.91, 1.711], [2976.92, 0.024], [2976.93, 0.03], [2976.94, 0.017], [2976.95, 1.388], [2976.96, 2.072], [2976.97, 1.746]], "timestamp": "2025-12-20T00:16:01.017813+00:00"}, {"symbol": "ETHUSDT", "bids": [[2974.43, 3.372], [2974.42, 0.447], [2974.41, 0.02], [2974.4, 0.017], [2974.39, 0.354], [2974.38, 0.016], [2974.37, 1.703], [2974.36, 0.015], [2974.35, 0.388], [2974.34, 0.034], [2974.33, 0.047], [2974.32, 0.032], [2974.3, 0.032], [2974.29, 0.028], [2974.28, 0.018], [2974.27, 0.352], [2974.26, 1.726], [2974.25, 0.391], [2974.24, 0.381], [2974.23, 0.062]], "asks": [[2974.44, 181.004], [2974.45, 16.573], [2974.46, 0.007], [2974.47, 0.612], [2974.48, 1.354], [2974.49, 1.277], [2974.5, 2.068], [2974.51, 0.009], [2974.52, 0.031], [2974.53, 0.201], [2974.54, 0.023], [2974.55, 0.009], [2974.56, 0.028], [2974.57, 0.017], [2974.58, 1.711], [2974.59, 0.029], [2974.6, 0.031], [2974.61, 1.697], [2974.62, 0.035], [2974.63, 0.017]], "timestamp": "2025-12-20T00:16:55.905631+00:00"}]