[{"id": "2683691336", "price": 2978.55, "amount": 0.016, "side": "buy", "timestamp": 1766188811524}, {"id": "2683691337", "price": 2978.56, "amount": 0.042, "side": "buy", "timestamp": 1766188811524}, {"id": "2683691338", "price": 2978.57, "amount": 0.084, "side": "buy", "timestamp": 1766188811524}, {"id": "2683691339", "price": 2978.58, "amount": 0.023, "side": "buy", "timestamp": 1766188811524}, {"id": "2683691340", "price": 2978.59, "amount": 0.681, "side": "buy", "timestamp": 1766188811524}, {"id": "2683691341", "price": 2978.6, "amount": 0.731, "side": "buy", "timestamp": 1766188811524}, {"id": "2683691342", "price": 2978.61, "amount": 1.702, "side": "buy", "timestamp": 1766188811524}, {"id": "2683691343", "price": 2978.62, "amount": 1.523, "side": "buy", "timestamp": 1766188811524}, {"id": "2683691344", "price": 2978.63, "amount": 0.082, "side": "buy", "timestamp": 1766188811529}, {"id": "2683691345", "price": 2978.64, "amount": 0.026, "side": "buy", "timestamp": 1766188811543}, {"id": "2683691346", "price": 2978.65, "amount": 0.035, "side": "buy", "timestamp": 1766188812173}, {"id": "2683691347", "price": 2978.65, "amount": 0.062, "side": "buy", "timestamp": 1766188812370}, {"id": "2683691348", "price": 2978.65, "amount": 0.018, "side": "buy", "timestamp": 1766188812536}, {"id": "2683691349", "price": 2978.65, "amount": 13.846, "side": "buy", "timestamp": 1766188813047}, {"id": "2683691350", "price": 2978.66, "amount": 0.523, "side": "buy", "timestamp": 1766188813140}, {"id": "2683691351", "price": 2978.67, "amount": 0.009, "side": "buy", "timestamp": 1766188813140}, {"id": "2683691352", "price": 2978.68, "amount": 0.023, "side": "buy", "timestamp": 1766188813140}, {"id": "2683691353", "price": 2978.69, "amount": 0.038, "side": "buy", "timestamp": 1766188813140}, {"id": "2683691354", "price": 2978.7, "amount": 1.221, "side": "buy", "timestamp": 1766188813140}, {"id": "2683691355", "price": 2978.71, "amount": 0.066, "side": "buy", "timestamp": 1766188813140}, {"id": "2683691356", "price": 2978.72, "amount": 1.391, "side": "buy", "timestamp": 1766188813140}, {"id": "2683691357", "price": 2978.73, "amount": 0.035, "side": "buy", "timestamp": 1766188813140}, {"id": "2683691358", "price": 2978.74, "amount": 0.037, "side": "buy", "timestamp": 1766188813140}, {"id": "2683691359", "price": 2978.75, "amount": 2.643, "side": "buy", "timestamp": 1766188813140}, {"id": "2683691360", "price": 2978.76, "amount": 5.226, "side": "buy", "timestamp": 1766188813140}, {"id": "2683691361", "price": 2978.77, "amount": 0.13, "side": "buy", "timestamp": 1766188813140}, {"id": "2683691362", "price": 2978.78, "amount": 0.522, "side": "buy", "timestamp": 1766188813140}, {"id": "2683691363", "price": 2978.79, "amount": 3.012, "side": "buy", "timestamp": 1766188813140}, {"id": "2683691364", "price": 2978.8, "amount": 1.336, "side": "buy", "timestamp": 1766188813140}, {"id": "2683691365", "price": 2978.81, "amount": 1.29, "side": "buy", "timestamp": 1766188813140}, {"id": "2683691366", "price": 2978.82, "amount": 0.382, "side": "buy", "timestamp": 1766188813140}, {"id": "2683691367", "price": 2978.83, "amount": 4.735, "side": "buy", "timestamp": 1766188813140}, {"id": "2683691368", "price": 2978.84, "amount": 0.832, "side": "buy", "timestamp": 1766188813140}, {"id": "2683691369", "price": 2978.85, "amount": 0.688, "side": "buy", "timestamp": 1766188813140}, {"id": "2683691370", "price": 2978.86, "amount": 2.794, "side": "buy", "timestamp": 1766188813140}, {"id": "2683691371", "price": 2978.86, "amount": 3.39, "side": "buy", "timestamp": 1766188813261}, {"id": "2683691372", "price": 2978.87, "amount": 0.344, "side": "buy", "timestamp": 1766188813262}, {"id": "2683691373", "price": 2978.88, "amount": 0.74, "side": "buy", "timestamp": 1766188813262}, {"id": "2683691374", "price": 2978.89, "amount": 0.706, "side": "buy", "timestamp": 1766188813262}, {"id": "2683691375", "price": 2978.9, "amount": 2.409, "side": "buy", "timestamp": 1766188813262}, {"id": "2683691376", "price": 2978.91, "amount": 5.059, "side": "buy", "timestamp": 1766188813263}, {"id": "2683691377", "price": 2978.92, "amount": 0.016, "side": "buy", "timestamp": 1766188813265}, {"id": "2683691378", "price": 2978.93, "amount": 2.151, "side": "buy", "timestamp": 1766188813265}, {"id": "2683691379", "price": 2978.94, "amount": 0.091, "side": "buy", "timestamp": 1766188813265}, {"id": "2683691380", "price": 2978.95, "amount": 0.063, "side": "buy", "timestamp": 1766188813265}, {"id": "2683691381", "price": 2978.96, "amount": 0.016, "side": "buy", "timestamp": 1766188813278}, {"id": "2683691382", "price": 2978.97, "amount": 0.017, "side": "buy", "timestamp": 1766188813278}, {"id": "2683691383", "price": 2978.98, "amount": 0.034, "side": "buy", "timestamp": 1766188813278}, {"id": "2683691384", "price": 2978.99, "amount": 0.236, "side": "buy", "timestamp": 1766188813278}, {"id": "2683691385", "price": 2979.0, "amount": 1.931, "side": "buy", "timestamp": 1766188813297}, {"id": "2683691874", "price": 2977.79, "amount": 4.0, "side": "sell", "timestamp": 1766188863532}, {"id": "2683691875", "price": 2977.8, "amount": 10.02, "side": "buy", "timestamp": 1766188864303}, {"id": "2683691876", "price": 2977.81, "amount": 0.016, "side": "buy", "timestamp": 1766188864310}, {"id": "2683691877", "price": 2977.82, "amount": 1.171, "side": "buy", "timestamp": 1766188864310}, {"id": "2683691878", "price": 2977.83, "amount": 0.009, "side": "buy", "timestamp": 1766188864310}, {"id": "2683691879", "price": 2977.84, "amount": 0.025, "side": "buy", "timestamp": 1766188864310}, {"id": "2683691880", "price": 2977.85, "amount": 0.045, "side": "buy", "timestamp": 1766188864310}, {"id": "2683691881", "price": 2977.86, "amount": 0.009, "side": "buy", "timestamp": 1766188864310}, {"id": "2683691882", "price": 2977.87, "amount": 0.014, "side": "buy", "timestamp": 1766188864310}, {"id": "2683691883", "price": 2977.88, "amount": 0.025, "side": "buy", "timestamp": 1766188864310}, {"id": "2683691884", "price": 2977.89, "amount": 0.009, "side": "buy", "timestamp": 1766188864310}, {"id": "2683691885", "price": 2977.9, "amount": 0.014, "side": "buy", "timestamp": 1766188864310}, {"id": "2683691886", "price": 2977.91, "amount": 0.353, "side": "buy", "timestamp": 1766188864310}, {"id": "2683691887", "price": 2977.92, "amount": 0.023, "side": "buy", "timestamp": 1766188864310}, {"id": "2683691888", "price": 2977.93, "amount": 1.704, "side": "buy", "timestamp": 1766188864310}, {"id": "2683691889", "price": 2977.94, "amount": 1.472, "side": "buy", "timestamp": 1766188864311}, {"id": "2683691890", "price": 2977.95, "amount": 0.376, "side": "buy", "timestamp": 1766188864311}, {"id": "2683691891", "price": 2977.96, "amount": 0.021, "side": "buy", "timestamp": 1766188864311}, {"id": "2683691892", "price": 2977.97, "amount": 0.026, "side": "buy", "timestamp": 1766188864311}, {"id": "2683691893", "price": 2977.98, "amount": 0.023, "side": "buy", "timestamp": 1766188864311}, {"id": "2683691894", "price": 2977.99, "amount": 0.009, "side": "buy", "timestamp": 1766188864311}, {"id": "2683691895", "price": 2978.0, "amount": 16.906, "side": "buy", "timestamp": 1766188864311}, {"id": "2683691896", "price": 2978.01, "amount": 0.031, "side": "buy", "timestamp": 1766188864314}, {"id": "2683691897", "price": 2978.02, "amount": 0.023, "side": "buy", "timestamp": 1766188864314}, {"id": "2683691898", "price": 2978.03, "amount": 0.031, "side": "buy", "timestamp": 1766188864314}, {"id": "2683691899", "price": 2978.04, "amount": 3.988, "side": "buy", "timestamp": 1766188864314}, {"id": "2683691900", "price": 2978.05, "amount": 0.022, "side": "buy", "timestamp": 1766188864321}, {"id": "2683691901", "price": 2978.06, "amount": 0.232, "side": "buy", "timestamp": 1766188864321}, {"id": "2683691902", "price": 2978.07, "amount": 0.453, "side": "buy", "timestamp": 1766188864321}, {"id": "2683691903", "price": 2978.08, "amount": 2.565, "side": "buy", "timestamp": 1766188864341}, {"id": "2683691904", "price": 2978.09, "amount": 0.094, "side": "buy", "timestamp": 1766188864341}, {"id": "2683691905", "price": 2978.1, "amount": 1.744, "side": "buy", "timestamp": 1766188864350}, {"id": "2683691906", "price": 2978.1, "amount": 0.2, "side": "buy", "timestamp": 1766188864481}, {"id": "2683691907", "price": 2978.1, "amount": 0.298, "side": "buy", "timestamp": 1766188864767}, {"id": "2683691908", "price": 2978.09, "amount": 3.674, "side": "sell", "timestamp": 1766188864812}, {"id": "2683691909", "price": 2978.08, "amount": 0.014, "side": "sell", "timestamp": 1766188864812}, {"id": "2683691910", "price": 2978.07, "amount": 0.312, "side": "sell", "timestamp": 1766188864812}, {"id": "2683691911", "price": 2978.08, "amount": 0.074, "side": "buy", "timestamp": 1766188865077}, {"id": "2683691912", "price": 2978.07, "amount": 0.06, "side": "sell", "timestamp": 1766188865079}, {"id": "2683691913", "price": 2978.08, "amount": 0.168, "side": "buy", "timestamp": 1766188865216}, {"id": "2683691914", "price": 2978.07, "amount": 0.08, "side": "sell", "timestamp": 1766188865553}, {"id": "2683691915", "price": 2978.08, "amount": 0.007, "side": "buy", "timestamp": 1766188865667}, {"id": "2683691916", "price": 2978.08, "amount": 0.01, "side": "buy", "timestamp": 1766188865953}, {"id": "2683691917", "price": 2978.07, "amount": 0.304, "side": "sell", "timestamp": 1766188866197}, {"id": "2683691918", "price": 2978.08, "amount": 0.018, "side": "buy", "timestamp": 1766188866289}, {"id": "2683691919", "price": 2978.07, "amount": 0.018, "side": "sell", "timestamp": 1766188866303}, {"id": "2683691920", "price": 2978.08, "amount": 0.315, "side": "buy", "timestamp": 1766188866642}, {"id": "2683691921", "price": 2978.07, "amount": 0.023, "side": "sell", "timestamp": 1766188866809}, {"id": "2683691922", "price": 2978.07, "amount": 0.007, "side": "sell", "timestamp": 1766188867134}, {"id": "2683691923", "price": 2978.08, "amount": 0.237, "side": "buy", "timestamp": 1766188867156}, {"id": "2683692832", "price": 2977.29, "amount": 0.023, "side": "sell", "timestamp": 1766188930644}, {"id": "2683692833", "price": 2977.28, "amount": 0.029, "side": "sell", "timestamp": 1766188930646}, {"id": "2683692834", "price": 2977.27, "amount": 0.054, "side": "sell", "timestamp": 1766188930646}, {"id": "2683692835", "price": 2977.26, "amount": 0.911, "side": "sell", "timestamp": 1766188930646}, {"id": "2683692836", "price": 2977.25, "amount": 0.022, "side": "sell", "timestamp": 1766188930650}, {"id": "2683692837", "price": 2977.24, "amount": 6.904, "side": "sell", "timestamp": 1766188930650}, {"id": "2683692838", "price": 2977.24, "amount": 6.814, "side": "sell", "timestamp": 1766188930826}, {"id": "2683692839", "price": 2977.25, "amount": 0.01, "side": "buy", "timestamp": 1766188930938}, {"id": "2683692840", "price": 2977.24, "amount": 0.534, "side": "sell", "timestamp": 1766188931675}, {"id": "2683692841", "price": 2977.24, "amount": 0.571, "side": "sell", "timestamp": 1766188932155}, {"id": "2683692842", "price": 2977.24, "amount": 0.533, "side": "sell", "timestamp": 1766188932660}, {"id": "2683692843", "price": 2977.25, "amount": 0.01, "side": "buy", "timestamp": 1766188932854}, {"id": "2683692844", "price": 2977.24, "amount": 0.011, "side": "sell", "timestamp": 1766188932994}, {"id": "2683692845", "price": 2977.25, "amount": 66.368, "side": "buy", "timestamp": 1766188933047}, {"id": "2683692846", "price": 2977.26, "amount": 0.014, "side": "buy", "timestamp": 1766188933056}, {"id": "2683692847", "price": 2977.28, "amount": 0.336, "side": "buy", "timestamp": 1766188933056}, {"id": "2683692848", "price": 2977.29, "amount": 0.696, "side": "buy", "timestamp": 1766188933056}, {"id": "2683692849", "price": 2977.3, "amount": 1.031, "side": "buy", "timestamp": 1766188933058}, {"id": "2683692850", "price": 2977.31, "amount": 0.336, "side": "buy", "timestamp": 1766188933058}, {"id": "2683692851", "price": 2977.32, "amount": 1.039, "side": "buy", "timestamp": 1766188933058}, {"id": "2683692852", "price": 2977.33, "amount": 0.345, "side": "buy", "timestamp": 1766188933058}, {"id": "2683692853", "price": 2977.34, "amount": 0.453, "side": "buy", "timestamp": 1766188933058}, {"id": "2683692854", "price": 2977.36, "amount": 0.093, "side": "buy", "timestamp": 1766188933058}, {"id": "2683692855", "price": 2977.37, "amount": 0.039, "side": "buy", "timestamp": 1766188933058}, {"id": "2683692856", "price": 2977.38, "amount": 0.333, "side": "buy", "timestamp": 1766188933058}, {"id": "2683692857", "price": 2977.39, "amount": 0.191, "side": "buy", "timestamp": 1766188933058}, {"id": "2683692858", "price": 2977.4, "amount": 0.023, "side": "buy", "timestamp": 1766188933058}, {"id": "2683692859", "price": 2977.41, "amount": 2.09, "side": "buy", "timestamp": 1766188933058}, {"id": "2683692860", "price": 2977.42, "amount": 10.545, "side": "buy", "timestamp": 1766188933058}, {"id": "2683692861", "price": 2977.43, "amount": 0.85, "side": "buy", "timestamp": 1766188933058}, {"id": "2683692862", "price": 2977.44, "amount": 0.365, "side": "buy", "timestamp": 1766188933058}, {"id": "2683692863", "price": 2977.45, "amount": 0.071, "side": "buy", "timestamp": 1766188933058}, {"id": "2683692864", "price": 2977.46, "amount": 0.796, "side": "buy", "timestamp": 1766188933058}, {"id": "2683692865", "price": 2977.45, "amount": 14.789, "side": "sell", "timestamp": 1766188933146}, {"id": "2683692866", "price": 2977.44, "amount": 0.131, "side": "sell", "timestamp": 1766188933169}, {"id": "2683692867", "price": 2977.43, "amount": 2.258, "side": "sell", "timestamp": 1766188933169}, {"id": "2683692868", "price": 2977.42, "amount": 0.17, "side": "sell", "timestamp": 1766188933175}, {"id": "2683692869", "price": 2977.41, "amount": 0.007, "side": "sell", "timestamp": 1766188933189}, {"id": "2683692870", "price": 2977.4, "amount": 0.023, "side": "sell", "timestamp": 1766188933189}, {"id": "2683692871", "price": 2977.39, "amount": 0.017, "side": "sell", "timestamp": 1766188933189}, {"id": "2683692872", "price": 2977.38, "amount": 0.037, "side": "sell", "timestamp": 1766188933189}, {"id": "2683692873", "price": 2977.37, "amount": 0.009, "side": "sell", "timestamp": 1766188933189}, {"id": "2683692874", "price": 2977.36, "amount": 0.008, "side": "sell", "timestamp": 1766188933189}, {"id": "2683692875", "price": 2977.35, "amount": 0.009, "side": "sell", "timestamp": 1766188933189}, {"id": "2683692876", "price": 2977.35, "amount": 0.021, "side": "buy", "timestamp": 1766188933198}, {"id": "2683692877", "price": 2977.34, "amount": 0.02, "side": "sell", "timestamp": 1766188933354}, {"id": "2683692878", "price": 2977.35, "amount": 0.671, "side": "buy", "timestamp": 1766188933567}, {"id": "2683692879", "price": 2977.34, "amount": 0.533, "side": "sell", "timestamp": 1766188933665}, {"id": "2683692880", "price": 2977.34, "amount": 6.268, "side": "sell", "timestamp": 1766188934388}, {"id": "2683692881", "price": 2977.33, "amount": 0.015, "side": "sell", "timestamp": 1766188934388}, {"id": "2683696141", "price": 2974.23, "amount": 1.455, "side": "buy", "timestamp": 1766188988491}, {"id": "2683696142", "price": 2974.24, "amount": 0.174, "side": "buy", "timestamp": 1766188988491}, {"id": "2683696143", "price": 2974.25, "amount": 0.009, "side": "buy", "timestamp": 1766188988491}, {"id": "2683696144", "price": 2974.26, "amount": 0.057, "side": "buy", "timestamp": 1766188988491}, {"id": "2683696145", "price": 2974.27, "amount": 0.017, "side": "buy", "timestamp": 1766188988491}, {"id": "2683696146", "price": 2974.28, "amount": 0.009, "side": "buy", "timestamp": 1766188988491}, {"id": "2683696147", "price": 2974.29, "amount": 0.04, "side": "buy", "timestamp": 1766188988491}, {"id": "2683696148", "price": 2974.3, "amount": 0.031, "side": "buy", "timestamp": 1766188988491}, {"id": "2683696149", "price": 2974.31, "amount": 0.009, "side": "buy", "timestamp": 1766188988491}, {"id": "2683696150", "price": 2974.32, "amount": 0.032, "side": "buy", "timestamp": 1766188988491}, {"id": "2683696151", "price": 2974.33, "amount": 0.016, "side": "buy", "timestamp": 1766188988491}, {"id": "2683696152", "price": 2974.34, "amount": 0.032, "side": "buy", "timestamp": 1766188988491}, {"id": "2683696153", "price": 2974.35, "amount": 0.021, "side": "buy", "timestamp": 1766188988492}, {"id": "2683696154", "price": 2974.35, "amount": 0.032, "side": "sell", "timestamp": 1766188988581}, {"id": "2683696155", "price": 2974.35, "amount": 0.501, "side": "sell", "timestamp": 1766188988735}, {"id": "2683696156", "price": 2974.36, "amount": 1.59, "side": "buy", "timestamp": 1766188988768}, {"id": "2683696157", "price": 2974.35, "amount": 0.08, "side": "sell", "timestamp": 1766188988945}, {"id": "2683696158", "price": 2974.36, "amount": 0.112, "side": "buy", "timestamp": 1766188989041}, {"id": "2683696159", "price": 2974.35, "amount": 12.0, "side": "sell", "timestamp": 1766188989122}, {"id": "2683696160", "price": 2974.36, "amount": 0.178, "side": "buy", "timestamp": 1766188989158}, {"id": "2683696161", "price": 2974.35, "amount": 0.438, "side": "sell", "timestamp": 1766188989220}, {"id": "2683696162", "price": 2974.36, "amount": 2.672, "side": "buy", "timestamp": 1766188989296}, {"id": "2683696163", "price": 2974.35, "amount": 0.1, "side": "sell", "timestamp": 1766188989340}, {"id": "2683696164", "price": 2974.36, "amount": 20.883, "side": "buy", "timestamp": 1766188989347}, {"id": "2683696165", "price": 2974.37, "amount": 0.007, "side": "buy", "timestamp": 1766188989347}, {"id": "2683696166", "price": 2974.38, "amount": 0.007, "side": "buy", "timestamp": 1766188989347}, {"id": "2683696167", "price": 2974.39, "amount": 0.04, "side": "buy", "timestamp": 1766188989347}, {"id": "2683696168", "price": 2974.4, "amount": 0.017, "side": "buy", "timestamp": 1766188989347}, {"id": "2683696169", "price": 2974.41, "amount": 0.022, "side": "buy", "timestamp": 1766188989347}, {"id": "2683696170", "price": 2974.42, "amount": 0.026, "side": "buy", "timestamp": 1766188989347}, {"id": "2683696171", "price": 2974.43, "amount": 0.014, "side": "buy", "timestamp": 1766188989347}, {"id": "2683696172", "price": 2974.44, "amount": 0.092, "side": "buy", "timestamp": 1766188989347}, {"id": "2683696173", "price": 2974.45, "amount": 8.485, "side": "buy", "timestamp": 1766188989347}, {"id": "2683696174", "price": 2974.44, "amount": 3.853, "side": "sell", "timestamp": 1766188989436}, {"id": "2683696175", "price": 2974.45, "amount": 2.972, "side": "buy", "timestamp": 1766188989760}, {"id": "2683696176", "price": 2974.45, "amount": 2.215, "side": "buy", "timestamp": 1766188989893}, {"id": "2683696177", "price": 2974.44, "amount": 1.634, "side": "sell", "timestamp": 1766188990310}, {"id": "2683696178", "price": 2974.45, "amount": 0.05, "side": "buy", "timestamp": 1766188990415}, {"id": "2683696179", "price": 2974.45, "amount": 2.0, "side": "buy", "timestamp": 1766188990706}, {"id": "2683696180", "price": 2974.45, "amount": 2.345, "side": "buy", "timestamp": 1766188991039}, {"id": "2683696181", "price": 2974.44, "amount": 0.021, "side": "sell", "timestamp": 1766188991337}, {"id": "2683696182", "price": 2974.45, "amount": 2.66, "side": "buy", "timestamp": 1766188991486}, {"id": "2683696183", "price": 2974.44, "amount": 0.013, "side": "sell", "timestamp": 1766188991734}, {"id": "2683696184", "price": 2974.44, "amount": 0.025, "side": "sell", "timestamp": 1766188992166}, {"id": "2683696185", "price": 2974.45, "amount": 0.261, "side": "buy", "timestamp": 1766188992268}, {"id": "2683696186", "price": 2974.44, "amount": 0.007, "side": "sell", "timestamp": 1766188992645}, {"id": "2683696187", "price": 2974.44, "amount": 1.774, "side": "sell", "timestamp": 1766188992806}, {"id": "2683696188", "price": 2974.44, "amount": 0.127, "side": "sell", "timestamp": 1766188992959}, {"id": "2683696189", "price": 2974.45, "amount": 1.152, "side": "buy", "timestamp": 1766188993017}, {"id": "2683696190", "price": 2974.45, "amount": 2.013, "side": "buy", "timestamp": 1766188993364}, {"id": "2683696483", "price": 2975.19, "amount": 0.023, "side": "buy", "timestamp": 1766189040122}, {"id": "2683696484", "price": 2975.2, "amount": 0.386, "side": "buy", "timestamp": 1766189040122}, {"id": "2683696485", "price": 2975.21, "amount": 0.139, "side": "buy", "timestamp": 1766189040126}, {"id": "2683696486", "price": 2975.2, "amount": 0.55, "side": "sell", "timestamp": 1766189040462}, {"id": "2683696487", "price": 2975.2, "amount": 0.016, "side": "sell", "timestamp": 1766189040700}, {"id": "2683696488", "price": 2975.21, "amount": 0.117, "side": "buy", "timestamp": 1766189040752}, {"id": "2683696489", "price": 2975.2, "amount": 0.017, "side": "sell", "timestamp": 1766189040798}, {"id": "2683696490", "price": 2975.21, "amount": 6.127, "side": "buy", "timestamp": 1766189040835}, {"id": "2683696491", "price": 2975.22, "amount": 0.152, "side": "buy", "timestamp": 1766189040879}, {"id": "2683696492", "price": 2975.23, "amount": 0.03, "side": "buy", "timestamp": 1766189040884}, {"id": "2683696493", "price": 2975.24, "amount": 1.0, "side": "buy", "timestamp": 1766189040884}, {"id": "2683696494", "price": 2975.25, "amount": 1.573, "side": "buy", "timestamp": 1766189040884}, {"id": "2683696495", "price": 2975.26, "amount": 0.028, "side": "buy", "timestamp": 1766189040892}, {"id": "2683696496", "price": 2975.27, "amount": 0.014, "side": "buy", "timestamp": 1766189040892}, {"id": "2683696497", "price": 2975.28, "amount": 0.03, "side": "buy", "timestamp": 1766189040892}, {"id": "2683696498", "price": 2975.29, "amount": 0.025, "side": "buy", "timestamp": 1766189040892}, {"id": "2683696499", "price": 2975.3, "amount": 0.031, "side": "buy", "timestamp": 1766189040892}, {"id": "2683696500", "price": 2975.31, "amount": 0.028, "side": "buy", "timestamp": 1766189040892}, {"id": "2683696501", "price": 2975.32, "amount": 0.012, "side": "buy", "timestamp": 1766189040892}, {"id": "2683696502", "price": 2975.33, "amount": 0.014, "side": "buy", "timestamp": 1766189040894}, {"id": "2683696503", "price": 2975.34, "amount": 0.346, "side": "buy", "timestamp": 1766189040904}, {"id": "2683696504", "price": 2975.33, "amount": 10.37, "side": "sell", "timestamp": 1766189040941}, {"id": "2683696505", "price": 2975.33, "amount": 0.017, "side": "sell", "timestamp": 1766189041055}, {"id": "2683696506", "price": 2975.34, "amount": 0.056, "side": "buy", "timestamp": 1766189041194}, {"id": "2683696507", "price": 2975.33, "amount": 0.013, "side": "sell", "timestamp": 1766189041198}, {"id": "2683696508", "price": 2975.34, "amount": 0.066, "side": "buy", "timestamp": 1766189041375}, {"id": "2683696509", "price": 2975.34, "amount": 0.026, "side": "buy", "timestamp": 1766189041515}, {"id": "2683696510", "price": 2975.34, "amount": 11.033, "side": "buy", "timestamp": 1766189041618}, {"id": "2683696511", "price": 2975.34, "amount": 0.029, "side": "buy", "timestamp": 1766189041755}, {"id": "2683696512", "price": 2975.34, "amount": 0.045, "side": "buy", "timestamp": 1766189041930}, {"id": "2683696513", "price": 2975.34, "amount": 0.367, "side": "buy", "timestamp": 1766189042252}, {"id": "2683696514", "price": 2975.34, "amount": 6.414, "side": "buy", "timestamp": 1766189042377}, {"id": "2683696515", "price": 2975.35, "amount": 0.307, "side": "buy", "timestamp": 1766189042377}, {"id": "2683696516", "price": 2975.35, "amount": 0.228, "side": "buy", "timestamp": 1766189042593}, {"id": "2683696517", "price": 2975.35, "amount": 1.0, "side": "buy", "timestamp": 1766189042705}, {"id": "2683696518", "price": 2975.34, "amount": 0.102, "side": "sell", "timestamp": 1766189043369}, {"id": "2683696519", "price": 2975.34, "amount": 2.792, "side": "sell", "timestamp": 1766189043536}, {"id": "2683696520", "price": 2975.35, "amount": 0.007, "side": "buy", "timestamp": 1766189043783}, {"id": "2683696521", "price": 2975.35, "amount": 0.049, "side": "buy", "timestamp": 1766189043986}, {"id": "2683696522", "price": 2975.34, "amount": 0.022, "side": "sell", "timestamp": 1766189044102}, {"id": "2683696523", "price": 2975.35, "amount": 0.021, "side": "buy", "timestamp": 1766189044180}, {"id": "2683696524", "price": 2975.34, "amount": 7.781, "side": "sell", "timestamp": 1766189044195}, {"id": "2683696525", "price": 2975.35, "amount": 0.013, "side": "buy", "timestamp": 1766189044388}, {"id": "2683696526", "price": 2975.34, "amount": 2.806, "side": "sell", "timestamp": 1766189044582}, {"id": "2683696527", "price": 2975.35, "amount": 0.669, "side": "buy", "timestamp": 1766189044595}, {"id": "2683696528", "price": 2975.35, "amount": 0.237, "side": "buy", "timestamp": 1766189044864}, {"id": "2683696529", "price": 2975.34, "amount": 4.86, "side": "sell", "timestamp": 1766189045029}, {"id": "2683696530", "price": 2975.35, "amount": 0.046, "side": "buy", "timestamp": 1766189045492}, {"id": "2683696531", "price": 2975.35, "amount": 3.314, "side": "buy", "timestamp": 1766189045918}, {"id": "2683696532", "price": 2975.36, "amount": 0.015, "side": "buy", "timestamp": 1766189045929}, {"id": "2683696915", "price": 2974.79, "amount": 0.012, "side": "buy", "timestamp": 1766189102164}, {"id": "2683696916", "price": 2974.78, "amount": 0.203, "side": "sell", "timestamp": 1766189102165}, {"id": "2683696917", "price": 2974.78, "amount": 0.028, "side": "sell", "timestamp": 1766189102316}, {"id": "2683696918", "price": 2974.78, "amount": 2.0, "side": "sell", "timestamp": 1766189102496}, {"id": "2683696919", "price": 2974.79, "amount": 0.088, "side": "buy", "timestamp": 1766189102510}, {"id": "2683696920", "price": 2974.79, "amount": 0.117, "side": "buy", "timestamp": 1766189102755}, {"id": "2683696921", "price": 2974.79, "amount": 0.727, "side": "buy", "timestamp": 1766189103026}, {"id": "2683696922", "price": 2974.79, "amount": 0.728, "side": "buy", "timestamp": 1766189103193}, {"id": "2683696923", "price": 2974.79, "amount": 0.212, "side": "buy", "timestamp": 1766189103321}, {"id": "2683696924", "price": 2974.79, "amount": 0.058, "side": "buy", "timestamp": 1766189103487}, {"id": "2683696925", "price": 2974.79, "amount": 0.1, "side": "buy", "timestamp": 1766189103610}, {"id": "2683696926", "price": 2974.79, "amount": 30.117, "side": "buy", "timestamp": 1766189103722}, {"id": "2683696927", "price": 2974.79, "amount": 0.012, "side": "buy", "timestamp": 1766189104263}, {"id": "2683696928", "price": 2974.79, "amount": 0.021, "side": "buy", "timestamp": 1766189104386}, {"id": "2683696929", "price": 2974.78, "amount": 0.013, "side": "sell", "timestamp": 1766189104554}, {"id": "2683696930", "price": 2974.79, "amount": 1.704, "side": "buy", "timestamp": 1766189104588}, {"id": "2683696931", "price": 2974.79, "amount": 0.109, "side": "buy", "timestamp": 1766189104826}, {"id": "2683696932", "price": 2974.79, "amount": 0.015, "side": "buy", "timestamp": 1766189105401}, {"id": "2683696933", "price": 2974.79, "amount": 0.602, "side": "buy", "timestamp": 1766189105518}, {"id": "2683696934", "price": 2974.78, "amount": 0.015, "side": "sell", "timestamp": 1766189105537}, {"id": "2683696935", "price": 2974.78, "amount": 0.008, "side": "sell", "timestamp": 1766189105684}, {"id": "2683696936", "price": 2974.79, "amount": 9.551, "side": "buy", "timestamp": 1766189105724}, {"id": "2683696937", "price": 2974.78, "amount": 0.222, "side": "sell", "timestamp": 1766189105819}, {"id": "2683696938", "price": 2974.79, "amount": 61.27, "side": "buy", "timestamp": 1766189105890}, {"id": "2683696939", "price": 2974.8, "amount": 0.05, "side": "buy", "timestamp": 1766189105890}, {"id": "2683696940", "price": 2974.81, "amount": 0.591, "side": "buy", "timestamp": 1766189105890}, {"id": "2683696941", "price": 2974.83, "amount": 1.338, "side": "buy", "timestamp": 1766189105890}, {"id": "2683696942", "price": 2974.84, "amount": 2.713, "side": "buy", "timestamp": 1766189105890}, {"id": "2683696943", "price": 2974.85, "amount": 1.65, "side": "buy", "timestamp": 1766189105890}, {"id": "2683696944", "price": 2974.84, "amount": 21.005, "side": "sell", "timestamp": 1766189106314}, {"id": "2683696945", "price": 2974.84, "amount": 0.027, "side": "sell", "timestamp": 1766189106519}, {"id": "2683696946", "price": 2974.84, "amount": 0.016, "side": "sell", "timestamp": 1766189106695}, {"id": "2683696947", "price": 2974.84, "amount": 0.041, "side": "sell", "timestamp": 1766189106935}, {"id": "2683696948", "price": 2974.85, "amount": 0.082, "side": "buy", "timestamp": 1766189106941}, {"id": "2683696949", "price": 2974.85, "amount": 0.055, "side": "buy", "timestamp": 1766189107049}, {"id": "2683696950", "price": 2974.85, "amount": 0.035, "side": "buy", "timestamp": 1766189107408}, {"id": "2683696951", "price": 2974.85, "amount": 0.031, "side": "buy", "timestamp": 1766189107558}, {"id": "2683696952", "price": 2974.85, "amount": 3.486, "side": "buy", "timestamp": 1766189107859}, {"id": "2683696953", "price": 2974.85, "amount": 0.17, "side": "buy", "timestamp": 1766189108007}, {"id": "2683696954", "price": 2974.84, "amount": 0.213, "side": "sell", "timestamp": 1766189108030}, {"id": "2683696955", "price": 2974.85, "amount": 0.2, "side": "buy", "timestamp": 1766189108243}, {"id": "2683696956", "price": 2974.85, "amount": 2.0, "side": "buy", "timestamp": 1766189108560}, {"id": "2683696957", "price": 2974.84, "amount": 7.278, "side": "sell", "timestamp": 1766189109019}, {"id": "2683696958", "price": 2974.85, "amount": 3.908, "side": "buy", "timestamp": 1766189109038}, {"id": "2683696959", "price": 2974.85, "amount": 0.594, "side": "buy", "timestamp": 1766189109343}, {"id": "2683696960", "price": 2974.85, "amount": 0.159, "side": "buy", "timestamp": 1766189109463}, {"id": "2683696961", "price": 2974.85, "amount": 0.1, "side": "buy", "timestamp": 1766189110463}, {"id": "2683696962", "price": 2974.84, "amount": 0.168, "side": "sell", "timestamp": 1766189110499}, {"id": "2683696963", "price": 2974.84, "amount": 0.125, "side": "sell", "timestamp": 1766189110787}, {"id": "2683696964", "price": 2974.85, "amount": 16.001, "side": "buy", "timestamp": 1766189110910}, {"id": "2683697283", "price": 2974.54, "amount": 9.943, "side": "sell", "timestamp": 1766189159148}, {"id": "2683697284", "price": 2974.53, "amount": 0.007, "side": "sell", "timestamp": 1766189159169}, {"id": "2683697285", "price": 2974.52, "amount": 1.69, "side": "sell", "timestamp": 1766189159170}, {"id": "2683697286", "price": 2974.51, "amount": 0.947, "side": "sell", "timestamp": 1766189159170}, {"id": "2683697287", "price": 2974.5, "amount": 0.04, "side": "sell", "timestamp": 1766189159268}, {"id": "2683697288", "price": 2974.51, "amount": 0.023, "side": "buy", "timestamp": 1766189159347}, {"id": "2683697289", "price": 2974.5, "amount": 0.237, "side": "sell", "timestamp": 1766189159375}, {"id": "2683697290", "price": 2974.51, "amount": 0.264, "side": "buy", "timestamp": 1766189159500}, {"id": "2683697291", "price": 2974.5, "amount": 0.004, "side": "sell", "timestamp": 1766189159663}, {"id": "2683697292", "price": 2974.51, "amount": 3.908, "side": "buy", "timestamp": 1766189159710}, {"id": "2683697293", "price": 2974.5, "amount": 6.867, "side": "sell", "timestamp": 1766189160033}, {"id": "2683697294", "price": 2974.49, "amount": 0.031, "side": "sell", "timestamp": 1766189160034}, {"id": "2683697295", "price": 2974.48, "amount": 1.517, "side": "sell", "timestamp": 1766189160034}, {"id": "2683697296", "price": 2974.46, "amount": 0.026, "side": "sell", "timestamp": 1766189160034}, {"id": "2683697297", "price": 2974.45, "amount": 0.009, "side": "sell", "timestamp": 1766189160034}, {"id": "2683697298", "price": 2974.44, "amount": 0.024, "side": "sell", "timestamp": 1766189160034}, {"id": "2683697299", "price": 2974.43, "amount": 0.034, "side": "sell", "timestamp": 1766189160034}, {"id": "2683697300", "price": 2974.42, "amount": 0.032, "side": "sell", "timestamp": 1766189160034}, {"id": "2683697301", "price": 2974.41, "amount": 0.022, "side": "sell", "timestamp": 1766189160035}, {"id": "2683697302", "price": 2974.4, "amount": 0.166, "side": "sell", "timestamp": 1766189160035}, {"id": "2683697303", "price": 2974.39, "amount": 0.493, "side": "sell", "timestamp": 1766189160035}, {"id": "2683697304", "price": 2974.38, "amount": 3.928, "side": "sell", "timestamp": 1766189160035}, {"id": "2683697305", "price": 2974.37, "amount": 7.304, "side": "sell", "timestamp": 1766189160035}, {"id": "2683697306", "price": 2974.36, "amount": 0.089, "side": "sell", "timestamp": 1766189160043}, {"id": "2683697307", "price": 2974.35, "amount": 0.015, "side": "sell", "timestamp": 1766189160043}, {"id": "2683697308", "price": 2974.34, "amount": 1.69, "side": "sell", "timestamp": 1766189160043}, {"id": "2683697309", "price": 2974.33, "amount": 0.018, "side": "sell", "timestamp": 1766189160044}, {"id": "2683697310", "price": 2974.32, "amount": 0.03, "side": "sell", "timestamp": 1766189160044}, {"id": "2683697311", "price": 2974.31, "amount": 0.061, "side": "sell", "timestamp": 1766189160055}, {"id": "2683697312", "price": 2974.3, "amount": 0.099, "side": "sell", "timestamp": 1766189160055}, {"id": "2683697313", "price": 2974.29, "amount": 0.009, "side": "sell", "timestamp": 1766189160055}, {"id": "2683697314", "price": 2974.28, "amount": 0.039, "side": "sell", "timestamp": 1766189160055}, {"id": "2683697315", "price": 2974.28, "amount": 0.066, "side": "buy", "timestamp": 1766189160097}, {"id": "2683697316", "price": 2974.28, "amount": 0.045, "side": "buy", "timestamp": 1766189160568}, {"id": "2683697317", "price": 2974.28, "amount": 1.58, "side": "buy", "timestamp": 1766189160670}, {"id": "2683697318", "price": 2974.28, "amount": 10.339, "side": "buy", "timestamp": 1766189160777}, {"id": "2683697319", "price": 2974.27, "amount": 0.015, "side": "sell", "timestamp": 1766189161262}, {"id": "2683697320", "price": 2974.28, "amount": 0.123, "side": "buy", "timestamp": 1766189161269}, {"id": "2683697321", "price": 2974.28, "amount": 0.11, "side": "buy", "timestamp": 1766189161393}, {"id": "2683697322", "price": 2974.28, "amount": 0.039, "side": "buy", "timestamp": 1766189161632}, {"id": "2683697323", "price": 2974.28, "amount": 0.058, "side": "buy", "timestamp": 1766189161757}, {"id": "2683697324", "price": 2974.28, "amount": 0.105, "side": "buy", "timestamp": 1766189161947}, {"id": "2683697325", "price": 2974.27, "amount": 1.423, "side": "sell", "timestamp": 1766189161994}, {"id": "2683697326", "price": 2974.28, "amount": 0.018, "side": "buy", "timestamp": 1766189162298}, {"id": "2683697327", "price": 2974.27, "amount": 0.007, "side": "sell", "timestamp": 1766189162423}, {"id": "2683697328", "price": 2974.28, "amount": 0.01, "side": "buy", "timestamp": 1766189162763}, {"id": "2683697329", "price": 2974.27, "amount": 0.312, "side": "sell", "timestamp": 1766189162932}, {"id": "2683697330", "price": 2974.28, "amount": 1.393, "side": "buy", "timestamp": 1766189163152}, {"id": "2683697331", "price": 2974.27, "amount": 0.013, "side": "sell", "timestamp": 1766189164076}, {"id": "2683697332", "price": 2974.27, "amount": 0.52, "side": "sell", "timestamp": 1766189164371}, {"id": "2683697827", "price": 2972.75, "amount": 0.007, "side": "sell", "timestamp": 1766189212593}, {"id": "2683697828", "price": 2972.74, "amount": 0.017, "side": "sell", "timestamp": 1766189212593}, {"id": "2683697829", "price": 2972.73, "amount": 0.009, "side": "sell", "timestamp": 1766189212593}, {"id": "2683697830", "price": 2972.72, "amount": 0.007, "side": "sell", "timestamp": 1766189212593}, {"id": "2683697831", "price": 2972.71, "amount": 0.091, "side": "sell", "timestamp": 1766189212593}, {"id": "2683697832", "price": 2972.7, "amount": 0.024, "side": "sell", "timestamp": 1766189212593}, {"id": "2683697833", "price": 2972.69, "amount": 0.021, "side": "sell", "timestamp": 1766189212593}, {"id": "2683697834", "price": 2972.68, "amount": 0.009, "side": "sell", "timestamp": 1766189212593}, {"id": "2683697835", "price": 2972.67, "amount": 0.009, "side": "sell", "timestamp": 1766189212593}, {"id": "2683697836", "price": 2972.66, "amount": 0.023, "side": "sell", "timestamp": 1766189212593}, {"id": "2683697837", "price": 2972.65, "amount": 1.691, "side": "sell", "timestamp": 1766189212593}, {"id": "2683697838", "price": 2972.64, "amount": 0.032, "side": "sell", "timestamp": 1766189212593}, {"id": "2683697839", "price": 2972.63, "amount": 1.9, "side": "sell", "timestamp": 1766189212593}, {"id": "2683697840", "price": 2972.62, "amount": 0.049, "side": "sell", "timestamp": 1766189212593}, {"id": "2683697841", "price": 2972.61, "amount": 0.023, "side": "sell", "timestamp": 1766189212593}, {"id": "2683697842", "price": 2972.6, "amount": 0.039, "side": "sell", "timestamp": 1766189212593}, {"id": "2683697843", "price": 2972.59, "amount": 0.023, "side": "sell", "timestamp": 1766189212593}, {"id": "2683697844", "price": 2972.58, "amount": 6.874, "side": "sell", "timestamp": 1766189212593}, {"id": "2683697845", "price": 2972.59, "amount": 0.328, "side": "sell", "timestamp": 1766189212596}, {"id": "2683697846", "price": 2972.6, "amount": 9.363, "side": "buy", "timestamp": 1766189212600}, {"id": "2683697847", "price": 2972.59, "amount": 0.01, "side": "sell", "timestamp": 1766189212650}, {"id": "2683697848", "price": 2972.6, "amount": 13.905, "side": "buy", "timestamp": 1766189212652}, {"id": "2683697849", "price": 2972.61, "amount": 0.029, "side": "buy", "timestamp": 1766189212655}, {"id": "2683697850", "price": 2972.62, "amount": 0.091, "side": "buy", "timestamp": 1766189212655}, {"id": "2683697851", "price": 2972.63, "amount": 0.067, "side": "buy", "timestamp": 1766189212655}, {"id": "2683697852", "price": 2972.64, "amount": 0.009, "side": "buy", "timestamp": 1766189212655}, {"id": "2683697853", "price": 2972.65, "amount": 0.017, "side": "buy", "timestamp": 1766189212655}, {"id": "2683697854", "price": 2972.67, "amount": 0.023, "side": "buy", "timestamp": 1766189212655}, {"id": "2683697855", "price": 2972.68, "amount": 0.009, "side": "buy", "timestamp": 1766189212655}, {"id": "2683697856", "price": 2972.69, "amount": 0.014, "side": "buy", "timestamp": 1766189212655}, {"id": "2683697857", "price": 2972.7, "amount": 0.212, "side": "buy", "timestamp": 1766189212655}, {"id": "2683697858", "price": 2972.69, "amount": 0.132, "side": "sell", "timestamp": 1766189212950}, {"id": "2683697859", "price": 2972.7, "amount": 1.009, "side": "buy", "timestamp": 1766189213034}, {"id": "2683697860", "price": 2972.7, "amount": 0.064, "side": "buy", "timestamp": 1766189213149}, {"id": "2683697861", "price": 2972.69, "amount": 0.028, "side": "sell", "timestamp": 1766189213411}, {"id": "2683697862", "price": 2972.69, "amount": 0.008, "side": "sell", "timestamp": 1766189213809}, {"id": "2683697863", "price": 2972.69, "amount": 0.009, "side": "sell", "timestamp": 1766189214026}, {"id": "2683697864", "price": 2972.7, "amount": 11.395, "side": "buy", "timestamp": 1766189214129}, {"id": "2683697865", "price": 2972.7, "amount": 0.226, "side": "buy", "timestamp": 1766189214477}, {"id": "2683697866", "price": 2972.69, "amount": 1.746, "side": "sell", "timestamp": 1766189214624}, {"id": "2683697867", "price": 2972.69, "amount": 0.008, "side": "sell", "timestamp": 1766189214925}, {"id": "2683697868", "price": 2972.7, "amount": 0.03, "side": "buy", "timestamp": 1766189215193}, {"id": "2683697869", "price": 2972.69, "amount": 0.017, "side": "sell", "timestamp": 1766189215879}, {"id": "2683697870", "price": 2972.7, "amount": 9.759, "side": "buy", "timestamp": 1766189215975}, {"id": "2683697871", "price": 2972.7, "amount": 0.057, "side": "buy", "timestamp": 1766189216220}, {"id": "2683697872", "price": 2972.7, "amount": 5.857, "side": "buy", "timestamp": 1766189216458}, {"id": "2683697873", "price": 2972.7, "amount": 0.018, "side": "buy", "timestamp": 1766189216647}, {"id": "2683697874", "price": 2972.69, "amount": 0.017, "side": "sell", "timestamp": 1766189216977}, {"id": "2683697875", "price": 2972.69, "amount": 0.743, "side": "sell", "timestamp": 1766189217221}, {"id": "2683697876", "price": 2972.7, "amount": 0.044, "side": "buy", "timestamp": 1766189217237}, {"id": "2683698387", "price": 2971.47, "amount": 14.271, "side": "sell", "timestamp": 1766189267080}, {"id": "2683698388", "price": 2971.46, "amount": 0.042, "side": "sell", "timestamp": 1766189267082}, {"id": "2683698389", "price": 2971.45, "amount": 0.009, "side": "sell", "timestamp": 1766189267082}, {"id": "2683698390", "price": 2971.44, "amount": 0.023, "side": "sell", "timestamp": 1766189267084}, {"id": "2683698391", "price": 2971.43, "amount": 0.017, "side": "sell", "timestamp": 1766189267084}, {"id": "2683698392", "price": 2971.42, "amount": 0.023, "side": "sell", "timestamp": 1766189267084}, {"id": "2683698393", "price": 2971.41, "amount": 0.008, "side": "sell", "timestamp": 1766189267087}, {"id": "2683698394", "price": 2971.4, "amount": 0.016, "side": "sell", "timestamp": 1766189267087}, {"id": "2683698395", "price": 2971.38, "amount": 0.009, "side": "sell", "timestamp": 1766189267087}, {"id": "2683698396", "price": 2971.37, "amount": 0.031, "side": "sell", "timestamp": 1766189267087}, {"id": "2683698397", "price": 2971.36, "amount": 0.025, "side": "sell", "timestamp": 1766189267087}, {"id": "2683698398", "price": 2971.34, "amount": 0.025, "side": "sell", "timestamp": 1766189267089}, {"id": "2683698399", "price": 2971.33, "amount": 0.017, "side": "sell", "timestamp": 1766189267089}, {"id": "2683698400", "price": 2971.31, "amount": 0.018, "side": "sell", "timestamp": 1766189267089}, {"id": "2683698401", "price": 2971.3, "amount": 0.016, "side": "sell", "timestamp": 1766189267089}, {"id": "2683698402", "price": 2971.29, "amount": 0.017, "side": "sell", "timestamp": 1766189267090}, {"id": "2683698403", "price": 2971.28, "amount": 0.023, "side": "sell", "timestamp": 1766189267090}, {"id": "2683698404", "price": 2971.27, "amount": 0.009, "side": "sell", "timestamp": 1766189267090}, {"id": "2683698405", "price": 2971.26, "amount": 0.05, "side": "sell", "timestamp": 1766189267090}, {"id": "2683698406", "price": 2971.25, "amount": 0.017, "side": "sell", "timestamp": 1766189267090}, {"id": "2683698407", "price": 2971.24, "amount": 0.023, "side": "sell", "timestamp": 1766189267090}, {"id": "2683698408", "price": 2971.23, "amount": 0.011, "side": "sell", "timestamp": 1766189267090}, {"id": "2683698409", "price": 2971.22, "amount": 0.293, "side": "sell", "timestamp": 1766189267094}, {"id": "2683698410", "price": 2971.22, "amount": 0.01, "side": "buy", "timestamp": 1766189267128}, {"id": "2683698411", "price": 2971.21, "amount": 0.25, "side": "sell", "timestamp": 1766189267151}, {"id": "2683698412", "price": 2971.22, "amount": 0.067, "side": "buy", "timestamp": 1766189267287}, {"id": "2683698413", "price": 2971.22, "amount": 9.716, "side": "buy", "timestamp": 1766189267690}, {"id": "2683698414", "price": 2971.22, "amount": 0.84, "side": "buy", "timestamp": 1766189267951}, {"id": "2683698415", "price": 2971.21, "amount": 0.374, "side": "sell", "timestamp": 1766189268091}, {"id": "2683698416", "price": 2971.22, "amount": 0.035, "side": "buy", "timestamp": 1766189268197}, {"id": "2683698417", "price": 2971.21, "amount": 16.811, "side": "sell", "timestamp": 1766189268276}, {"id": "2683698418", "price": 2971.2, "amount": 1.719, "side": "sell", "timestamp": 1766189268276}, {"id": "2683698419", "price": 2971.19, "amount": 0.009, "side": "sell", "timestamp": 1766189268276}, {"id": "2683698420", "price": 2971.18, "amount": 0.045, "side": "sell", "timestamp": 1766189268276}, {"id": "2683698421", "price": 2971.17, "amount": 0.022, "side": "sell", "timestamp": 1766189268276}, {"id": "2683698422", "price": 2971.16, "amount": 0.036, "side": "sell", "timestamp": 1766189268276}, {"id": "2683698423", "price": 2971.15, "amount": 0.915, "side": "sell", "timestamp": 1766189268276}, {"id": "2683698424", "price": 2971.14, "amount": 0.82, "side": "sell", "timestamp": 1766189268276}, {"id": "2683698425", "price": 2971.13, "amount": 0.007, "side": "sell", "timestamp": 1766189268285}, {"id": "2683698426", "price": 2971.12, "amount": 0.008, "side": "sell", "timestamp": 1766189268285}, {"id": "2683698427", "price": 2971.11, "amount": 0.383, "side": "sell", "timestamp": 1766189268285}, {"id": "2683698428", "price": 2971.11, "amount": 0.144, "side": "buy", "timestamp": 1766189268345}, {"id": "2683698429", "price": 2971.1, "amount": 0.059, "side": "sell", "timestamp": 1766189268395}, {"id": "2683698430", "price": 2971.11, "amount": 0.023, "side": "buy", "timestamp": 1766189268831}, {"id": "2683698431", "price": 2971.1, "amount": 4.458, "side": "sell", "timestamp": 1766189268878}, {"id": "2683698432", "price": 2971.11, "amount": 0.067, "side": "buy", "timestamp": 1766189269140}, {"id": "2683698433", "price": 2971.1, "amount": 0.356, "side": "sell", "timestamp": 1766189269198}, {"id": "2683698434", "price": 2971.11, "amount": 0.008, "side": "buy", "timestamp": 1766189269213}, {"id": "2683698435", "price": 2971.1, "amount": 0.072, "side": "sell", "timestamp": 1766189269447}, {"id": "2683698436", "price": 2971.11, "amount": 0.78, "side": "buy", "timestamp": 1766189269849}, {"id": "2683699606", "price": 2971.64, "amount": 0.099, "side": "buy", "timestamp": 1766189317189}, {"id": "2683699607", "price": 2971.64, "amount": 0.087, "side": "buy", "timestamp": 1766189317307}, {"id": "2683699608", "price": 2971.65, "amount": 0.007, "side": "buy", "timestamp": 1766189317307}, {"id": "2683699609", "price": 2971.65, "amount": 1.777, "side": "sell", "timestamp": 1766189317416}, {"id": "2683699610", "price": 2971.66, "amount": 2.0, "side": "buy", "timestamp": 1766189317789}, {"id": "2683699611", "price": 2971.66, "amount": 0.024, "side": "buy", "timestamp": 1766189318250}, {"id": "2683699612", "price": 2971.65, "amount": 0.008, "side": "sell", "timestamp": 1766189318428}, {"id": "2683699613", "price": 2971.65, "amount": 0.026, "side": "sell", "timestamp": 1766189318575}, {"id": "2683699614", "price": 2971.66, "amount": 1.518, "side": "buy", "timestamp": 1766189318589}, {"id": "2683699615", "price": 2971.66, "amount": 1.0, "side": "buy", "timestamp": 1766189318938}, {"id": "2683699616", "price": 2971.65, "amount": 0.527, "side": "sell", "timestamp": 1766189319091}, {"id": "2683699617", "price": 2971.66, "amount": 0.095, "side": "buy", "timestamp": 1766189319270}, {"id": "2683699618", "price": 2971.66, "amount": 0.01, "side": "buy", "timestamp": 1766189319819}, {"id": "2683699619", "price": 2971.66, "amount": 0.128, "side": "buy", "timestamp": 1766189320036}, {"id": "2683699620", "price": 2971.66, "amount": 4.0, "side": "buy", "timestamp": 1766189320237}, {"id": "2683699621", "price": 2971.66, "amount": 0.4, "side": "buy", "timestamp": 1766189320388}, {"id": "2683699622", "price": 2971.65, "amount": 0.087, "side": "sell", "timestamp": 1766189320576}, {"id": "2683699623", "price": 2971.66, "amount": 2.083, "side": "buy", "timestamp": 1766189320667}, {"id": "2683699624", "price": 2971.67, "amount": 0.029, "side": "buy", "timestamp": 1766189320667}, {"id": "2683699625", "price": 2971.68, "amount": 0.457, "side": "buy", "timestamp": 1766189320667}, {"id": "2683699626", "price": 2971.69, "amount": 0.69, "side": "buy", "timestamp": 1766189320667}, {"id": "2683699627", "price": 2971.7, "amount": 0.039, "side": "buy", "timestamp": 1766189320667}, {"id": "2683699628", "price": 2971.71, "amount": 0.023, "side": "buy", "timestamp": 1766189320667}, {"id": "2683699629", "price": 2971.72, "amount": 0.091, "side": "buy", "timestamp": 1766189320667}, {"id": "2683699630", "price": 2971.73, "amount": 0.043, "side": "buy", "timestamp": 1766189320667}, {"id": "2683699631", "price": 2971.74, "amount": 0.051, "side": "buy", "timestamp": 1766189320667}, {"id": "2683699632", "price": 2971.75, "amount": 0.019, "side": "buy", "timestamp": 1766189320667}, {"id": "2683699633", "price": 2971.76, "amount": 0.023, "side": "buy", "timestamp": 1766189320667}, {"id": "2683699634", "price": 2971.77, "amount": 0.016, "side": "buy", "timestamp": 1766189320667}, {"id": "2683699635", "price": 2971.78, "amount": 0.025, "side": "buy", "timestamp": 1766189320667}, {"id": "2683699636", "price": 2971.79, "amount": 0.035, "side": "buy", "timestamp": 1766189320667}, {"id": "2683699637", "price": 2971.8, "amount": 0.491, "side": "buy", "timestamp": 1766189320667}, {"id": "2683699638", "price": 2971.81, "amount": 0.143, "side": "buy", "timestamp": 1766189320667}, {"id": "2683699639", "price": 2971.82, "amount": 0.033, "side": "buy", "timestamp": 1766189320667}, {"id": "2683699640", "price": 2971.83, "amount": 0.048, "side": "buy", "timestamp": 1766189320667}, {"id": "2683699641", "price": 2971.84, "amount": 0.009, "side": "buy", "timestamp": 1766189320667}, {"id": "2683699642", "price": 2971.85, "amount": 0.031, "side": "buy", "timestamp": 1766189320667}, {"id": "2683699643", "price": 2971.86, "amount": 0.008, "side": "buy", "timestamp": 1766189320667}, {"id": "2683699644", "price": 2971.87, "amount": 0.039, "side": "buy", "timestamp": 1766189320667}, {"id": "2683699645", "price": 2971.88, "amount": 5.343, "side": "buy", "timestamp": 1766189320802}, {"id": "2683699646", "price": 2971.87, "amount": 0.346, "side": "sell", "timestamp": 1766189321292}, {"id": "2683699647", "price": 2971.88, "amount": 0.209, "side": "buy", "timestamp": 1766189321416}, {"id": "2683699648", "price": 2971.87, "amount": 0.05, "side": "sell", "timestamp": 1766189321815}, {"id": "2683699649", "price": 2971.87, "amount": 0.021, "side": "sell", "timestamp": 1766189322017}, {"id": "2683699650", "price": 2971.88, "amount": 0.145, "side": "buy", "timestamp": 1766189322064}, {"id": "2683699651", "price": 2971.87, "amount": 0.168, "side": "sell", "timestamp": 1766189322364}, {"id": "2683699652", "price": 2971.88, "amount": 4.006, "side": "buy", "timestamp": 1766189322484}, {"id": "2683699653", "price": 2971.87, "amount": 0.491, "side": "sell", "timestamp": 1766189322798}, {"id": "2683699654", "price": 2971.87, "amount": 3.478, "side": "sell", "timestamp": 1766189323076}, {"id": "2683699655", "price": 2971.88, "amount": 0.023, "side": "buy", "timestamp": 1766189323112}, {"id": "2683700095", "price": 2971.91, "amount": 0.148, "side": "buy", "timestamp": 1766189370207}, {"id": "2683700096", "price": 2971.9, "amount": 1.389, "side": "sell", "timestamp": 1766189370317}, {"id": "2683700097", "price": 2971.9, "amount": 0.031, "side": "sell", "timestamp": 1766189370434}, {"id": "2683700098", "price": 2971.91, "amount": 0.455, "side": "buy", "timestamp": 1766189370840}, {"id": "2683700099", "price": 2971.91, "amount": 0.237, "side": "buy", "timestamp": 1766189371226}, {"id": "2683700100", "price": 2971.9, "amount": 3.818, "side": "sell", "timestamp": 1766189371240}, {"id": "2683700101", "price": 2971.91, "amount": 0.016, "side": "buy", "timestamp": 1766189371278}, {"id": "2683700102", "price": 2971.91, "amount": 0.577, "side": "buy", "timestamp": 1766189371417}, {"id": "2683700103", "price": 2971.91, "amount": 0.201, "side": "buy", "timestamp": 1766189371593}, {"id": "2683700104", "price": 2971.9, "amount": 0.336, "side": "sell", "timestamp": 1766189371604}, {"id": "2683700105", "price": 2971.9, "amount": 0.279, "side": "sell", "timestamp": 1766189371846}, {"id": "2683700106", "price": 2971.91, "amount": 0.131, "side": "buy", "timestamp": 1766189371926}, {"id": "2683700107", "price": 2971.91, "amount": 10.084, "side": "buy", "timestamp": 1766189372237}, {"id": "2683700108", "price": 2971.9, "amount": 0.14, "side": "sell", "timestamp": 1766189372620}, {"id": "2683700109", "price": 2971.91, "amount": 0.292, "side": "buy", "timestamp": 1766189373001}, {"id": "2683700110", "price": 2971.91, "amount": 0.3, "side": "buy", "timestamp": 1766189373309}, {"id": "2683700111", "price": 2971.91, "amount": 0.058, "side": "buy", "timestamp": 1766189373589}, {"id": "2683700112", "price": 2971.9, "amount": 0.019, "side": "sell", "timestamp": 1766189373691}, {"id": "2683700113", "price": 2971.91, "amount": 0.39, "side": "buy", "timestamp": 1766189373871}, {"id": "2683700114", "price": 2971.91, "amount": 0.007, "side": "buy", "timestamp": 1766189374061}, {"id": "2683700115", "price": 2971.91, "amount": 0.038, "side": "buy", "timestamp": 1766189374229}, {"id": "2683700116", "price": 2971.9, "amount": 2.83, "side": "sell", "timestamp": 1766189374330}, {"id": "2683700117", "price": 2971.91, "amount": 0.009, "side": "buy", "timestamp": 1766189374599}, {"id": "2683700118", "price": 2971.9, "amount": 0.367, "side": "sell", "timestamp": 1766189374851}, {"id": "2683700119", "price": 2971.91, "amount": 0.009, "side": "buy", "timestamp": 1766189374882}, {"id": "2683700120", "price": 2971.9, "amount": 0.237, "side": "sell", "timestamp": 1766189375115}, {"id": "2683700121", "price": 2971.9, "amount": 25.308, "side": "sell", "timestamp": 1766189375260}, {"id": "2683700122", "price": 2971.89, "amount": 0.007, "side": "sell", "timestamp": 1766189375261}, {"id": "2683700123", "price": 2971.88, "amount": 1.509, "side": "sell", "timestamp": 1766189375263}, {"id": "2683700124", "price": 2971.87, "amount": 0.008, "side": "sell", "timestamp": 1766189375263}, {"id": "2683700125", "price": 2971.86, "amount": 0.018, "side": "sell", "timestamp": 1766189375263}, {"id": "2683700126", "price": 2971.84, "amount": 0.015, "side": "sell", "timestamp": 1766189375266}, {"id": "2683700127", "price": 2971.83, "amount": 0.028, "side": "sell", "timestamp": 1766189375266}, {"id": "2683700128", "price": 2971.82, "amount": 0.018, "side": "sell", "timestamp": 1766189375266}, {"id": "2683700129", "price": 2971.81, "amount": 0.148, "side": "sell", "timestamp": 1766189375266}, {"id": "2683700130", "price": 2971.8, "amount": 0.037, "side": "sell", "timestamp": 1766189375266}, {"id": "2683700131", "price": 2971.79, "amount": 0.032, "side": "sell", "timestamp": 1766189375266}, {"id": "2683700132", "price": 2971.78, "amount": 0.099, "side": "sell", "timestamp": 1766189375266}, {"id": "2683700133", "price": 2971.77, "amount": 0.015, "side": "sell", "timestamp": 1766189375266}, {"id": "2683700134", "price": 2971.76, "amount": 0.733, "side": "buy", "timestamp": 1766189375375}, {"id": "2683700135", "price": 2971.76, "amount": 0.159, "side": "buy", "timestamp": 1766189375501}, {"id": "2683700136", "price": 2971.75, "amount": 0.001, "side": "sell", "timestamp": 1766189375712}, {"id": "2683700137", "price": 2971.76, "amount": 1.695, "side": "buy", "timestamp": 1766189375714}, {"id": "2683700138", "price": 2971.75, "amount": 0.009, "side": "sell", "timestamp": 1766189376010}, {"id": "2683700139", "price": 2971.76, "amount": 0.015, "side": "buy", "timestamp": 1766189376104}, {"id": "2683700140", "price": 2971.75, "amount": 0.045, "side": "sell", "timestamp": 1766189376320}, {"id": "2683700141", "price": 2971.76, "amount": 0.138, "side": "buy", "timestamp": 1766189376509}, {"id": "2683700142", "price": 2971.75, "amount": 0.851, "side": "sell", "timestamp": 1766189376511}, {"id": "2683700143", "price": 2971.75, "amount": 0.074, "side": "sell", "timestamp": 1766189376795}, {"id": "2683700144", "price": 2971.76, "amount": 0.047, "side": "buy", "timestamp": 1766189376828}, {"id": "2683700628", "price": 2971.32, "amount": 0.017, "side": "buy", "timestamp": 1766189425129}, {"id": "2683700629", "price": 2971.33, "amount": 0.017, "side": "buy", "timestamp": 1766189425134}, {"id": "2683700630", "price": 2971.32, "amount": 0.011, "side": "sell", "timestamp": 1766189425154}, {"id": "2683700631", "price": 2971.33, "amount": 0.65, "side": "buy", "timestamp": 1766189425170}, {"id": "2683700632", "price": 2971.33, "amount": 0.901, "side": "buy", "timestamp": 1766189425281}, {"id": "2683700633", "price": 2971.34, "amount": 0.041, "side": "buy", "timestamp": 1766189425283}, {"id": "2683700634", "price": 2971.35, "amount": 0.014, "side": "buy", "timestamp": 1766189425283}, {"id": "2683700635", "price": 2971.36, "amount": 0.015, "side": "buy", "timestamp": 1766189425283}, {"id": "2683700636", "price": 2971.37, "amount": 0.046, "side": "buy", "timestamp": 1766189425283}, {"id": "2683700637", "price": 2971.38, "amount": 2.705, "side": "buy", "timestamp": 1766189425285}, {"id": "2683700638", "price": 2971.39, "amount": 2.321, "side": "buy", "timestamp": 1766189425286}, {"id": "2683700639", "price": 2971.4, "amount": 0.385, "side": "buy", "timestamp": 1766189425289}, {"id": "2683700640", "price": 2971.42, "amount": 0.026, "side": "buy", "timestamp": 1766189425289}, {"id": "2683700641", "price": 2971.43, "amount": 0.016, "side": "buy", "timestamp": 1766189425289}, {"id": "2683700642", "price": 2971.44, "amount": 0.053, "side": "buy", "timestamp": 1766189425314}, {"id": "2683700643", "price": 2971.45, "amount": 0.279, "side": "buy", "timestamp": 1766189425316}, {"id": "2683700644", "price": 2971.46, "amount": 0.052, "side": "buy", "timestamp": 1766189425316}, {"id": "2683700645", "price": 2971.47, "amount": 0.009, "side": "buy", "timestamp": 1766189425316}, {"id": "2683700646", "price": 2971.48, "amount": 0.014, "side": "buy", "timestamp": 1766189425316}, {"id": "2683700647", "price": 2971.49, "amount": 0.074, "side": "buy", "timestamp": 1766189425316}, {"id": "2683700648", "price": 2971.49, "amount": 0.009, "side": "sell", "timestamp": 1766189425404}, {"id": "2683700649", "price": 2971.49, "amount": 0.018, "side": "sell", "timestamp": 1766189425666}, {"id": "2683700650", "price": 2971.49, "amount": 0.276, "side": "sell", "timestamp": 1766189425770}, {"id": "2683700651", "price": 2971.5, "amount": 0.45, "side": "buy", "timestamp": 1766189425858}, {"id": "2683700652", "price": 2971.51, "amount": 0.007, "side": "buy", "timestamp": 1766189425858}, {"id": "2683700653", "price": 2971.52, "amount": 0.024, "side": "buy", "timestamp": 1766189425858}, {"id": "2683700654", "price": 2971.53, "amount": 0.68, "side": "buy", "timestamp": 1766189425858}, {"id": "2683700655", "price": 2971.54, "amount": 0.014, "side": "buy", "timestamp": 1766189425861}, {"id": "2683700656", "price": 2971.55, "amount": 0.024, "side": "buy", "timestamp": 1766189425861}, {"id": "2683700657", "price": 2971.56, "amount": 0.016, "side": "buy", "timestamp": 1766189425861}, {"id": "2683700658", "price": 2971.58, "amount": 0.039, "side": "buy", "timestamp": 1766189425861}, {"id": "2683700659", "price": 2971.59, "amount": 0.022, "side": "buy", "timestamp": 1766189425861}, {"id": "2683700660", "price": 2971.6, "amount": 0.008, "side": "buy", "timestamp": 1766189425861}, {"id": "2683700661", "price": 2971.61, "amount": 0.054, "side": "buy", "timestamp": 1766189425861}, {"id": "2683700662", "price": 2971.61, "amount": 1.094, "side": "sell", "timestamp": 1766189426092}, {"id": "2683700663", "price": 2971.62, "amount": 0.033, "side": "buy", "timestamp": 1766189426293}, {"id": "2683700664", "price": 2971.61, "amount": 0.026, "side": "sell", "timestamp": 1766189426295}, {"id": "2683700665", "price": 2971.61, "amount": 0.008, "side": "sell", "timestamp": 1766189426571}, {"id": "2683700666", "price": 2971.61, "amount": 0.014, "side": "sell", "timestamp": 1766189426850}, {"id": "2683700667", "price": 2971.62, "amount": 0.015, "side": "buy", "timestamp": 1766189427037}, {"id": "2683700668", "price": 2971.61, "amount": 0.298, "side": "sell", "timestamp": 1766189427070}, {"id": "2683700669", "price": 2971.61, "amount": 0.015, "side": "sell", "timestamp": 1766189427257}, {"id": "2683700670", "price": 2971.61, "amount": 0.018, "side": "sell", "timestamp": 1766189427752}, {"id": "2683700671", "price": 2971.61, "amount": 2.084, "side": "sell", "timestamp": 1766189428050}, {"id": "2683700672", "price": 2971.61, "amount": 12.939, "side": "sell", "timestamp": 1766189428269}, {"id": "2683700673", "price": 2971.61, "amount": 0.02, "side": "sell", "timestamp": 1766189428420}, {"id": "2683700674", "price": 2971.62, "amount": 1.206, "side": "buy", "timestamp": 1766189428829}, {"id": "2683700675", "price": 2971.61, "amount": 0.014, "side": "sell", "timestamp": 1766189428852}, {"id": "2683700676", "price": 2971.62, "amount": 1.304, "side": "buy", "timestamp": 1766189429667}, {"id": "2683700677", "price": 2971.61, "amount": 0.041, "side": "sell", "timestamp": 1766189430289}, {"id": "2683701210", "price": 2971.69, "amount": 0.017, "side": "buy", "timestamp": 1766189482387}, {"id": "2683701211", "price": 2971.7, "amount": 0.017, "side": "buy", "timestamp": 1766189482387}, {"id": "2683701212", "price": 2971.71, "amount": 0.03, "side": "buy", "timestamp": 1766189482387}, {"id": "2683701213", "price": 2971.72, "amount": 0.008, "side": "buy", "timestamp": 1766189482387}, {"id": "2683701214", "price": 2971.73, "amount": 0.292, "side": "buy", "timestamp": 1766189482388}, {"id": "2683701215", "price": 2971.74, "amount": 0.023, "side": "buy", "timestamp": 1766189482388}, {"id": "2683701216", "price": 2971.75, "amount": 0.017, "side": "buy", "timestamp": 1766189482388}, {"id": "2683701217", "price": 2971.76, "amount": 0.023, "side": "buy", "timestamp": 1766189482388}, {"id": "2683701218", "price": 2971.77, "amount": 0.009, "side": "buy", "timestamp": 1766189482388}, {"id": "2683701219", "price": 2971.78, "amount": 1.009, "side": "buy", "timestamp": 1766189482388}, {"id": "2683701220", "price": 2971.79, "amount": 0.009, "side": "buy", "timestamp": 1766189482388}, {"id": "2683701221", "price": 2971.8, "amount": 0.059, "side": "buy", "timestamp": 1766189482388}, {"id": "2683701222", "price": 2971.81, "amount": 0.008, "side": "buy", "timestamp": 1766189482388}, {"id": "2683701223", "price": 2971.82, "amount": 0.023, "side": "buy", "timestamp": 1766189482388}, {"id": "2683701224", "price": 2971.83, "amount": 0.045, "side": "buy", "timestamp": 1766189482388}, {"id": "2683701225", "price": 2971.84, "amount": 0.014, "side": "buy", "timestamp": 1766189482388}, {"id": "2683701226", "price": 2971.85, "amount": 0.387, "side": "buy", "timestamp": 1766189482388}, {"id": "2683701227", "price": 2971.86, "amount": 0.368, "side": "buy", "timestamp": 1766189482388}, {"id": "2683701228", "price": 2971.87, "amount": 0.017, "side": "buy", "timestamp": 1766189482388}, {"id": "2683701229", "price": 2971.88, "amount": 0.023, "side": "buy", "timestamp": 1766189482392}, {"id": "2683701230", "price": 2971.89, "amount": 0.024, "side": "buy", "timestamp": 1766189482392}, {"id": "2683701231", "price": 2971.9, "amount": 0.468, "side": "buy", "timestamp": 1766189482392}, {"id": "2683701232", "price": 2971.91, "amount": 0.017, "side": "buy", "timestamp": 1766189482403}, {"id": "2683701233", "price": 2971.92, "amount": 0.021, "side": "buy", "timestamp": 1766189482403}, {"id": "2683701234", "price": 2971.93, "amount": 0.016, "side": "buy", "timestamp": 1766189482428}, {"id": "2683701235", "price": 2971.94, "amount": 0.036, "side": "buy", "timestamp": 1766189482428}, {"id": "2683701236", "price": 2971.96, "amount": 0.782, "side": "buy", "timestamp": 1766189482476}, {"id": "2683701237", "price": 2971.97, "amount": 0.082, "side": "buy", "timestamp": 1766189482476}, {"id": "2683701238", "price": 2971.98, "amount": 7.913, "side": "buy", "timestamp": 1766189482476}, {"id": "2683701239", "price": 2971.99, "amount": 0.023, "side": "buy", "timestamp": 1766189482476}, {"id": "2683701240", "price": 2972.0, "amount": 0.026, "side": "buy", "timestamp": 1766189482476}, {"id": "2683701241", "price": 2972.01, "amount": 0.009, "side": "buy", "timestamp": 1766189482499}, {"id": "2683701242", "price": 2972.02, "amount": 0.717, "side": "buy", "timestamp": 1766189482510}, {"id": "2683701243", "price": 2972.03, "amount": 0.017, "side": "buy", "timestamp": 1766189482510}, {"id": "2683701244", "price": 2972.04, "amount": 0.009, "side": "buy", "timestamp": 1766189482510}, {"id": "2683701245", "price": 2972.05, "amount": 0.009, "side": "buy", "timestamp": 1766189482510}, {"id": "2683701246", "price": 2972.06, "amount": 1.507, "side": "buy", "timestamp": 1766189482510}, {"id": "2683701247", "price": 2972.07, "amount": 0.017, "side": "buy", "timestamp": 1766189482510}, {"id": "2683701248", "price": 2972.08, "amount": 0.009, "side": "buy", "timestamp": 1766189482510}, {"id": "2683701249", "price": 2972.09, "amount": 0.018, "side": "buy", "timestamp": 1766189482510}, {"id": "2683701250", "price": 2972.1, "amount": 3.8, "side": "buy", "timestamp": 1766189482578}, {"id": "2683701251", "price": 2972.1, "amount": 0.406, "side": "buy", "timestamp": 1766189482823}, {"id": "2683701252", "price": 2972.11, "amount": 0.048, "side": "buy", "timestamp": 1766189482823}, {"id": "2683701253", "price": 2972.14, "amount": 0.2, "side": "buy", "timestamp": 1766189482827}, {"id": "2683701254", "price": 2972.15, "amount": 0.007, "side": "buy", "timestamp": 1766189482919}, {"id": "2683701255", "price": 2972.16, "amount": 0.009, "side": "buy", "timestamp": 1766189482919}, {"id": "2683701256", "price": 2972.17, "amount": 0.038, "side": "buy", "timestamp": 1766189482919}, {"id": "2683701257", "price": 2972.18, "amount": 0.009, "side": "buy", "timestamp": 1766189482919}, {"id": "2683701258", "price": 2972.19, "amount": 0.023, "side": "buy", "timestamp": 1766189482919}, {"id": "2683701259", "price": 2972.19, "amount": 0.033, "side": "sell", "timestamp": 1766189483068}, {"id": "2683701711", "price": 2974.46, "amount": 2.016, "side": "buy", "timestamp": 1766189528812}, {"id": "2683701712", "price": 2974.45, "amount": 0.019, "side": "sell", "timestamp": 1766189529058}, {"id": "2683701713", "price": 2974.46, "amount": 0.8, "side": "buy", "timestamp": 1766189529212}, {"id": "2683701714", "price": 2974.45, "amount": 0.321, "side": "sell", "timestamp": 1766189529271}, {"id": "2683701715", "price": 2974.45, "amount": 0.033, "side": "sell", "timestamp": 1766189529493}, {"id": "2683701716", "price": 2974.46, "amount": 0.057, "side": "buy", "timestamp": 1766189529621}, {"id": "2683701717", "price": 2974.46, "amount": 10.033, "side": "buy", "timestamp": 1766189529795}, {"id": "2683701718", "price": 2974.46, "amount": 2.794, "side": "buy", "timestamp": 1766189529945}, {"id": "2683701719", "price": 2974.45, "amount": 1.476, "side": "sell", "timestamp": 1766189530063}, {"id": "2683701720", "price": 2974.46, "amount": 0.607, "side": "buy", "timestamp": 1766189530152}, {"id": "2683701721", "price": 2974.46, "amount": 1.119, "side": "buy", "timestamp": 1766189530468}, {"id": "2683701722", "price": 2974.45, "amount": 0.32, "side": "sell", "timestamp": 1766189530791}, {"id": "2683701723", "price": 2974.46, "amount": 0.346, "side": "buy", "timestamp": 1766189531441}, {"id": "2683701724", "price": 2974.46, "amount": 0.129, "side": "buy", "timestamp": 1766189531929}, {"id": "2683701725", "price": 2974.46, "amount": 1.849, "side": "buy", "timestamp": 1766189532558}, {"id": "2683701726", "price": 2974.45, "amount": 0.054, "side": "sell", "timestamp": 1766189532579}, {"id": "2683701727", "price": 2974.46, "amount": 9.303, "side": "buy", "timestamp": 1766189533055}, {"id": "2683701728", "price": 2974.46, "amount": 2.0, "side": "buy", "timestamp": 1766189533366}, {"id": "2683701729", "price": 2974.46, "amount": 0.393, "side": "buy", "timestamp": 1766189533507}, {"id": "2683701730", "price": 2974.45, "amount": 0.267, "side": "sell", "timestamp": 1766189533612}, {"id": "2683701731", "price": 2974.46, "amount": 0.3, "side": "buy", "timestamp": 1766189533637}, {"id": "2683701732", "price": 2974.46, "amount": 0.176, "side": "buy", "timestamp": 1766189533889}, {"id": "2683701733", "price": 2974.46, "amount": 0.97, "side": "buy", "timestamp": 1766189534030}, {"id": "2683701734", "price": 2974.45, "amount": 0.017, "side": "sell", "timestamp": 1766189534383}, {"id": "2683701735", "price": 2974.46, "amount": 14.379, "side": "buy", "timestamp": 1766189534621}, {"id": "2683701736", "price": 2974.45, "amount": 0.002, "side": "sell", "timestamp": 1766189534668}, {"id": "2683701737", "price": 2974.45, "amount": 0.514, "side": "sell", "timestamp": 1766189534965}, {"id": "2683701738", "price": 2974.46, "amount": 2.395, "side": "buy", "timestamp": 1766189535086}, {"id": "2683701739", "price": 2974.45, "amount": 0.004, "side": "sell", "timestamp": 1766189535129}, {"id": "2683701740", "price": 2974.45, "amount": 0.06, "side": "sell", "timestamp": 1766189535494}, {"id": "2683701741", "price": 2974.46, "amount": 1.015, "side": "buy", "timestamp": 1766189535535}, {"id": "2683701742", "price": 2974.45, "amount": 0.392, "side": "sell", "timestamp": 1766189535692}, {"id": "2683701743", "price": 2974.46, "amount": 0.42, "side": "buy", "timestamp": 1766189535895}, {"id": "2683701744", "price": 2974.46, "amount": 0.03, "side": "buy", "timestamp": 1766189536131}, {"id": "2683701745", "price": 2974.46, "amount": 98.926, "side": "buy", "timestamp": 1766189536375}, {"id": "2683701746", "price": 2974.47, "amount": 0.042, "side": "buy", "timestamp": 1766189536375}, {"id": "2683701747", "price": 2974.49, "amount": 4.793, "side": "buy", "timestamp": 1766189536636}, {"id": "2683701748", "price": 2974.49, "amount": 0.015, "side": "buy", "timestamp": 1766189536783}, {"id": "2683701749", "price": 2974.49, "amount": 0.048, "side": "buy", "timestamp": 1766189536921}, {"id": "2683701750", "price": 2974.49, "amount": 0.378, "side": "buy", "timestamp": 1766189537033}, {"id": "2683701751", "price": 2974.49, "amount": 0.1, "side": "buy", "timestamp": 1766189537369}, {"id": "2683701752", "price": 2974.49, "amount": 3.352, "side": "buy", "timestamp": 1766189538199}, {"id": "2683701753", "price": 2974.5, "amount": 0.028, "side": "buy", "timestamp": 1766189538201}, {"id": "2683701754", "price": 2974.51, "amount": 0.014, "side": "buy", "timestamp": 1766189538201}, {"id": "2683701755", "price": 2974.52, "amount": 0.008, "side": "buy", "timestamp": 1766189538201}, {"id": "2683701756", "price": 2974.53, "amount": 0.037, "side": "buy", "timestamp": 1766189538201}, {"id": "2683701757", "price": 2974.54, "amount": 0.009, "side": "buy", "timestamp": 1766189538201}, {"id": "2683701758", "price": 2974.55, "amount": 0.017, "side": "buy", "timestamp": 1766189538201}, {"id": "2683701759", "price": 2974.56, "amount": 0.034, "side": "buy", "timestamp": 1766189538204}, {"id": "2683701760", "price": 2974.55, "amount": 0.1, "side": "sell", "timestamp": 1766189538374}, {"id": "2683702234", "price": 2975.88, "amount": 0.785, "side": "sell", "timestamp": 1766189586486}, {"id": "2683702235", "price": 2975.89, "amount": 0.407, "side": "buy", "timestamp": 1766189586530}, {"id": "2683702236", "price": 2975.89, "amount": 5.602, "side": "buy", "timestamp": 1766189586696}, {"id": "2683702237", "price": 2975.89, "amount": 0.776, "side": "buy", "timestamp": 1766189586867}, {"id": "2683702238", "price": 2975.89, "amount": 0.721, "side": "buy", "timestamp": 1766189587034}, {"id": "2683702239", "price": 2975.88, "amount": 1.0, "side": "sell", "timestamp": 1766189587117}, {"id": "2683702240", "price": 2975.89, "amount": 0.035, "side": "buy", "timestamp": 1766189587283}, {"id": "2683702241", "price": 2975.88, "amount": 0.292, "side": "sell", "timestamp": 1766189587390}, {"id": "2683702242", "price": 2975.89, "amount": 0.987, "side": "buy", "timestamp": 1766189587558}, {"id": "2683702243", "price": 2975.89, "amount": 0.51, "side": "buy", "timestamp": 1766189588119}, {"id": "2683702244", "price": 2975.89, "amount": 0.167, "side": "buy", "timestamp": 1766189588354}, {"id": "2683702245", "price": 2975.89, "amount": 2.698, "side": "buy", "timestamp": 1766189588843}, {"id": "2683702246", "price": 2975.9, "amount": 3.519, "side": "buy", "timestamp": 1766189589049}, {"id": "2683702247", "price": 2975.91, "amount": 0.029, "side": "buy", "timestamp": 1766189589050}, {"id": "2683702248", "price": 2975.92, "amount": 0.023, "side": "buy", "timestamp": 1766189589050}, {"id": "2683702249", "price": 2975.93, "amount": 1.377, "side": "buy", "timestamp": 1766189589050}, {"id": "2683702250", "price": 2975.94, "amount": 0.031, "side": "buy", "timestamp": 1766189589050}, {"id": "2683702251", "price": 2975.95, "amount": 0.009, "side": "buy", "timestamp": 1766189589050}, {"id": "2683702252", "price": 2975.96, "amount": 0.125, "side": "buy", "timestamp": 1766189589050}, {"id": "2683702253", "price": 2975.97, "amount": 0.194, "side": "buy", "timestamp": 1766189589050}, {"id": "2683702254", "price": 2975.98, "amount": 0.014, "side": "buy", "timestamp": 1766189589050}, {"id": "2683702255", "price": 2975.99, "amount": 0.029, "side": "buy", "timestamp": 1766189589050}, {"id": "2683702256", "price": 2976.0, "amount": 2.046, "side": "buy", "timestamp": 1766189589050}, {"id": "2683702257", "price": 2976.01, "amount": 1.034, "side": "buy", "timestamp": 1766189589050}, {"id": "2683702258", "price": 2976.02, "amount": 0.011, "side": "buy", "timestamp": 1766189589050}, {"id": "2683702259", "price": 2976.03, "amount": 0.071, "side": "buy", "timestamp": 1766189589050}, {"id": "2683702260", "price": 2976.04, "amount": 0.164, "side": "buy", "timestamp": 1766189589050}, {"id": "2683702261", "price": 2976.05, "amount": 0.017, "side": "buy", "timestamp": 1766189589050}, {"id": "2683702262", "price": 2976.06, "amount": 0.04, "side": "buy", "timestamp": 1766189589050}, {"id": "2683702263", "price": 2976.07, "amount": 0.014, "side": "buy", "timestamp": 1766189589050}, {"id": "2683702264", "price": 2976.08, "amount": 0.018, "side": "buy", "timestamp": 1766189589050}, {"id": "2683702265", "price": 2976.09, "amount": 2.828, "side": "buy", "timestamp": 1766189589050}, {"id": "2683702266", "price": 2976.08, "amount": 0.201, "side": "sell", "timestamp": 1766189589211}, {"id": "2683702267", "price": 2976.09, "amount": 0.067, "side": "buy", "timestamp": 1766189589422}, {"id": "2683702268", "price": 2976.08, "amount": 0.022, "side": "sell", "timestamp": 1766189589602}, {"id": "2683702269", "price": 2976.09, "amount": 0.073, "side": "buy", "timestamp": 1766189589720}, {"id": "2683702270", "price": 2976.09, "amount": 0.039, "side": "buy", "timestamp": 1766189589826}, {"id": "2683702271", "price": 2976.09, "amount": 1.625, "side": "buy", "timestamp": 1766189590043}, {"id": "2683702272", "price": 2976.1, "amount": 0.015, "side": "buy", "timestamp": 1766189590043}, {"id": "2683702273", "price": 2976.11, "amount": 1.24, "side": "buy", "timestamp": 1766189590043}, {"id": "2683702274", "price": 2976.12, "amount": 0.217, "side": "buy", "timestamp": 1766189590043}, {"id": "2683702275", "price": 2976.13, "amount": 1.607, "side": "buy", "timestamp": 1766189590043}, {"id": "2683702276", "price": 2976.13, "amount": 2.452, "side": "sell", "timestamp": 1766189590208}, {"id": "2683702277", "price": 2976.14, "amount": 1.333, "side": "buy", "timestamp": 1766189590239}, {"id": "2683702278", "price": 2976.14, "amount": 0.834, "side": "buy", "timestamp": 1766189590476}, {"id": "2683702279", "price": 2976.14, "amount": 0.223, "side": "buy", "timestamp": 1766189590604}, {"id": "2683702280", "price": 2976.13, "amount": 0.008, "side": "sell", "timestamp": 1766189590752}, {"id": "2683702281", "price": 2976.14, "amount": 0.057, "side": "buy", "timestamp": 1766189590860}, {"id": "2683702282", "price": 2976.13, "amount": 1.0, "side": "sell", "timestamp": 1766189590887}, {"id": "2683702283", "price": 2976.14, "amount": 0.67, "side": "buy", "timestamp": 1766189590894}, {"id": "2683702720", "price": 2976.61, "amount": 0.033, "side": "buy", "timestamp": 1766189640550}, {"id": "2683702721", "price": 2976.61, "amount": 0.033, "side": "buy", "timestamp": 1766189640660}, {"id": "2683702722", "price": 2976.61, "amount": 2.237, "side": "buy", "timestamp": 1766189640919}, {"id": "2683702723", "price": 2976.6, "amount": 5.656, "side": "sell", "timestamp": 1766189641111}, {"id": "2683702724", "price": 2976.61, "amount": 2.494, "side": "buy", "timestamp": 1766189641233}, {"id": "2683702725", "price": 2976.6, "amount": 1.022, "side": "sell", "timestamp": 1766189641476}, {"id": "2683702726", "price": 2976.61, "amount": 0.075, "side": "buy", "timestamp": 1766189641542}, {"id": "2683702727", "price": 2976.6, "amount": 0.05, "side": "sell", "timestamp": 1766189641612}, {"id": "2683702728", "price": 2976.61, "amount": 0.835, "side": "buy", "timestamp": 1766189641741}, {"id": "2683702729", "price": 2976.6, "amount": 0.026, "side": "sell", "timestamp": 1766189641978}, {"id": "2683702730", "price": 2976.61, "amount": 0.179, "side": "buy", "timestamp": 1766189642000}, {"id": "2683702731", "price": 2976.61, "amount": 2.561, "side": "buy", "timestamp": 1766189642273}, {"id": "2683702732", "price": 2976.61, "amount": 0.436, "side": "buy", "timestamp": 1766189643189}, {"id": "2683702733", "price": 2976.6, "amount": 6.266, "side": "sell", "timestamp": 1766189644007}, {"id": "2683702734", "price": 2976.59, "amount": 0.079, "side": "sell", "timestamp": 1766189644048}, {"id": "2683702735", "price": 2976.57, "amount": 0.021, "side": "sell", "timestamp": 1766189644050}, {"id": "2683702736", "price": 2976.56, "amount": 0.048, "side": "sell", "timestamp": 1766189644050}, {"id": "2683702737", "price": 2976.55, "amount": 0.032, "side": "sell", "timestamp": 1766189644050}, {"id": "2683702738", "price": 2976.54, "amount": 0.03, "side": "sell", "timestamp": 1766189644050}, {"id": "2683702739", "price": 2976.53, "amount": 0.031, "side": "sell", "timestamp": 1766189644050}, {"id": "2683702740", "price": 2976.52, "amount": 0.019, "side": "sell", "timestamp": 1766189644050}, {"id": "2683702741", "price": 2976.51, "amount": 0.036, "side": "sell", "timestamp": 1766189644061}, {"id": "2683702742", "price": 2976.5, "amount": 0.022, "side": "sell", "timestamp": 1766189644063}, {"id": "2683702743", "price": 2976.48, "amount": 0.054, "side": "sell", "timestamp": 1766189644078}, {"id": "2683702744", "price": 2976.47, "amount": 0.015, "side": "sell", "timestamp": 1766189644078}, {"id": "2683702745", "price": 2976.46, "amount": 0.164, "side": "sell", "timestamp": 1766189644078}, {"id": "2683702746", "price": 2976.45, "amount": 0.014, "side": "sell", "timestamp": 1766189644078}, {"id": "2683702747", "price": 2976.44, "amount": 0.009, "side": "sell", "timestamp": 1766189644078}, {"id": "2683702748", "price": 2976.44, "amount": 0.048, "side": "buy", "timestamp": 1766189644223}, {"id": "2683702749", "price": 2976.44, "amount": 0.142, "side": "buy", "timestamp": 1766189644550}, {"id": "2683702750", "price": 2976.43, "amount": 5.768, "side": "sell", "timestamp": 1766189644831}, {"id": "2683702751", "price": 2976.42, "amount": 1.288, "side": "sell", "timestamp": 1766189644831}, {"id": "2683702752", "price": 2976.41, "amount": 0.03, "side": "sell", "timestamp": 1766189644831}, {"id": "2683702753", "price": 2976.4, "amount": 1.907, "side": "sell", "timestamp": 1766189644831}, {"id": "2683702754", "price": 2976.39, "amount": 0.714, "side": "sell", "timestamp": 1766189644834}, {"id": "2683702755", "price": 2976.38, "amount": 0.979, "side": "sell", "timestamp": 1766189644834}, {"id": "2683702756", "price": 2976.37, "amount": 0.028, "side": "sell", "timestamp": 1766189644839}, {"id": "2683702757", "price": 2976.36, "amount": 0.017, "side": "sell", "timestamp": 1766189644839}, {"id": "2683702758", "price": 2976.35, "amount": 0.017, "side": "sell", "timestamp": 1766189644839}, {"id": "2683702759", "price": 2976.34, "amount": 0.023, "side": "sell", "timestamp": 1766189644839}, {"id": "2683702760", "price": 2976.32, "amount": 0.152, "side": "sell", "timestamp": 1766189644839}, {"id": "2683702761", "price": 2976.31, "amount": 0.073, "side": "sell", "timestamp": 1766189644839}, {"id": "2683702762", "price": 2976.3, "amount": 0.404, "side": "sell", "timestamp": 1766189645060}, {"id": "2683702763", "price": 2976.29, "amount": 0.021, "side": "sell", "timestamp": 1766189645060}, {"id": "2683702764", "price": 2976.28, "amount": 0.031, "side": "sell", "timestamp": 1766189645060}, {"id": "2683702765", "price": 2976.27, "amount": 0.009, "side": "sell", "timestamp": 1766189645060}, {"id": "2683702766", "price": 2976.26, "amount": 0.016, "side": "sell", "timestamp": 1766189645060}, {"id": "2683702767", "price": 2976.25, "amount": 0.031, "side": "sell", "timestamp": 1766189645060}, {"id": "2683702768", "price": 2976.24, "amount": 0.345, "side": "sell", "timestamp": 1766189645060}, {"id": "2683702769", "price": 2976.24, "amount": 0.109, "side": "sell", "timestamp": 1766189645177}, {"id": "2683703460", "price": 2974.96, "amount": 0.015, "side": "buy", "timestamp": 1766189701190}, {"id": "2683703461", "price": 2974.97, "amount": 0.018, "side": "buy", "timestamp": 1766189701190}, {"id": "2683703462", "price": 2974.98, "amount": 0.015, "side": "buy", "timestamp": 1766189701190}, {"id": "2683703463", "price": 2974.99, "amount": 0.017, "side": "buy", "timestamp": 1766189701190}, {"id": "2683703464", "price": 2975.0, "amount": 0.045, "side": "buy", "timestamp": 1766189701190}, {"id": "2683703465", "price": 2975.02, "amount": 0.038, "side": "buy", "timestamp": 1766189701190}, {"id": "2683703466", "price": 2975.03, "amount": 0.017, "side": "buy", "timestamp": 1766189701190}, {"id": "2683703467", "price": 2975.04, "amount": 0.014, "side": "buy", "timestamp": 1766189701190}, {"id": "2683703468", "price": 2975.05, "amount": 0.387, "side": "buy", "timestamp": 1766189701190}, {"id": "2683703469", "price": 2975.06, "amount": 2.4, "side": "buy", "timestamp": 1766189701190}, {"id": "2683703470", "price": 2975.07, "amount": 0.014, "side": "buy", "timestamp": 1766189701223}, {"id": "2683703471", "price": 2975.08, "amount": 0.018, "side": "buy", "timestamp": 1766189701223}, {"id": "2683703472", "price": 2975.09, "amount": 0.008, "side": "buy", "timestamp": 1766189701223}, {"id": "2683703473", "price": 2975.1, "amount": 0.04, "side": "buy", "timestamp": 1766189701223}, {"id": "2683703474", "price": 2975.11, "amount": 0.009, "side": "buy", "timestamp": 1766189701223}, {"id": "2683703475", "price": 2975.12, "amount": 0.049, "side": "buy", "timestamp": 1766189701223}, {"id": "2683703476", "price": 2975.13, "amount": 1.761, "side": "buy", "timestamp": 1766189701223}, {"id": "2683703477", "price": 2975.14, "amount": 0.014, "side": "buy", "timestamp": 1766189701262}, {"id": "2683703478", "price": 2975.17, "amount": 0.054, "side": "buy", "timestamp": 1766189701268}, {"id": "2683703479", "price": 2975.18, "amount": 0.007, "side": "buy", "timestamp": 1766189701268}, {"id": "2683703480", "price": 2975.19, "amount": 0.022, "side": "buy", "timestamp": 1766189701268}, {"id": "2683703481", "price": 2975.2, "amount": 0.034, "side": "buy", "timestamp": 1766189701268}, {"id": "2683703482", "price": 2975.21, "amount": 0.037, "side": "buy", "timestamp": 1766189701268}, {"id": "2683703483", "price": 2975.23, "amount": 0.026, "side": "buy", "timestamp": 1766189701270}, {"id": "2683703484", "price": 2975.24, "amount": 0.043, "side": "buy", "timestamp": 1766189701270}, {"id": "2683703485", "price": 2975.25, "amount": 0.007, "side": "buy", "timestamp": 1766189701270}, {"id": "2683703486", "price": 2975.26, "amount": 0.124, "side": "buy", "timestamp": 1766189701270}, {"id": "2683703487", "price": 2975.27, "amount": 0.009, "side": "buy", "timestamp": 1766189701270}, {"id": "2683703488", "price": 2975.28, "amount": 0.007, "side": "buy", "timestamp": 1766189701270}, {"id": "2683703489", "price": 2975.29, "amount": 0.027, "side": "buy", "timestamp": 1766189701270}, {"id": "2683703490", "price": 2975.3, "amount": 0.054, "side": "buy", "timestamp": 1766189701270}, {"id": "2683703491", "price": 2975.3, "amount": 0.13, "side": "sell", "timestamp": 1766189701275}, {"id": "2683703492", "price": 2975.3, "amount": 0.02, "side": "sell", "timestamp": 1766189701631}, {"id": "2683703493", "price": 2975.3, "amount": 0.037, "side": "sell", "timestamp": 1766189701871}, {"id": "2683703494", "price": 2975.3, "amount": 0.1, "side": "sell", "timestamp": 1766189702028}, {"id": "2683703495", "price": 2975.3, "amount": 0.181, "side": "sell", "timestamp": 1766189702474}, {"id": "2683703496", "price": 2975.3, "amount": 0.003, "side": "sell", "timestamp": 1766189702588}, {"id": "2683703497", "price": 2975.3, "amount": 0.84, "side": "sell", "timestamp": 1766189703131}, {"id": "2683703498", "price": 2975.31, "amount": 0.067, "side": "buy", "timestamp": 1766189703491}, {"id": "2683703499", "price": 2975.31, "amount": 0.857, "side": "buy", "timestamp": 1766189703681}, {"id": "2683703500", "price": 2975.3, "amount": 0.111, "side": "sell", "timestamp": 1766189703713}, {"id": "2683703501", "price": 2975.31, "amount": 0.371, "side": "buy", "timestamp": 1766189703963}, {"id": "2683703502", "price": 2975.3, "amount": 0.135, "side": "sell", "timestamp": 1766189703988}, {"id": "2683703503", "price": 2975.31, "amount": 0.778, "side": "buy", "timestamp": 1766189704138}, {"id": "2683703504", "price": 2975.3, "amount": 0.122, "side": "sell", "timestamp": 1766189704355}, {"id": "2683703505", "price": 2975.3, "amount": 0.006, "side": "sell", "timestamp": 1766189704631}, {"id": "2683703506", "price": 2975.3, "amount": 0.009, "side": "sell", "timestamp": 1766189704992}, {"id": "2683703507", "price": 2975.31, "amount": 0.067, "side": "buy", "timestamp": 1766189705117}, {"id": "2683703508", "price": 2975.3, "amount": 0.001, "side": "sell", "timestamp": 1766189705406}, {"id": "2683703509", "price": 2975.3, "amount": 0.014, "side": "sell", "timestamp": 1766189705720}, {"id": "2683704074", "price": 2977.13, "amount": 0.009, "side": "buy", "timestamp": 1766189757344}, {"id": "2683704075", "price": 2977.13, "amount": 20.564, "side": "sell", "timestamp": 1766189757346}, {"id": "2683704076", "price": 2977.14, "amount": 0.257, "side": "buy", "timestamp": 1766189757347}, {"id": "2683704077", "price": 2977.13, "amount": 2.386, "side": "sell", "timestamp": 1766189757377}, {"id": "2683704078", "price": 2977.14, "amount": 10.11, "side": "buy", "timestamp": 1766189757711}, {"id": "2683704079", "price": 2977.14, "amount": 0.732, "side": "buy", "timestamp": 1766189758039}, {"id": "2683704080", "price": 2977.13, "amount": 1.53, "side": "sell", "timestamp": 1766189758039}, {"id": "2683704081", "price": 2977.14, "amount": 22.882, "side": "buy", "timestamp": 1766189758039}, {"id": "2683704082", "price": 2977.14, "amount": 0.192, "side": "buy", "timestamp": 1766189758641}, {"id": "2683704083", "price": 2977.14, "amount": 0.177, "side": "buy", "timestamp": 1766189758967}, {"id": "2683704084", "price": 2977.13, "amount": 0.746, "side": "sell", "timestamp": 1766189759238}, {"id": "2683704085", "price": 2977.12, "amount": 0.007, "side": "sell", "timestamp": 1766189759238}, {"id": "2683704086", "price": 2977.11, "amount": 0.014, "side": "sell", "timestamp": 1766189759238}, {"id": "2683704087", "price": 2977.1, "amount": 0.055, "side": "sell", "timestamp": 1766189759238}, {"id": "2683704088", "price": 2977.09, "amount": 0.009, "side": "sell", "timestamp": 1766189759238}, {"id": "2683704089", "price": 2977.08, "amount": 0.037, "side": "sell", "timestamp": 1766189759238}, {"id": "2683704090", "price": 2977.07, "amount": 0.017, "side": "sell", "timestamp": 1766189759238}, {"id": "2683704091", "price": 2977.06, "amount": 0.023, "side": "sell", "timestamp": 1766189759238}, {"id": "2683704092", "price": 2977.05, "amount": 0.392, "side": "sell", "timestamp": 1766189759238}, {"id": "2683704093", "price": 2977.04, "amount": 0.008, "side": "sell", "timestamp": 1766189759238}, {"id": "2683704094", "price": 2977.03, "amount": 0.009, "side": "sell", "timestamp": 1766189759238}, {"id": "2683704095", "price": 2977.02, "amount": 0.714, "side": "sell", "timestamp": 1766189759238}, {"id": "2683704096", "price": 2977.01, "amount": 0.008, "side": "sell", "timestamp": 1766189759244}, {"id": "2683704097", "price": 2977.0, "amount": 0.018, "side": "sell", "timestamp": 1766189759244}, {"id": "2683704098", "price": 2976.99, "amount": 0.081, "side": "sell", "timestamp": 1766189759244}, {"id": "2683704099", "price": 2976.98, "amount": 0.025, "side": "sell", "timestamp": 1766189759244}, {"id": "2683704100", "price": 2976.97, "amount": 0.016, "side": "sell", "timestamp": 1766189759244}, {"id": "2683704101", "price": 2976.96, "amount": 0.014, "side": "sell", "timestamp": 1766189759249}, {"id": "2683704102", "price": 2976.95, "amount": 0.015, "side": "sell", "timestamp": 1766189759252}, {"id": "2683704103", "price": 2976.94, "amount": 0.091, "side": "sell", "timestamp": 1766189759252}, {"id": "2683704104", "price": 2976.92, "amount": 0.017, "side": "sell", "timestamp": 1766189759252}, {"id": "2683704105", "price": 2976.91, "amount": 0.018, "side": "sell", "timestamp": 1766189759252}, {"id": "2683704106", "price": 2976.9, "amount": 0.037, "side": "sell", "timestamp": 1766189759264}, {"id": "2683704107", "price": 2976.89, "amount": 0.015, "side": "sell", "timestamp": 1766189759264}, {"id": "2683704108", "price": 2976.88, "amount": 0.034, "side": "sell", "timestamp": 1766189759265}, {"id": "2683704109", "price": 2976.87, "amount": 0.045, "side": "sell", "timestamp": 1766189759266}, {"id": "2683704110", "price": 2976.86, "amount": 0.707, "side": "sell", "timestamp": 1766189759270}, {"id": "2683704111", "price": 2976.84, "amount": 0.081, "side": "sell", "timestamp": 1766189759272}, {"id": "2683704112", "price": 2976.82, "amount": 0.025, "side": "sell", "timestamp": 1766189759272}, {"id": "2683704113", "price": 2976.81, "amount": 0.015, "side": "sell", "timestamp": 1766189759272}, {"id": "2683704114", "price": 2976.8, "amount": 0.037, "side": "sell", "timestamp": 1766189759272}, {"id": "2683704115", "price": 2976.79, "amount": 0.046, "side": "sell", "timestamp": 1766189759272}, {"id": "2683704116", "price": 2976.77, "amount": 0.091, "side": "sell", "timestamp": 1766189759272}, {"id": "2683704117", "price": 2976.76, "amount": 0.658, "side": "buy", "timestamp": 1766189759460}, {"id": "2683704118", "price": 2976.75, "amount": 0.015, "side": "sell", "timestamp": 1766189759843}, {"id": "2683704119", "price": 2976.76, "amount": 0.058, "side": "buy", "timestamp": 1766189759933}, {"id": "2683704120", "price": 2976.75, "amount": 0.009, "side": "sell", "timestamp": 1766189760225}, {"id": "2683704121", "price": 2976.76, "amount": 0.709, "side": "buy", "timestamp": 1766189760330}, {"id": "2683704122", "price": 2976.76, "amount": 1.0, "side": "buy", "timestamp": 1766189760481}, {"id": "2683704123", "price": 2976.75, "amount": 0.646, "side": "sell", "timestamp": 1766189760535}, {"id": "2683704856", "price": 2974.69, "amount": 0.351, "side": "sell", "timestamp": 1766189809603}, {"id": "2683704857", "price": 2974.68, "amount": 0.008, "side": "sell", "timestamp": 1766189809603}, {"id": "2683704858", "price": 2974.66, "amount": 0.097, "side": "sell", "timestamp": 1766189809603}, {"id": "2683704859", "price": 2974.65, "amount": 0.09, "side": "sell", "timestamp": 1766189809603}, {"id": "2683704860", "price": 2974.64, "amount": 0.051, "side": "sell", "timestamp": 1766189809603}, {"id": "2683704861", "price": 2974.64, "amount": 0.021, "side": "buy", "timestamp": 1766189809614}, {"id": "2683704862", "price": 2974.63, "amount": 0.066, "side": "sell", "timestamp": 1766189809819}, {"id": "2683704863", "price": 2974.63, "amount": 0.034, "side": "sell", "timestamp": 1766189810025}, {"id": "2683704864", "price": 2974.63, "amount": 1.375, "side": "sell", "timestamp": 1766189810231}, {"id": "2683704865", "price": 2974.62, "amount": 0.524, "side": "sell", "timestamp": 1766189810231}, {"id": "2683704866", "price": 2974.61, "amount": 0.038, "side": "sell", "timestamp": 1766189810231}, {"id": "2683704867", "price": 2974.6, "amount": 0.401, "side": "sell", "timestamp": 1766189810231}, {"id": "2683704868", "price": 2974.59, "amount": 0.009, "side": "sell", "timestamp": 1766189810231}, {"id": "2683704869", "price": 2974.58, "amount": 0.07, "side": "sell", "timestamp": 1766189810231}, {"id": "2683704870", "price": 2974.57, "amount": 0.032, "side": "sell", "timestamp": 1766189810231}, {"id": "2683704871", "price": 2974.56, "amount": 0.009, "side": "sell", "timestamp": 1766189810231}, {"id": "2683704872", "price": 2974.55, "amount": 0.186, "side": "sell", "timestamp": 1766189810231}, {"id": "2683704873", "price": 2974.54, "amount": 0.386, "side": "sell", "timestamp": 1766189810231}, {"id": "2683704874", "price": 2974.53, "amount": 0.015, "side": "sell", "timestamp": 1766189810231}, {"id": "2683704875", "price": 2974.52, "amount": 0.086, "side": "sell", "timestamp": 1766189810231}, {"id": "2683704876", "price": 2974.51, "amount": 0.024, "side": "sell", "timestamp": 1766189810231}, {"id": "2683704877", "price": 2974.5, "amount": 0.469, "side": "sell", "timestamp": 1766189810231}, {"id": "2683704878", "price": 2974.49, "amount": 1.54, "side": "sell", "timestamp": 1766189810231}, {"id": "2683704879", "price": 2974.48, "amount": 0.075, "side": "sell", "timestamp": 1766189810231}, {"id": "2683704880", "price": 2974.47, "amount": 0.049, "side": "sell", "timestamp": 1766189810231}, {"id": "2683704881", "price": 2974.46, "amount": 0.239, "side": "sell", "timestamp": 1766189810231}, {"id": "2683704882", "price": 2974.45, "amount": 0.015, "side": "sell", "timestamp": 1766189810247}, {"id": "2683704883", "price": 2974.44, "amount": 0.104, "side": "sell", "timestamp": 1766189810276}, {"id": "2683704884", "price": 2974.44, "amount": 0.187, "side": "sell", "timestamp": 1766189810857}, {"id": "2683704885", "price": 2974.45, "amount": 0.067, "side": "buy", "timestamp": 1766189811109}, {"id": "2683704886", "price": 2974.44, "amount": 0.376, "side": "sell", "timestamp": 1766189811153}, {"id": "2683704887", "price": 2974.44, "amount": 0.004, "side": "sell", "timestamp": 1766189812221}, {"id": "2683704888", "price": 2974.45, "amount": 0.01, "side": "buy", "timestamp": 1766189812845}, {"id": "2683704889", "price": 2974.44, "amount": 0.009, "side": "sell", "timestamp": 1766189812921}, {"id": "2683704890", "price": 2974.44, "amount": 0.006, "side": "sell", "timestamp": 1766189813114}, {"id": "2683704891", "price": 2974.45, "amount": 0.067, "side": "buy", "timestamp": 1766189813159}, {"id": "2683704892", "price": 2974.44, "amount": 1.836, "side": "sell", "timestamp": 1766189813250}, {"id": "2683704893", "price": 2974.44, "amount": 6.933, "side": "sell", "timestamp": 1766189813556}, {"id": "2683704894", "price": 2974.45, "amount": 0.008, "side": "buy", "timestamp": 1766189813659}, {"id": "2683704895", "price": 2974.44, "amount": 1.749, "side": "sell", "timestamp": 1766189813815}, {"id": "2683704896", "price": 2974.44, "amount": 0.028, "side": "sell", "timestamp": 1766189814402}, {"id": "2683704897", "price": 2974.45, "amount": 0.125, "side": "buy", "timestamp": 1766189814592}, {"id": "2683704898", "price": 2974.44, "amount": 1.937, "side": "sell", "timestamp": 1766189814743}, {"id": "2683704899", "price": 2974.45, "amount": 0.19, "side": "buy", "timestamp": 1766189814757}, {"id": "2683704900", "price": 2974.45, "amount": 0.067, "side": "buy", "timestamp": 1766189815186}, {"id": "2683704901", "price": 2974.44, "amount": 0.075, "side": "sell", "timestamp": 1766189815333}, {"id": "2683704902", "price": 2974.44, "amount": 2.974, "side": "sell", "timestamp": 1766189815439}, {"id": "2683704903", "price": 2974.44, "amount": 0.157, "side": "buy", "timestamp": 1766189815491}, {"id": "2683704904", "price": 2974.43, "amount": 0.368, "side": "sell", "timestamp": 1766189815847}, {"id": "2683704905", "price": 2974.44, "amount": 0.512, "side": "buy", "timestamp": 1766189815894}]