[{"symbol": "AVAXUSDT", "bids": [[12.239, 601.0], [12.238, 445.0], [12.237, 701.0], [12.236, 801.0], [12.235, 1206.0], [12.234, 2348.0], [12.233, 1517.0], [12.232, 988.0], [12.231, 2502.0], [12.23, 807.0], [12.229, 1496.0], [12.228, 3148.0], [12.227, 1534.0], [12.226, 1371.0], [12.225, 4658.0], [12.224, 4016.0], [12.223, 1578.0], [12.222, 2240.0], [12.221, 877.0], [12.22, 3500.0]], "asks": [[12.24, 296.0], [12.241, 693.0], [12.242, 2334.0], [12.243, 6080.0], [12.244, 1722.0], [12.245, 1950.0], [12.246, 2834.0], [12.247, 2028.0], [12.248, 1854.0], [12.249, 2892.0], [12.25, 1352.0], [12.251, 1536.0], [12.252, 2972.0], [12.253, 942.0], [12.254, 1902.0], [12.255, 4695.0], [12.256, 1390.0], [12.257, 4049.0], [12.258, 2779.0], [12.259, 2076.0]], "timestamp": "2025-12-19T17:38:26.914353+00:00"}, {"symbol": "AVAXUSDT", "bids": [[12.236, 12.0], [12.235, 386.0], [12.234, 695.0], [12.233, 747.0], [12.232, 995.0], [12.231, 2385.0], [12.23, 1064.0], [12.229, 1751.0], [12.228, 2473.0], [12.227, 850.0], [12.226, 1169.0], [12.225, 3277.0], [12.224, 1423.0], [12.223, 1687.0], [12.222, 4977.0], [12.221, 1144.0], [12.22, 1216.0], [12.219, 2416.0], [12.218, 1293.0], [12.217, 1209.0]], "asks": [[12.237, 581.0], [12.238, 1817.0], [12.239, 6933.0], [12.24, 718.0], [12.241, 1606.0], [12.242, 3723.0], [12.243, 1619.0], [12.244, 1949.0], [12.245, 1283.0], [12.246, 2106.0], [12.247, 1192.0], [12.248, 927.0], [12.249, 2563.0], [12.25, 3717.0], [12.251, 1580.0], [12.252, 4540.0], [12.253, 1955.0], [12.254, 1371.0], [12.255, 4832.0], [12.256, 13780.0]], "timestamp": "2025-12-19T17:39:20.242787+00:00"}, {"symbol": "AVAXUSDT", "bids": [[12.224, 405.0], [12.223, 554.0], [12.222, 617.0], [12.221, 764.0], [12.22, 2099.0], [12.219, 1141.0], [12.218, 1127.0], [12.217, 2243.0], [12.216, 1605.0], [12.215, 888.0], [12.214, 1246.0], [12.213, 3270.0], [12.212, 703.0], [12.211, 3675.0], [12.21, 5077.0], [12.209, 1002.0], [12.208, 1283.0], [12.207, 2058.0], [12.206, 565.0], [12.205, 1477.0]], "asks": [[12.225, 57.0], [12.226, 1565.0], [12.227, 6105.0], [12.228, 507.0], [12.229, 1165.0], [12.23, 1707.0], [12.231, 1468.0], [12.232, 1502.0], [12.233, 1220.0], [12.234, 3886.0], [12.235, 1063.0], [12.236, 1761.0], [12.237, 2322.0], [12.238, 1494.0], [12.239, 1802.0], [12.24, 3341.0], [12.241, 1828.0], [12.242, 4441.0], [12.243, 3008.0], [12.244, 862.0]], "timestamp": "2025-12-19T17:40:13.103604+00:00"}, {"symbol": "AVAXUSDT", "bids": [[12.219, 298.0], [12.218, 467.0], [12.217, 829.0], [12.216, 502.0], [12.215, 745.0], [12.214, 1708.0], [12.213, 2935.0], [12.212, 1171.0], [12.211, 1850.0], [12.21, 2375.0], [12.209, 1341.0], [12.208, 3100.0], [12.207, 2647.0], [12.206, 1823.0], [12.205, 1915.0], [12.204, 4457.0], [12.203, 1275.0], [12.202, 1879.0], [12.201, 5035.0], [12.2, 1810.0]], "asks": [[12.22, 415.0], [12.221, 628.0], [12.222, 1130.0], [12.223, 826.0], [12.224, 2529.0], [12.225, 1311.0], [12.226, 1365.0], [12.227, 2926.0], [12.228, 2088.0], [12.229, 2347.0], [12.23, 2157.0], [12.231, 3573.0], [12.232, 1422.0], [12.233, 1151.0], [12.234, 4672.0], [12.235, 2090.0], [12.236, 1314.0], [12.237, 2935.0], [12.238, 2431.0], [12.239, 1298.0]], "timestamp": "2025-12-19T17:41:05.945012+00:00"}, {"symbol": "AVAXUSDT", "bids": [[12.196, 5496.0], [12.195, 780.0], [12.194, 1771.0], [12.193, 319.0], [12.192, 1072.0], [12.191, 1992.0], [12.19, 896.0], [12.189, 1456.0], [12.188, 2143.0], [12.187, 1239.0], [12.186, 1748.0], [12.185, 2635.0], [12.184, 2617.0], [12.183, 4049.0], [12.182, 2307.0], [12.181, 1374.0], [12.18, 4620.0], [12.179, 1532.0], [12.178, 1866.0], [12.177, 2433.0]], "asks": [[12.197, 438.0], [12.198, 571.0], [12.199, 708.0], [12.2, 1161.0], [12.201, 832.0], [12.202, 1252.0], [12.203, 2287.0], [12.204, 1193.0], [12.205, 1864.0], [12.206, 2810.0], [12.207, 1280.0], [12.208, 2050.0], [12.209, 2711.0], [12.21, 2404.0], [12.211, 4403.0], [12.212, 3495.0], [12.213, 1133.0], [12.214, 1283.0], [12.215, 2582.0], [12.216, 1046.0]], "timestamp": "2025-12-19T17:41:58.476106+00:00"}, {"symbol": "AVAXUSDT", "bids": [[12.215, 15.0], [12.214, 457.0], [12.213, 663.0], [12.212, 691.0], [12.211, 1875.0], [12.21, 2618.0], [12.209, 1525.0], [12.208, 894.0], [12.207, 2409.0], [12.206, 619.0], [12.205, 1006.0], [12.204, 3198.0], [12.203, 4520.0], [12.202, 1104.0], [12.201, 2617.0], [12.2, 3453.0], [12.199, 1011.0], [12.198, 1305.0], [12.197, 2339.0], [12.196, 931.0]], "asks": [[12.216, 618.0], [12.217, 1180.0], [12.218, 984.0], [12.219, 2650.0], [12.22, 1816.0], [12.221, 1346.0], [12.222, 2105.0], [12.223, 1153.0], [12.224, 1223.0], [12.225, 2454.0], [12.226, 1315.0], [12.227, 951.0], [12.228, 2430.0], [12.229, 1116.0], [12.23, 3440.0], [12.231, 2963.0], [12.232, 756.0], [12.233, 2750.0], [12.234, 2684.0], [12.235, 1311.0]], "timestamp": "2025-12-19T17:42:51.416542+00:00"}, {"symbol": "AVAXUSDT", "bids": [[12.219, 94.0], [12.218, 230.0], [12.217, 1075.0], [12.216, 2354.0], [12.215, 1241.0], [12.214, 2298.0], [12.213, 2627.0], [12.212, 1579.0], [12.211, 1664.0], [12.21, 2511.0], [12.209, 2766.0], [12.208, 1658.0], [12.207, 2506.0], [12.206, 1571.0], [12.205, 1581.0], [12.204, 4774.0], [12.203, 905.0], [12.202, 1382.0], [12.201, 2660.0], [12.2, 4372.0]], "asks": [[12.22, 1303.0], [12.221, 531.0], [12.222, 859.0], [12.223, 710.0], [12.224, 1134.0], [12.225, 1852.0], [12.226, 1749.0], [12.227, 1338.0], [12.228, 2231.0], [12.229, 2053.0], [12.23, 1842.0], [12.231, 2788.0], [12.232, 857.0], [12.233, 1732.0], [12.234, 2473.0], [12.235, 4605.0], [12.236, 1608.0], [12.237, 2281.0], [12.238, 2110.0], [12.239, 1963.0]], "timestamp": "2025-12-19T17:43:44.255628+00:00"}, {"symbol": "AVAXUSDT", "bids": [[12.209, 190.0], [12.208, 386.0], [12.207, 565.0], [12.206, 495.0], [12.205, 1057.0], [12.204, 2383.0], [12.203, 592.0], [12.202, 1160.0], [12.201, 2290.0], [12.2, 1473.0], [12.199, 1498.0], [12.198, 1594.0], [12.197, 3754.0], [12.196, 1420.0], [12.195, 1165.0], [12.194, 4719.0], [12.193, 931.0], [12.192, 1412.0], [12.191, 5755.0], [12.19, 1215.0]], "asks": [[12.21, 344.0], [12.211, 1043.0], [12.212, 1331.0], [12.213, 2484.0], [12.214, 1191.0], [12.215, 1222.0], [12.216, 1210.0], [12.217, 1917.0], [12.218, 3891.0], [12.219, 1840.0], [12.22, 2102.0], [12.221, 2746.0], [12.222, 3053.0], [12.223, 4965.0], [12.224, 3281.0], [12.225, 2083.0], [12.226, 1305.0], [12.227, 1304.0], [12.228, 2544.0], [12.229, 1003.0]], "timestamp": "2025-12-19T17:44:36.891617+00:00"}, {"symbol": "AVAXUSDT", "bids": [[12.156, 93.0], [12.155, 1149.0], [12.154, 799.0], [12.153, 984.0], [12.152, 1184.0], [12.151, 1450.0], [12.15, 1434.0], [12.149, 2831.0], [12.148, 950.0], [12.147, 977.0], [12.146, 2165.0], [12.145, 948.0], [12.144, 1501.0], [12.143, 2457.0], [12.142, 1618.0], [12.141, 906.0], [12.14, 2919.0], [12.139, 987.0], [12.138, 2217.0], [12.137, 1472.0]], "asks": [[12.157, 610.0], [12.158, 295.0], [12.159, 792.0], [12.16, 988.0], [12.161, 2259.0], [12.162, 2703.0], [12.163, 1193.0], [12.164, 1639.0], [12.165, 2253.0], [12.166, 851.0], [12.167, 1116.0], [12.168, 2891.0], [12.169, 1530.0], [12.17, 2816.0], [12.171, 2952.0], [12.172, 1295.0], [12.173, 1309.0], [12.174, 2691.0], [12.175, 1963.0], [12.176, 2019.0]], "timestamp": "2025-12-19T17:45:30.050015+00:00"}, {"symbol": "AVAXUSDT", "bids": [[12.159, 637.0], [12.158, 1521.0], [12.157, 6164.0], [12.156, 2360.0], [12.155, 1136.0], [12.154, 1778.0], [12.153, 4323.0], [12.152, 2196.0], [12.151, 1113.0], [12.15, 1020.0], [12.149, 2515.0], [12.148, 1809.0], [12.147, 2738.0], [12.146, 5026.0], [12.145, 1325.0], [12.144, 2210.0], [12.143, 5138.0], [12.142, 1048.0], [12.141, 2885.0], [12.14, 17006.0]], "asks": [[12.16, 21.0], [12.161, 344.0], [12.162, 757.0], [12.163, 1302.0], [12.164, 2851.0], [12.165, 2858.0], [12.166, 1668.0], [12.167, 1176.0], [12.168, 3378.0], [12.169, 1525.0], [12.17, 2931.0], [12.171, 3072.0], [12.172, 2038.0], [12.173, 3946.0], [12.174, 3035.0], [12.175, 752.0], [12.176, 947.0], [12.177, 2504.0], [12.178, 1416.0], [12.179, 1607.0]], "timestamp": "2025-12-19T17:46:23.109241+00:00"}, {"symbol": "AVAXUSDT", "bids": [[12.15, 571.0], [12.149, 828.0], [12.148, 801.0], [12.147, 920.0], [12.146, 2412.0], [12.145, 1240.0], [12.144, 1018.0], [12.143, 2412.0], [12.142, 1495.0], [12.141, 2728.0], [12.14, 2259.0], [12.139, 2635.0], [12.138, 1620.0], [12.137, 2679.0], [12.136, 3643.0], [12.135, 2107.0], [12.134, 2373.0], [12.133, 1404.0], [12.132, 3170.0], [12.131, 2370.0]], "asks": [[12.151, 37.0], [12.152, 123.0], [12.153, 765.0], [12.154, 836.0], [12.155, 3513.0], [12.156, 2605.0], [12.157, 1803.0], [12.158, 3997.0], [12.159, 3441.0], [12.16, 1771.0], [12.161, 2535.0], [12.162, 1165.0], [12.163, 1353.0], [12.164, 3381.0], [12.165, 2545.0], [12.166, 1239.0], [12.167, 1417.0], [12.168, 2915.0], [12.169, 1104.0], [12.17, 930.0]], "timestamp": "2025-12-19T17:47:16.431525+00:00"}, {"symbol": "AVAXUSDT", "bids": [[12.176, 149.0], [12.175, 712.0], [12.174, 481.0], [12.173, 821.0], [12.172, 1475.0], [12.171, 2538.0], [12.17, 1000.0], [12.169, 1311.0], [12.168, 1652.0], [12.167, 2371.0], [12.166, 1931.0], [12.165, 1715.0], [12.164, 2907.0], [12.163, 1685.0], [12.162, 3594.0], [12.161, 2265.0], [12.16, 825.0], [12.159, 645.0], [12.158, 2669.0], [12.157, 988.0]], "asks": [[12.177, 305.0], [12.178, 784.0], [12.179, 536.0], [12.18, 5328.0], [12.181, 525.0], [12.182, 651.0], [12.183, 2031.0], [12.184, 678.0], [12.185, 598.0], [12.186, 1990.0], [12.187, 1088.0], [12.188, 839.0], [12.189, 2216.0], [12.19, 3013.0], [12.191, 1438.0], [12.192, 2537.0], [12.193, 774.0], [12.194, 1712.0], [12.195, 2673.0], [12.196, 906.0]], "timestamp": "2025-12-19T17:48:10.080637+00:00"}, {"symbol": "AVAXUSDT", "bids": [[12.182, 4.0], [12.181, 77.0], [12.18, 1041.0], [12.179, 2900.0], [12.178, 1703.0], [12.177, 1718.0], [12.176, 3081.0], [12.175, 1993.0], [12.174, 1399.0], [12.173, 3410.0], [12.172, 1040.0], [12.171, 2073.0], [12.17, 2354.0], [12.169, 1235.0], [12.168, 1751.0], [12.167, 4690.0], [12.166, 1608.0], [12.165, 3282.0], [12.164, 14916.0], [12.163, 813.0]], "asks": [[12.183, 1508.0], [12.184, 2144.0], [12.185, 6564.0], [12.186, 703.0], [12.187, 1084.0], [12.188, 1085.0], [12.189, 849.0], [12.19, 787.0], [12.191, 1950.0], [12.192, 866.0], [12.193, 853.0], [12.194, 966.0], [12.195, 2125.0], [12.196, 1159.0], [12.197, 815.0], [12.198, 2819.0], [12.199, 1949.0], [12.2, 2677.0], [12.201, 1703.0], [12.202, 1386.0]], "timestamp": "2025-12-19T17:49:02.929768+00:00"}, {"symbol": "AVAXUSDT", "bids": [[12.199, 429.0], [12.198, 916.0], [12.197, 646.0], [12.196, 968.0], [12.195, 2660.0], [12.194, 1504.0], [12.193, 1902.0], [12.192, 2408.0], [12.191, 1400.0], [12.19, 1594.0], [12.189, 5224.0], [12.188, 1991.0], [12.187, 1154.0], [12.186, 1870.0], [12.185, 3784.0], [12.184, 2600.0], [12.183, 777.0], [12.182, 2392.0], [12.181, 1079.0], [12.18, 1717.0]], "asks": [[12.2, 386.0], [12.201, 1588.0], [12.202, 1724.0], [12.203, 7154.0], [12.204, 2187.0], [12.205, 6938.0], [12.206, 1048.0], [12.207, 2623.0], [12.208, 1571.0], [12.209, 979.0], [12.21, 1530.0], [12.211, 2447.0], [12.212, 1772.0], [12.213, 2494.0], [12.214, 2427.0], [12.215, 1474.0], [12.216, 876.0], [12.217, 2545.0], [12.218, 3400.0], [12.219, 1501.0]], "timestamp": "2025-12-19T17:49:55.841400+00:00"}, {"symbol": "AVAXUSDT", "bids": [[12.211, 39.0], [12.21, 215.0], [12.209, 774.0], [12.208, 985.0], [12.207, 1341.0], [12.206, 2387.0], [12.205, 932.0], [12.204, 1974.0], [12.203, 2177.0], [12.202, 1185.0], [12.201, 1921.0], [12.2, 3038.0], [12.199, 669.0], [12.198, 1136.0], [12.197, 2207.0], [12.196, 2800.0], [12.195, 1362.0], [12.194, 1963.0], [12.193, 1336.0], [12.192, 5453.0]], "asks": [[12.212, 849.0], [12.213, 6086.0], [12.214, 594.0], [12.215, 1984.0], [12.216, 2892.0], [12.217, 6898.0], [12.218, 999.0], [12.219, 3056.0], [12.22, 6196.0], [12.221, 1317.0], [12.222, 4548.0], [12.223, 626.0], [12.224, 1107.0], [12.225, 938.0], [12.226, 1503.0], [12.227, 2562.0], [12.228, 1599.0], [12.229, 2909.0], [12.23, 2766.0], [12.231, 1403.0]], "timestamp": "2025-12-19T17:50:49.120324+00:00"}, {"symbol": "AVAXUSDT", "bids": [[12.214, 9.0], [12.213, 193.0], [12.212, 630.0], [12.211, 320.0], [12.21, 1373.0], [12.209, 2596.0], [12.208, 1305.0], [12.207, 1874.0], [12.206, 2958.0], [12.205, 1874.0], [12.204, 1966.0], [12.203, 4479.0], [12.202, 1706.0], [12.201, 2866.0], [12.2, 2703.0], [12.199, 757.0], [12.198, 2639.0], [12.197, 14942.0], [12.196, 707.0], [12.195, 1873.0]], "asks": [[12.215, 1149.0], [12.216, 2021.0], [12.217, 6590.0], [12.218, 1211.0], [12.219, 1349.0], [12.22, 3192.0], [12.221, 6282.0], [12.222, 1358.0], [12.223, 750.0], [12.224, 2419.0], [12.225, 8298.0], [12.226, 1503.0], [12.227, 1920.0], [12.228, 2424.0], [12.229, 1362.0], [12.23, 1339.0], [12.231, 1084.0], [12.232, 3648.0], [12.233, 1142.0], [12.234, 1457.0]], "timestamp": "2025-12-19T17:51:42.675139+00:00"}, {"symbol": "AVAXUSDT", "bids": [[12.21, 48.0], [12.209, 1766.0], [12.208, 1202.0], [12.207, 707.0], [12.206, 2360.0], [12.205, 2034.0], [12.204, 1344.0], [12.203, 2619.0], [12.202, 1204.0], [12.201, 2131.0], [12.2, 2763.0], [12.199, 1385.0], [12.198, 2024.0], [12.197, 4132.0], [12.196, 674.0], [12.195, 2036.0], [12.194, 2397.0], [12.193, 956.0], [12.192, 1006.0], [12.191, 2399.0]], "asks": [[12.211, 535.0], [12.212, 649.0], [12.213, 802.0], [12.214, 1343.0], [12.215, 979.0], [12.216, 1364.0], [12.217, 2140.0], [12.218, 1606.0], [12.219, 1572.0], [12.22, 2343.0], [12.221, 2236.0], [12.222, 1105.0], [12.223, 2321.0], [12.224, 945.0], [12.225, 3360.0], [12.226, 3467.0], [12.227, 1611.0], [12.228, 1014.0], [12.229, 2273.0], [12.23, 3055.0]], "timestamp": "2025-12-19T17:52:35.616596+00:00"}, {"symbol": "AVAXUSDT", "bids": [[12.19, 31.0], [12.189, 716.0], [12.188, 648.0], [12.187, 982.0], [12.186, 1506.0], [12.185, 2253.0], [12.184, 1226.0], [12.183, 1094.0], [12.182, 2101.0], [12.181, 1750.0], [12.18, 1907.0], [12.179, 2768.0], [12.178, 1741.0], [12.177, 3023.0], [12.176, 2464.0], [12.175, 1432.0], [12.174, 3642.0], [12.173, 5040.0], [12.172, 669.0], [12.171, 684.0]], "asks": [[12.191, 1173.0], [12.192, 679.0], [12.193, 1523.0], [12.194, 2970.0], [12.195, 2187.0], [12.196, 1602.0], [12.197, 3644.0], [12.198, 1336.0], [12.199, 3118.0], [12.2, 3705.0], [12.201, 827.0], [12.202, 1055.0], [12.203, 1368.0], [12.204, 3456.0], [12.205, 2578.0], [12.206, 1683.0], [12.207, 1395.0], [12.208, 2325.0], [12.209, 1735.0], [12.21, 4285.0]], "timestamp": "2025-12-19T17:53:29.070293+00:00"}, {"symbol": "AVAXUSDT", "bids": [[12.182, 225.0], [12.181, 1648.0], [12.18, 6814.0], [12.179, 685.0], [12.178, 884.0], [12.177, 2893.0], [12.176, 1476.0], [12.175, 1059.0], [12.174, 2228.0], [12.173, 1074.0], [12.172, 1479.0], [12.171, 1561.0], [12.17, 2314.0], [12.169, 1786.0], [12.168, 2469.0], [12.167, 2591.0], [12.166, 4953.0], [12.165, 1475.0], [12.164, 2503.0], [12.163, 847.0]], "asks": [[12.183, 290.0], [12.184, 819.0], [12.185, 777.0], [12.186, 1533.0], [12.187, 2734.0], [12.188, 3944.0], [12.189, 1367.0], [12.19, 1862.0], [12.191, 3691.0], [12.192, 1237.0], [12.193, 1520.0], [12.194, 3112.0], [12.195, 2176.0], [12.196, 2933.0], [12.197, 2569.0], [12.198, 1283.0], [12.199, 2016.0], [12.2, 5059.0], [12.201, 13800.0], [12.202, 2448.0]], "timestamp": "2025-12-19T17:54:22.831273+00:00"}, {"symbol": "AVAXUSDT", "bids": [[12.184, 7.0], [12.183, 85.0], [12.182, 360.0], [12.181, 912.0], [12.18, 1241.0], [12.179, 1458.0], [12.178, 1386.0], [12.177, 3509.0], [12.176, 1496.0], [12.175, 2440.0], [12.174, 3745.0], [12.173, 752.0], [12.172, 1476.0], [12.171, 1152.0], [12.17, 2656.0], [12.169, 1364.0], [12.168, 6113.0], [12.167, 2193.0], [12.166, 721.0], [12.165, 2964.0]], "asks": [[12.185, 1059.0], [12.186, 1455.0], [12.187, 1000.0], [12.188, 295.0], [12.189, 1218.0], [12.19, 1564.0], [12.191, 2600.0], [12.192, 1448.0], [12.193, 1279.0], [12.194, 2950.0], [12.195, 2005.0], [12.196, 1137.0], [12.197, 2386.0], [12.198, 2055.0], [12.199, 4053.0], [12.2, 2779.0], [12.201, 1385.0], [12.202, 1204.0], [12.203, 900.0], [12.204, 2063.0]], "timestamp": "2025-12-19T17:55:16.285035+00:00"}, {"symbol": "AVAXUSDT", "bids": [[12.175, 50.0], [12.174, 507.0], [12.173, 4488.0], [12.172, 942.0], [12.171, 1811.0], [12.17, 1252.0], [12.169, 1045.0], [12.168, 2757.0], [12.167, 1285.0], [12.166, 1673.0], [12.165, 2973.0], [12.164, 1877.0], [12.163, 2217.0], [12.162, 2603.0], [12.161, 1838.0], [12.16, 1173.0], [12.159, 4447.0], [12.158, 1522.0], [12.157, 1937.0], [12.156, 1164.0]], "asks": [[12.176, 629.0], [12.177, 660.0], [12.178, 979.0], [12.179, 505.0], [12.18, 1143.0], [12.181, 1320.0], [12.182, 2274.0], [12.183, 1028.0], [12.184, 1482.0], [12.185, 2436.0], [12.186, 615.0], [12.187, 912.0], [12.188, 4360.0], [12.189, 1198.0], [12.19, 2470.0], [12.191, 3149.0], [12.192, 1424.0], [12.193, 3551.0], [12.194, 2872.0], [12.195, 1072.0]], "timestamp": "2025-12-19T17:56:09.125188+00:00"}, {"symbol": "AVAXUSDT", "bids": [[12.177, 1.0], [12.176, 672.0], [12.175, 1564.0], [12.174, 460.0], [12.173, 1287.0], [12.172, 2153.0], [12.171, 792.0], [12.17, 1181.0], [12.169, 2081.0], [12.168, 2850.0], [12.167, 1360.0], [12.166, 1174.0], [12.165, 2195.0], [12.164, 2814.0], [12.163, 3388.0], [12.162, 1097.0], [12.161, 1513.0], [12.16, 2448.0], [12.159, 696.0], [12.158, 2806.0]], "asks": [[12.178, 317.0], [12.179, 625.0], [12.18, 909.0], [12.181, 606.0], [12.182, 1062.0], [12.183, 1131.0], [12.184, 2306.0], [12.185, 818.0], [12.186, 1069.0], [12.187, 2107.0], [12.188, 1336.0], [12.189, 1883.0], [12.19, 1976.0], [12.191, 1445.0], [12.192, 3766.0], [12.193, 1076.0], [12.194, 1415.0], [12.195, 2132.0], [12.196, 3039.0], [12.197, 2272.0]], "timestamp": "2025-12-19T17:57:02.170410+00:00"}, {"symbol": "AVAXUSDT", "bids": [[12.173, 298.0], [12.172, 1033.0], [12.171, 638.0], [12.17, 1053.0], [12.169, 2006.0], [12.168, 1165.0], [12.167, 922.0], [12.166, 2104.0], [12.165, 1463.0], [12.164, 1444.0], [12.163, 2780.0], [12.162, 2039.0], [12.161, 1319.0], [12.16, 4344.0], [12.159, 1140.0], [12.158, 1642.0], [12.157, 3768.0], [12.156, 2338.0], [12.155, 650.0], [12.154, 628.0]], "asks": [[12.174, 128.0], [12.175, 659.0], [12.176, 1400.0], [12.177, 767.0], [12.178, 2090.0], [12.179, 1636.0], [12.18, 1659.0], [12.181, 2439.0], [12.182, 1232.0], [12.183, 1756.0], [12.184, 2294.0], [12.185, 1158.0], [12.186, 1131.0], [12.187, 3950.0], [12.188, 978.0], [12.189, 1750.0], [12.19, 2934.0], [12.191, 2093.0], [12.192, 4353.0], [12.193, 14534.0]], "timestamp": "2025-12-19T17:57:55.314199+00:00"}, {"symbol": "AVAXUSDT", "bids": [[12.13, 1013.0], [12.129, 5451.0], [12.128, 504.0], [12.127, 480.0], [12.126, 986.0], [12.125, 2205.0], [12.124, 802.0], [12.123, 1359.0], [12.122, 1049.0], [12.121, 1252.0], [12.12, 2674.0], [12.119, 841.0], [12.118, 1269.0], [12.117, 1988.0], [12.116, 1524.0], [12.115, 3466.0], [12.114, 2546.0], [12.113, 1762.0], [12.112, 1405.0], [12.111, 701.0]], "asks": [[12.131, 18.0], [12.132, 386.0], [12.133, 798.0], [12.134, 741.0], [12.135, 1326.0], [12.136, 2012.0], [12.137, 1385.0], [12.138, 1189.0], [12.139, 1468.0], [12.14, 2671.0], [12.141, 1986.0], [12.142, 779.0], [12.143, 680.0], [12.144, 1225.0], [12.145, 2146.0], [12.146, 831.0], [12.147, 2177.0], [12.148, 979.0], [12.149, 1954.0], [12.15, 1536.0]], "timestamp": "2025-12-19T17:58:48.255782+00:00"}, {"symbol": "AVAXUSDT", "bids": [[12.084, 327.0], [12.083, 625.0], [12.082, 758.0], [12.081, 1006.0], [12.08, 1596.0], [12.079, 846.0], [12.078, 869.0], [12.077, 834.0], [12.076, 2150.0], [12.075, 553.0], [12.074, 988.0], [12.073, 1909.0], [12.072, 3015.0], [12.071, 1611.0], [12.07, 706.0], [12.069, 847.0], [12.068, 2153.0], [12.067, 1902.0], [12.066, 1705.0], [12.065, 1991.0]], "asks": [[12.085, 401.0], [12.086, 627.0], [12.087, 394.0], [12.088, 596.0], [12.089, 2314.0], [12.09, 663.0], [12.091, 878.0], [12.092, 1765.0], [12.093, 2104.0], [12.094, 710.0], [12.095, 1290.0], [12.096, 1897.0], [12.097, 1073.0], [12.098, 948.0], [12.099, 1999.0], [12.1, 2202.0], [12.101, 1605.0], [12.102, 2326.0], [12.103, 2855.0], [12.104, 772.0]], "timestamp": "2025-12-19T17:59:41.299932+00:00"}, {"symbol": "AVAXUSDT", "bids": [[12.099, 531.0], [12.098, 306.0], [12.097, 1044.0], [12.096, 725.0], [12.095, 651.0], [12.094, 1296.0], [12.093, 1523.0], [12.092, 674.0], [12.091, 922.0], [12.09, 1833.0], [12.089, 858.0], [12.088, 1395.0], [12.087, 1773.0], [12.086, 1731.0], [12.085, 2943.0], [12.084, 1009.0], [12.083, 2681.0], [12.082, 1821.0], [12.081, 713.0], [12.08, 1181.0]], "asks": [[12.1, 121.0], [12.101, 433.0], [12.102, 1587.0], [12.103, 957.0], [12.104, 1127.0], [12.105, 2962.0], [12.106, 1502.0], [12.107, 1868.0], [12.108, 3676.0], [12.109, 1903.0], [12.11, 1245.0], [12.111, 1924.0], [12.112, 737.0], [12.113, 3302.0], [12.114, 2088.0], [12.115, 968.0], [12.116, 1386.0], [12.117, 2119.0], [12.118, 1708.0], [12.119, 2765.0]], "timestamp": "2025-12-19T18:00:35.572806+00:00"}, {"symbol": "AVAXUSDT", "bids": [[12.082, 497.0], [12.081, 726.0], [12.08, 553.0], [12.079, 836.0], [12.078, 1160.0], [12.077, 2103.0], [12.076, 1188.0], [12.075, 2186.0], [12.074, 2298.0], [12.073, 1330.0], [12.072, 933.0], [12.071, 1762.0], [12.07, 1414.0], [12.069, 1731.0], [12.068, 2190.0], [12.067, 1301.0], [12.066, 2969.0], [12.065, 2340.0], [12.064, 3595.0], [12.063, 1725.0]], "asks": [[12.083, 89.0], [12.084, 282.0], [12.085, 859.0], [12.086, 1564.0], [12.087, 2449.0], [12.088, 1493.0], [12.089, 2056.0], [12.09, 1362.0], [12.091, 1349.0], [12.092, 1827.0], [12.093, 1353.0], [12.094, 938.0], [12.095, 1717.0], [12.096, 3109.0], [12.097, 837.0], [12.098, 1657.0], [12.099, 1888.0], [12.1, 1422.0], [12.101, 1621.0], [12.102, 2234.0]], "timestamp": "2025-12-19T18:01:28.517015+00:00"}, {"symbol": "AVAXUSDT", "bids": [[12.097, 124.0], [12.096, 1505.0], [12.095, 504.0], [12.094, 1321.0], [12.093, 3325.0], [12.092, 1499.0], [12.091, 1269.0], [12.09, 1401.0], [12.089, 2080.0], [12.088, 2691.0], [12.087, 1866.0], [12.086, 1219.0], [12.085, 2375.0], [12.084, 1377.0], [12.083, 3394.0], [12.082, 1600.0], [12.081, 1147.0], [12.08, 1915.0], [12.079, 1109.0], [12.078, 3006.0]], "asks": [[12.098, 426.0], [12.099, 586.0], [12.1, 1028.0], [12.101, 720.0], [12.102, 1119.0], [12.103, 1154.0], [12.104, 823.0], [12.105, 2219.0], [12.106, 759.0], [12.107, 1137.0], [12.108, 2678.0], [12.109, 965.0], [12.11, 1071.0], [12.111, 3618.0], [12.112, 666.0], [12.113, 1315.0], [12.114, 2109.0], [12.115, 1199.0], [12.116, 1495.0], [12.117, 2704.0]], "timestamp": "2025-12-19T18:02:21.355575+00:00"}, {"symbol": "AVAXUSDT", "bids": [[12.081, 34.0], [12.08, 427.0], [12.079, 638.0], [12.078, 1601.0], [12.077, 709.0], [12.076, 691.0], [12.075, 1956.0], [12.074, 1404.0], [12.073, 1170.0], [12.072, 2239.0], [12.071, 1779.0], [12.07, 1674.0], [12.069, 3169.0], [12.068, 3709.0], [12.067, 1566.0], [12.066, 2030.0], [12.065, 2262.0], [12.064, 801.0], [12.063, 1098.0], [12.062, 1309.0]], "asks": [[12.082, 690.0], [12.083, 1118.0], [12.084, 679.0], [12.085, 1866.0], [12.086, 2430.0], [12.087, 1413.0], [12.088, 2844.0], [12.089, 904.0], [12.09, 1089.0], [12.091, 2385.0], [12.092, 889.0], [12.093, 2166.0], [12.094, 1939.0], [12.095, 2581.0], [12.096, 910.0], [12.097, 933.0], [12.098, 3066.0], [12.099, 3207.0], [12.1, 1313.0], [12.101, 2503.0]], "timestamp": "2025-12-19T18:03:14.594131+00:00"}, {"symbol": "AVAXUSDT", "bids": [[12.078, 1043.0], [12.077, 1036.0], [12.076, 613.0], [12.075, 417.0], [12.074, 886.0], [12.073, 1526.0], [12.072, 3126.0], [12.071, 1272.0], [12.07, 736.0], [12.069, 1356.0], [12.068, 3217.0], [12.067, 1923.0], [12.066, 1239.0], [12.065, 3795.0], [12.064, 621.0], [12.063, 644.0], [12.062, 1277.0], [12.061, 2378.0], [12.06, 4333.0], [12.059, 1270.0]], "asks": [[12.079, 120.0], [12.08, 293.0], [12.081, 289.0], [12.082, 2282.0], [12.083, 1917.0], [12.084, 1623.0], [12.085, 2139.0], [12.086, 639.0], [12.087, 2054.0], [12.088, 2870.0], [12.089, 1934.0], [12.09, 1823.0], [12.091, 2544.0], [12.092, 2977.0], [12.093, 1455.0], [12.094, 1928.0], [12.095, 1468.0], [12.096, 1225.0], [12.097, 1173.0], [12.098, 3225.0]], "timestamp": "2025-12-19T18:04:08.773327+00:00"}, {"symbol": "AVAXUSDT", "bids": [[12.076, 25.0], [12.075, 87.0], [12.074, 263.0], [12.073, 694.0], [12.072, 882.0], [12.071, 2042.0], [12.07, 660.0], [12.069, 789.0], [12.068, 2035.0], [12.067, 1476.0], [12.066, 2128.0], [12.065, 1988.0], [12.064, 1339.0], [12.063, 2680.0], [12.062, 2206.0], [12.061, 1287.0], [12.06, 2043.0], [12.059, 1221.0], [12.058, 3831.0], [12.057, 3270.0]], "asks": [[12.077, 555.0], [12.078, 967.0], [12.079, 851.0], [12.08, 1434.0], [12.081, 1875.0], [12.082, 2540.0], [12.083, 2049.0], [12.084, 1457.0], [12.085, 2558.0], [12.086, 1523.0], [12.087, 3815.0], [12.088, 6147.0], [12.089, 629.0], [12.09, 1328.0], [12.091, 4729.0], [12.092, 905.0], [12.093, 1276.0], [12.094, 1688.0], [12.095, 918.0], [12.096, 1590.0]], "timestamp": "2025-12-19T18:05:01.920719+00:00"}, {"symbol": "AVAXUSDT", "bids": [[12.079, 33.0], [12.078, 1569.0], [12.077, 6030.0], [12.076, 1373.0], [12.075, 980.0], [12.074, 690.0], [12.073, 1431.0], [12.072, 2049.0], [12.071, 875.0], [12.07, 1542.0], [12.069, 3097.0], [12.068, 1190.0], [12.067, 1699.0], [12.066, 3953.0], [12.065, 1377.0], [12.064, 3709.0], [12.063, 2176.0], [12.062, 2566.0], [12.061, 1490.0], [12.06, 1585.0]], "asks": [[12.08, 278.0], [12.081, 591.0], [12.082, 744.0], [12.083, 1780.0], [12.084, 2164.0], [12.085, 2682.0], [12.086, 1331.0], [12.087, 1677.0], [12.088, 5762.0], [12.089, 1372.0], [12.09, 1999.0], [12.091, 2488.0], [12.092, 929.0], [12.093, 1647.0], [12.094, 4591.0], [12.095, 810.0], [12.096, 795.0], [12.097, 1173.0], [12.098, 2445.0], [12.099, 1072.0]], "timestamp": "2025-12-19T18:05:54.842303+00:00"}, {"symbol": "AVAXUSDT", "bids": [[12.092, 116.0], [12.091, 743.0], [12.09, 1769.0], [12.089, 989.0], [12.088, 1510.0], [12.087, 3062.0], [12.086, 1808.0], [12.085, 1817.0], [12.084, 1899.0], [12.083, 1211.0], [12.082, 3682.0], [12.081, 2779.0], [12.08, 709.0], [12.079, 1057.0], [12.078, 3152.0], [12.077, 3529.0], [12.076, 1565.0], [12.075, 3909.0], [12.074, 13809.0], [12.073, 832.0]], "asks": [[12.093, 445.0], [12.094, 1398.0], [12.095, 501.0], [12.096, 1326.0], [12.097, 2008.0], [12.098, 1268.0], [12.099, 742.0], [12.1, 1122.0], [12.101, 2146.0], [12.102, 670.0], [12.103, 1033.0], [12.104, 1510.0], [12.105, 2200.0], [12.106, 1737.0], [12.107, 2844.0], [12.108, 2536.0], [12.109, 742.0], [12.11, 1079.0], [12.111, 2695.0], [12.112, 940.0]], "timestamp": "2025-12-19T18:06:48.109829+00:00"}, {"symbol": "AVAXUSDT", "bids": [[12.079, 431.0], [12.078, 1117.0], [12.077, 784.0], [12.076, 541.0], [12.075, 267.0], [12.074, 379.0], [12.073, 812.0], [12.072, 1125.0], [12.071, 1937.0], [12.07, 975.0], [12.069, 2078.0], [12.068, 1214.0], [12.067, 4234.0], [12.066, 2553.0], [12.065, 3290.0], [12.064, 1032.0], [12.063, 2026.0], [12.062, 827.0], [12.061, 1463.0], [12.06, 1735.0]], "asks": [[12.08, 606.0], [12.081, 598.0], [12.082, 715.0], [12.083, 878.0], [12.084, 2074.0], [12.085, 1000.0], [12.086, 1622.0], [12.087, 2725.0], [12.088, 1448.0], [12.089, 1139.0], [12.09, 642.0], [12.091, 1088.0], [12.092, 2325.0], [12.093, 1467.0], [12.094, 3413.0], [12.095, 1791.0], [12.096, 1694.0], [12.097, 1015.0], [12.098, 2071.0], [12.099, 5261.0]], "timestamp": "2025-12-19T18:07:41.563386+00:00"}, {"symbol": "AVAXUSDT", "bids": [[12.07, 27.0], [12.069, 6372.0], [12.068, 541.0], [12.067, 770.0], [12.066, 2385.0], [12.065, 941.0], [12.064, 2067.0], [12.063, 2131.0], [12.062, 922.0], [12.061, 1752.0], [12.06, 1459.0], [12.059, 872.0], [12.058, 1051.0], [12.057, 1741.0], [12.056, 3501.0], [12.055, 2642.0], [12.054, 798.0], [12.053, 1120.0], [12.052, 1881.0], [12.051, 3747.0]], "asks": [[12.071, 406.0], [12.072, 492.0], [12.073, 794.0], [12.074, 1193.0], [12.075, 1131.0], [12.076, 4285.0], [12.077, 1228.0], [12.078, 1583.0], [12.079, 957.0], [12.08, 2702.0], [12.081, 1567.0], [12.082, 1239.0], [12.083, 4224.0], [12.084, 1001.0], [12.085, 828.0], [12.086, 2811.0], [12.087, 1245.0], [12.088, 4630.0], [12.089, 3243.0], [12.09, 953.0]], "timestamp": "2025-12-19T18:08:34.915025+00:00"}, {"symbol": "AVAXUSDT", "bids": [[12.064, 25.0], [12.063, 240.0], [12.062, 329.0], [12.061, 1082.0], [12.06, 1142.0], [12.059, 1234.0], [12.058, 2559.0], [12.057, 1755.0], [12.056, 1423.0], [12.055, 2848.0], [12.054, 588.0], [12.053, 1061.0], [12.052, 1175.0], [12.051, 3306.0], [12.05, 5393.0], [12.049, 5597.0], [12.048, 1598.0], [12.047, 973.0], [12.046, 3751.0], [12.045, 14574.0]], "asks": [[12.065, 754.0], [12.066, 1028.0], [12.067, 1425.0], [12.068, 1517.0], [12.069, 992.0], [12.07, 1827.0], [12.071, 2853.0], [12.072, 1279.0], [12.073, 1670.0], [12.074, 3056.0], [12.075, 1706.0], [12.076, 3105.0], [12.077, 3017.0], [12.078, 2544.0], [12.079, 3246.0], [12.08, 2274.0], [12.081, 1318.0], [12.082, 1499.0], [12.083, 2804.0], [12.084, 1532.0]], "timestamp": "2025-12-19T18:09:28.676257+00:00"}, {"symbol": "AVAXUSDT", "bids": [[12.078, 519.0], [12.077, 4827.0], [12.076, 510.0], [12.075, 1630.0], [12.074, 2965.0], [12.073, 1566.0], [12.072, 1692.0], [12.071, 2949.0], [12.07, 1138.0], [12.069, 1361.0], [12.068, 2295.0], [12.067, 1725.0], [12.066, 935.0], [12.065, 2499.0], [12.064, 3073.0], [12.063, 2005.0], [12.062, 3819.0], [12.061, 2569.0], [12.06, 816.0], [12.059, 1121.0]], "asks": [[12.079, 52.0], [12.08, 327.0], [12.081, 427.0], [12.082, 921.0], [12.083, 3287.0], [12.084, 920.0], [12.085, 821.0], [12.086, 1994.0], [12.087, 1316.0], [12.088, 2265.0], [12.089, 2372.0], [12.09, 1437.0], [12.091, 2919.0], [12.092, 1988.0], [12.093, 1323.0], [12.094, 1802.0], [12.095, 3226.0], [12.096, 1995.0], [12.097, 2109.0], [12.098, 3178.0]], "timestamp": "2025-12-19T18:10:21.821492+00:00"}, {"symbol": "AVAXUSDT", "bids": [[12.084, 72.0], [12.083, 146.0], [12.082, 490.0], [12.081, 2080.0], [12.08, 531.0], [12.079, 823.0], [12.078, 2127.0], [12.077, 1817.0], [12.076, 1551.0], [12.075, 1638.0], [12.074, 2041.0], [12.073, 1387.0], [12.072, 3369.0], [12.071, 2476.0], [12.07, 4082.0], [12.069, 1442.0], [12.068, 3044.0], [12.067, 3066.0], [12.066, 14024.0], [12.065, 2082.0]], "asks": [[12.085, 1087.0], [12.086, 943.0], [12.087, 1402.0], [12.088, 6616.0], [12.089, 1804.0], [12.09, 2509.0], [12.091, 1646.0], [12.092, 1336.0], [12.093, 3027.0], [12.094, 2358.0], [12.095, 1629.0], [12.096, 2343.0], [12.097, 1424.0], [12.098, 1915.0], [12.099, 4990.0], [12.1, 3141.0], [12.101, 1657.0], [12.102, 1875.0], [12.103, 970.0], [12.104, 1475.0]], "timestamp": "2025-12-19T18:11:14.916171+00:00"}, {"symbol": "AVAXUSDT", "bids": [[12.099, 1133.0], [12.098, 1401.0], [12.097, 1085.0], [12.096, 2199.0], [12.095, 1714.0], [12.094, 1739.0], [12.093, 3116.0], [12.092, 1781.0], [12.091, 2312.0], [12.09, 2998.0], [12.089, 2054.0], [12.088, 1655.0], [12.087, 1551.0], [12.086, 1817.0], [12.085, 2448.0], [12.084, 3141.0], [12.083, 1384.0], [12.082, 579.0], [12.081, 1402.0], [12.08, 2524.0]], "asks": [[12.1, 262.0], [12.101, 359.0], [12.102, 524.0], [12.103, 1015.0], [12.104, 6525.0], [12.105, 2443.0], [12.106, 2085.0], [12.107, 6938.0], [12.108, 2554.0], [12.109, 533.0], [12.11, 1172.0], [12.111, 2780.0], [12.112, 1005.0], [12.113, 2018.0], [12.114, 4685.0], [12.115, 736.0], [12.116, 1645.0], [12.117, 5627.0], [12.118, 14845.0], [12.119, 1654.0]], "timestamp": "2025-12-19T18:12:07.807320+00:00"}, {"symbol": "AVAXUSDT", "bids": [[12.108, 432.0], [12.107, 1042.0], [12.106, 1177.0], [12.105, 1869.0], [12.104, 793.0], [12.103, 1302.0], [12.102, 2859.0], [12.101, 1488.0], [12.1, 1505.0], [12.099, 3330.0], [12.098, 634.0], [12.097, 1973.0], [12.096, 2313.0], [12.095, 958.0], [12.094, 3630.0], [12.093, 2824.0], [12.092, 3415.0], [12.091, 1741.0], [12.09, 2111.0], [12.089, 740.0]], "asks": [[12.109, 46.0], [12.11, 480.0], [12.111, 5929.0], [12.112, 596.0], [12.113, 1874.0], [12.114, 586.0], [12.115, 6400.0], [12.116, 759.0], [12.117, 3141.0], [12.118, 7125.0], [12.119, 1092.0], [12.12, 2259.0], [12.121, 2040.0], [12.122, 1137.0], [12.123, 5054.0], [12.124, 2735.0], [12.125, 906.0], [12.126, 2080.0], [12.127, 1342.0], [12.128, 4454.0]], "timestamp": "2025-12-19T18:13:00.851315+00:00"}, {"symbol": "AVAXUSDT", "bids": [[12.106, 9.0], [12.105, 312.0], [12.104, 623.0], [12.103, 504.0], [12.102, 2175.0], [12.101, 896.0], [12.1, 1455.0], [12.099, 2988.0], [12.098, 983.0], [12.097, 3894.0], [12.096, 2299.0], [12.095, 941.0], [12.094, 1127.0], [12.093, 2078.0], [12.092, 2053.0], [12.091, 2227.0], [12.09, 2115.0], [12.089, 730.0], [12.088, 1595.0], [12.087, 2997.0]], "asks": [[12.107, 1410.0], [12.108, 924.0], [12.109, 1547.0], [12.11, 6576.0], [12.111, 1319.0], [12.112, 4057.0], [12.113, 7188.0], [12.114, 1236.0], [12.115, 8004.0], [12.116, 3033.0], [12.117, 1032.0], [12.118, 2426.0], [12.119, 904.0], [12.12, 1998.0], [12.121, 821.0], [12.122, 2083.0], [12.123, 5693.0], [12.124, 867.0], [12.125, 1016.0], [12.126, 1780.0]], "timestamp": "2025-12-19T18:13:53.587578+00:00"}, {"symbol": "AVAXUSDT", "bids": [[12.112, 258.0], [12.111, 794.0], [12.11, 644.0], [12.109, 856.0], [12.108, 2455.0], [12.107, 1925.0], [12.106, 1856.0], [12.105, 2901.0], [12.104, 1465.0], [12.103, 1251.0], [12.102, 2507.0], [12.101, 1507.0], [12.1, 1566.0], [12.099, 4191.0], [12.098, 1014.0], [12.097, 1827.0], [12.096, 3090.0], [12.095, 1317.0], [12.094, 1440.0], [12.093, 5093.0]], "asks": [[12.113, 846.0], [12.114, 786.0], [12.115, 1168.0], [12.116, 6167.0], [12.117, 2344.0], [12.118, 2384.0], [12.119, 6393.0], [12.12, 2305.0], [12.121, 2537.0], [12.122, 7500.0], [12.123, 2352.0], [12.124, 915.0], [12.125, 742.0], [12.126, 2458.0], [12.127, 4857.0], [12.128, 1229.0], [12.129, 1064.0], [12.13, 2083.0], [12.131, 3417.0], [12.132, 4768.0]], "timestamp": "2025-12-19T18:14:47.246253+00:00"}, {"symbol": "AVAXUSDT", "bids": [[12.127, 319.0], [12.126, 265.0], [12.125, 1077.0], [12.124, 2593.0], [12.123, 1800.0], [12.122, 1626.0], [12.121, 3066.0], [12.12, 1357.0], [12.119, 1149.0], [12.118, 1891.0], [12.117, 2254.0], [12.116, 1493.0], [12.115, 3671.0], [12.114, 2374.0], [12.113, 2247.0], [12.112, 1563.0], [12.111, 2433.0], [12.11, 1714.0], [12.109, 933.0], [12.108, 2211.0]], "asks": [[12.128, 1115.0], [12.129, 931.0], [12.13, 943.0], [12.131, 5536.0], [12.132, 894.0], [12.133, 1866.0], [12.134, 7524.0], [12.135, 1930.0], [12.136, 2032.0], [12.137, 683.0], [12.138, 1535.0], [12.139, 2043.0], [12.14, 3779.0], [12.141, 1798.0], [12.142, 1720.0], [12.143, 4133.0], [12.144, 2155.0], [12.145, 1749.0], [12.146, 1206.0], [12.147, 1107.0]], "timestamp": "2025-12-19T18:15:40.291692+00:00"}, {"symbol": "AVAXUSDT", "bids": [[12.156, 770.0], [12.155, 839.0], [12.154, 1474.0], [12.153, 1106.0], [12.152, 2067.0], [12.151, 1398.0], [12.15, 562.0], [12.149, 1499.0], [12.148, 2211.0], [12.147, 2000.0], [12.146, 1739.0], [12.145, 3148.0], [12.144, 1021.0], [12.143, 662.0], [12.142, 2090.0], [12.141, 2464.0], [12.14, 991.0], [12.139, 1567.0], [12.138, 923.0], [12.137, 969.0]], "asks": [[12.157, 15.0], [12.158, 1571.0], [12.159, 6090.0], [12.16, 876.0], [12.161, 2716.0], [12.162, 7884.0], [12.163, 1343.0], [12.164, 2442.0], [12.165, 7987.0], [12.166, 842.0], [12.167, 917.0], [12.168, 1146.0], [12.169, 1508.0], [12.17, 623.0], [12.171, 844.0], [12.172, 2176.0], [12.173, 2426.0], [12.174, 1324.0], [12.175, 3050.0], [12.176, 945.0]], "timestamp": "2025-12-19T18:16:33.231771+00:00"}, {"symbol": "AVAXUSDT", "bids": [[12.131, 405.0], [12.13, 803.0], [12.129, 818.0], [12.128, 798.0], [12.127, 1992.0], [12.126, 1494.0], [12.125, 1388.0], [12.124, 1700.0], [12.123, 1360.0], [12.122, 2061.0], [12.121, 1047.0], [12.12, 1963.0], [12.119, 1457.0], [12.118, 6184.0], [12.117, 1220.0], [12.116, 1560.0], [12.115, 1678.0], [12.114, 1056.0], [12.113, 1446.0], [12.112, 922.0]], "asks": [[12.132, 346.0], [12.133, 932.0], [12.134, 586.0], [12.135, 1226.0], [12.136, 2504.0], [12.137, 7208.0], [12.138, 1924.0], [12.139, 2612.0], [12.14, 7086.0], [12.141, 2020.0], [12.142, 1864.0], [12.143, 688.0], [12.144, 831.0], [12.145, 1713.0], [12.146, 631.0], [12.147, 1159.0], [12.148, 2353.0], [12.149, 1148.0], [12.15, 2553.0], [12.151, 1031.0]], "timestamp": "2025-12-19T18:17:26.275558+00:00"}, {"symbol": "AVAXUSDT", "bids": [[12.127, 945.0], [12.126, 815.0], [12.125, 1298.0], [12.124, 1516.0], [12.123, 1302.0], [12.122, 1492.0], [12.121, 2196.0], [12.12, 2083.0], [12.119, 2394.0], [12.118, 2504.0], [12.117, 1297.0], [12.116, 1012.0], [12.115, 2228.0], [12.114, 1791.0], [12.113, 797.0], [12.112, 4191.0], [12.111, 1921.0], [12.11, 1280.0], [12.109, 1483.0], [12.108, 4091.0]], "asks": [[12.128, 15.0], [12.129, 5628.0], [12.13, 772.0], [12.131, 1306.0], [12.132, 6714.0], [12.133, 877.0], [12.134, 1076.0], [12.135, 7728.0], [12.136, 1565.0], [12.137, 1236.0], [12.138, 1657.0], [12.139, 2156.0], [12.14, 1751.0], [12.141, 1647.0], [12.142, 5677.0], [12.143, 482.0], [12.144, 914.0], [12.145, 2417.0], [12.146, 3307.0], [12.147, 630.0]], "timestamp": "2025-12-19T18:18:21.367542+00:00"}, {"symbol": "AVAXUSDT", "bids": [[12.138, 21.0], [12.137, 496.0], [12.136, 354.0], [12.135, 1370.0], [12.134, 1624.0], [12.133, 1147.0], [12.132, 1250.0], [12.131, 1548.0], [12.13, 2567.0], [12.129, 1693.0], [12.128, 2155.0], [12.127, 1607.0], [12.126, 1064.0], [12.125, 1311.0], [12.124, 3964.0], [12.123, 2155.0], [12.122, 1699.0], [12.121, 1411.0], [12.12, 3024.0], [12.119, 13801.0]], "asks": [[12.139, 753.0], [12.14, 6641.0], [12.141, 773.0], [12.142, 1846.0], [12.143, 6238.0], [12.144, 2463.0], [12.145, 3207.0], [12.146, 8124.0], [12.147, 2861.0], [12.148, 1640.0], [12.149, 1277.0], [12.15, 1841.0], [12.151, 1557.0], [12.152, 1315.0], [12.153, 1823.0], [12.154, 1049.0], [12.155, 1658.0], [12.156, 3759.0], [12.157, 3433.0], [12.158, 2153.0]], "timestamp": "2025-12-19T18:19:14.821568+00:00"}, {"symbol": "AVAXUSDT", "bids": [[12.164, 1788.0], [12.163, 985.0], [12.162, 1498.0], [12.161, 1305.0], [12.16, 2595.0], [12.159, 3642.0], [12.158, 2030.0], [12.157, 1026.0], [12.156, 2362.0], [12.155, 1468.0], [12.154, 1424.0], [12.153, 2706.0], [12.152, 1456.0], [12.151, 3467.0], [12.15, 1490.0], [12.149, 1161.0], [12.148, 1069.0], [12.147, 2269.0], [12.146, 543.0], [12.145, 991.0]], "asks": [[12.165, 74.0], [12.166, 29.0], [12.167, 6305.0], [12.168, 110.0], [12.169, 1597.0], [12.17, 900.0], [12.171, 6967.0], [12.172, 893.0], [12.173, 2021.0], [12.174, 6254.0], [12.175, 1516.0], [12.176, 954.0], [12.177, 978.0], [12.178, 2325.0], [12.179, 1492.0], [12.18, 3918.0], [12.181, 2162.0], [12.182, 3343.0], [12.183, 1513.0], [12.184, 872.0]], "timestamp": "2025-12-19T18:20:07.764101+00:00"}, {"symbol": "AVAXUSDT", "bids": [[12.164, 948.0], [12.163, 1176.0], [12.162, 897.0], [12.161, 1219.0], [12.16, 2140.0], [12.159, 2864.0], [12.158, 1789.0], [12.157, 1200.0], [12.156, 2085.0], [12.155, 1204.0], [12.154, 1776.0], [12.153, 1791.0], [12.152, 1647.0], [12.151, 3108.0], [12.15, 2472.0], [12.149, 766.0], [12.148, 2150.0], [12.147, 1982.0], [12.146, 3219.0], [12.145, 1960.0]], "asks": [[12.165, 116.0], [12.166, 456.0], [12.167, 1544.0], [12.168, 7112.0], [12.169, 1219.0], [12.17, 694.0], [12.171, 1525.0], [12.172, 6899.0], [12.173, 1164.0], [12.174, 1463.0], [12.175, 7013.0], [12.176, 1333.0], [12.177, 1074.0], [12.178, 2090.0], [12.179, 3479.0], [12.18, 1468.0], [12.181, 2196.0], [12.182, 1633.0], [12.183, 970.0], [12.184, 1167.0]], "timestamp": "2025-12-19T18:21:00.601647+00:00"}, {"symbol": "AVAXUSDT", "bids": [[12.181, 931.0], [12.18, 1090.0], [12.179, 1500.0], [12.178, 2666.0], [12.177, 1958.0], [12.176, 2257.0], [12.175, 1447.0], [12.174, 2417.0], [12.173, 1436.0], [12.172, 1653.0], [12.171, 4293.0], [12.17, 917.0], [12.169, 1302.0], [12.168, 1927.0], [12.167, 1190.0], [12.166, 4006.0], [12.165, 1510.0], [12.164, 859.0], [12.163, 2514.0], [12.162, 14171.0]], "asks": [[12.182, 8.0], [12.183, 811.0], [12.184, 6566.0], [12.185, 856.0], [12.186, 2195.0], [12.187, 6302.0], [12.188, 1317.0], [12.189, 2327.0], [12.19, 6449.0], [12.191, 868.0], [12.192, 1757.0], [12.193, 779.0], [12.194, 596.0], [12.195, 1148.0], [12.196, 1404.0], [12.197, 549.0], [12.198, 1557.0], [12.199, 4134.0], [12.2, 3320.0], [12.201, 1748.0]], "timestamp": "2025-12-19T18:21:54.158181+00:00"}, {"symbol": "AVAXUSDT", "bids": [[12.177, 168.0], [12.176, 462.0], [12.175, 658.0], [12.174, 1784.0], [12.173, 2050.0], [12.172, 1560.0], [12.171, 1872.0], [12.17, 1550.0], [12.169, 1277.0], [12.168, 1562.0], [12.167, 1630.0], [12.166, 2001.0], [12.165, 1851.0], [12.164, 2598.0], [12.163, 843.0], [12.162, 1606.0], [12.161, 1228.0], [12.16, 3001.0], [12.159, 4256.0], [12.158, 1039.0]], "asks": [[12.178, 5506.0], [12.179, 846.0], [12.18, 725.0], [12.181, 1342.0], [12.182, 2961.0], [12.183, 6679.0], [12.184, 590.0], [12.185, 2341.0], [12.186, 6918.0], [12.187, 749.0], [12.188, 1848.0], [12.189, 5535.0], [12.19, 1494.0], [12.191, 1575.0], [12.192, 1836.0], [12.193, 1193.0], [12.194, 3488.0], [12.195, 1471.0], [12.196, 3566.0], [12.197, 13786.0]], "timestamp": "2025-12-19T18:22:47.202213+00:00"}, {"symbol": "AVAXUSDT", "bids": [[12.16, 285.0], [12.159, 415.0], [12.158, 697.0], [12.157, 1045.0], [12.156, 2564.0], [12.155, 849.0], [12.154, 1846.0], [12.153, 2270.0], [12.152, 1123.0], [12.151, 1247.0], [12.15, 2538.0], [12.149, 2998.0], [12.148, 1580.0], [12.147, 3931.0], [12.146, 746.0], [12.145, 1851.0], [12.144, 1705.0], [12.143, 1316.0], [12.142, 2722.0], [12.141, 14255.0]], "asks": [[12.161, 6590.0], [12.162, 841.0], [12.163, 1583.0], [12.164, 6180.0], [12.165, 1285.0], [12.166, 2678.0], [12.167, 8403.0], [12.168, 1029.0], [12.169, 1337.0], [12.17, 1422.0], [12.171, 2014.0], [12.172, 1116.0], [12.173, 1371.0], [12.174, 1600.0], [12.175, 720.0], [12.176, 1651.0], [12.177, 1222.0], [12.178, 5245.0], [12.179, 3671.0], [12.18, 1473.0]], "timestamp": "2025-12-19T18:23:40.143515+00:00"}, {"symbol": "AVAXUSDT", "bids": [[12.17, 7.0], [12.169, 346.0], [12.168, 751.0], [12.167, 1103.0], [12.166, 1974.0], [12.165, 2731.0], [12.164, 1377.0], [12.163, 1593.0], [12.162, 2457.0], [12.161, 2221.0], [12.16, 1842.0], [12.159, 1660.0], [12.158, 790.0], [12.157, 1656.0], [12.156, 3938.0], [12.155, 938.0], [12.154, 1535.0], [12.153, 1371.0], [12.152, 1400.0], [12.151, 2594.0]], "asks": [[12.171, 1294.0], [12.172, 1625.0], [12.173, 5984.0], [12.174, 428.0], [12.175, 1016.0], [12.176, 2898.0], [12.177, 6512.0], [12.178, 1272.0], [12.179, 2184.0], [12.18, 6725.0], [12.181, 1110.0], [12.182, 1444.0], [12.183, 1247.0], [12.184, 2199.0], [12.185, 2377.0], [12.186, 2846.0], [12.187, 766.0], [12.188, 911.0], [12.189, 1834.0], [12.19, 931.0]], "timestamp": "2025-12-19T18:24:33.289926+00:00"}, {"symbol": "AVAXUSDT", "bids": [[12.168, 685.0], [12.167, 756.0], [12.166, 1255.0], [12.165, 2036.0], [12.164, 1495.0], [12.163, 1852.0], [12.162, 2052.0], [12.161, 1520.0], [12.16, 1253.0], [12.159, 2410.0], [12.158, 1222.0], [12.157, 2192.0], [12.156, 2063.0], [12.155, 978.0], [12.154, 3181.0], [12.153, 1461.0], [12.152, 2020.0], [12.151, 2160.0], [12.15, 2169.0], [12.149, 3640.0]], "asks": [[12.169, 37.0], [12.17, 343.0], [12.171, 1723.0], [12.172, 6241.0], [12.173, 1777.0], [12.174, 1679.0], [12.175, 6963.0], [12.176, 2646.0], [12.177, 6536.0], [12.178, 1624.0], [12.179, 1561.0], [12.18, 1720.0], [12.181, 1187.0], [12.182, 1652.0], [12.183, 1675.0], [12.184, 710.0], [12.185, 4223.0], [12.186, 560.0], [12.187, 1258.0], [12.188, 2900.0]], "timestamp": "2025-12-19T18:25:26.743449+00:00"}, {"symbol": "AVAXUSDT", "bids": [[12.175, 41.0], [12.174, 448.0], [12.173, 1098.0], [12.172, 1403.0], [12.171, 2506.0], [12.17, 1927.0], [12.169, 1848.0], [12.168, 2796.0], [12.167, 1405.0], [12.166, 1536.0], [12.165, 1755.0], [12.164, 977.0], [12.163, 1705.0], [12.162, 4743.0], [12.161, 2588.0], [12.16, 1036.0], [12.159, 1833.0], [12.158, 602.0], [12.157, 895.0], [12.156, 1986.0]], "asks": [[12.176, 1508.0], [12.177, 1150.0], [12.178, 662.0], [12.179, 1240.0], [12.18, 977.0], [12.181, 1248.0], [12.182, 1568.0], [12.183, 931.0], [12.184, 1154.0], [12.185, 2108.0], [12.186, 747.0], [12.187, 1224.0], [12.188, 1429.0], [12.189, 1710.0], [12.19, 3021.0], [12.191, 1426.0], [12.192, 2107.0], [12.193, 1633.0], [12.194, 2311.0], [12.195, 3250.0]], "timestamp": "2025-12-19T18:26:19.991829+00:00"}, {"symbol": "AVAXUSDT", "bids": [[12.178, 412.0], [12.177, 769.0], [12.176, 872.0], [12.175, 919.0], [12.174, 2044.0], [12.173, 1763.0], [12.172, 1077.0], [12.171, 1701.0], [12.17, 1141.0], [12.169, 2405.0], [12.168, 2664.0], [12.167, 1409.0], [12.166, 2849.0], [12.165, 1951.0], [12.164, 2000.0], [12.163, 1237.0], [12.162, 1853.0], [12.161, 3270.0], [12.16, 1206.0], [12.159, 1566.0]], "asks": [[12.179, 731.0], [12.18, 1969.0], [12.181, 6534.0], [12.182, 1228.0], [12.183, 3553.0], [12.184, 8363.0], [12.185, 1873.0], [12.186, 2368.0], [12.187, 3720.0], [12.188, 7158.0], [12.189, 2869.0], [12.19, 1729.0], [12.191, 1290.0], [12.192, 1180.0], [12.193, 1301.0], [12.194, 1559.0], [12.195, 1616.0], [12.196, 1615.0], [12.197, 1746.0], [12.198, 3261.0]], "timestamp": "2025-12-19T18:27:13.139836+00:00"}, {"symbol": "AVAXUSDT", "bids": [[12.175, 618.0], [12.174, 729.0], [12.173, 759.0], [12.172, 888.0], [12.171, 2142.0], [12.17, 1790.0], [12.169, 1328.0], [12.168, 2209.0], [12.167, 1357.0], [12.166, 1163.0], [12.165, 2030.0], [12.164, 1322.0], [12.163, 3298.0], [12.162, 2546.0], [12.161, 5583.0], [12.16, 1941.0], [12.159, 1660.0], [12.158, 946.0], [12.157, 1418.0], [12.156, 1834.0]], "asks": [[12.176, 605.0], [12.177, 1741.0], [12.178, 6811.0], [12.179, 1419.0], [12.18, 2597.0], [12.181, 1357.0], [12.182, 1809.0], [12.183, 2252.0], [12.184, 2613.0], [12.185, 1202.0], [12.186, 1816.0], [12.187, 2205.0], [12.188, 2304.0], [12.189, 2215.0], [12.19, 2234.0], [12.191, 1409.0], [12.192, 3743.0], [12.193, 1001.0], [12.194, 2766.0], [12.195, 1187.0]], "timestamp": "2025-12-19T18:28:06.080316+00:00"}, {"symbol": "AVAXUSDT", "bids": [[12.174, 713.0], [12.173, 1422.0], [12.172, 1879.0], [12.171, 2283.0], [12.17, 2123.0], [12.169, 2543.0], [12.168, 3499.0], [12.167, 1730.0], [12.166, 1416.0], [12.165, 2577.0], [12.164, 1657.0], [12.163, 2276.0], [12.162, 2275.0], [12.161, 1643.0], [12.16, 2843.0], [12.159, 1735.0], [12.158, 1107.0], [12.157, 1618.0], [12.156, 2084.0], [12.155, 1987.0]], "asks": [[12.175, 25.0], [12.176, 526.0], [12.177, 1165.0], [12.178, 5594.0], [12.179, 693.0], [12.18, 1513.0], [12.181, 604.0], [12.182, 6135.0], [12.183, 1073.0], [12.184, 1492.0], [12.185, 589.0], [12.186, 976.0], [12.187, 2246.0], [12.188, 2389.0], [12.189, 2982.0], [12.19, 1994.0], [12.191, 2228.0], [12.192, 2663.0], [12.193, 1171.0], [12.194, 2530.0]], "timestamp": "2025-12-19T18:28:58.919570+00:00"}, {"symbol": "AVAXUSDT", "bids": [[12.167, 77.0], [12.166, 11.0], [12.165, 846.0], [12.164, 701.0], [12.163, 2232.0], [12.162, 1267.0], [12.161, 1127.0], [12.16, 1884.0], [12.159, 2719.0], [12.158, 2311.0], [12.157, 1709.0], [12.156, 2170.0], [12.155, 2156.0], [12.154, 2848.0], [12.153, 1459.0], [12.152, 2895.0], [12.151, 5655.0], [12.15, 1807.0], [12.149, 2768.0], [12.148, 13360.0]], "asks": [[12.168, 688.0], [12.169, 1596.0], [12.17, 5671.0], [12.171, 1982.0], [12.172, 6726.0], [12.173, 2432.0], [12.174, 1495.0], [12.175, 2038.0], [12.176, 2795.0], [12.177, 2332.0], [12.178, 1081.0], [12.179, 759.0], [12.18, 1934.0], [12.181, 1479.0], [12.182, 897.0], [12.183, 1153.0], [12.184, 3370.0], [12.185, 1144.0], [12.186, 1328.0], [12.187, 3037.0]], "timestamp": "2025-12-19T18:29:52.000319+00:00"}, {"symbol": "AVAXUSDT", "bids": [[12.174, 77.0], [12.173, 515.0], [12.172, 1280.0], [12.171, 924.0], [12.17, 2193.0], [12.169, 3104.0], [12.168, 2026.0], [12.167, 1590.0], [12.166, 3189.0], [12.165, 1893.0], [12.164, 1281.0], [12.163, 2117.0], [12.162, 1466.0], [12.161, 3326.0], [12.16, 1043.0], [12.159, 2594.0], [12.158, 1966.0], [12.157, 2356.0], [12.156, 4428.0], [12.155, 3021.0]], "asks": [[12.175, 1065.0], [12.176, 6471.0], [12.177, 1070.0], [12.178, 1131.0], [12.179, 1885.0], [12.18, 7395.0], [12.181, 761.0], [12.182, 718.0], [12.183, 1051.0], [12.184, 1948.0], [12.185, 1395.0], [12.186, 1206.0], [12.187, 2235.0], [12.188, 1849.0], [12.189, 1767.0], [12.19, 3705.0], [12.191, 1735.0], [12.192, 1336.0], [12.193, 1477.0], [12.194, 1831.0]], "timestamp": "2025-12-19T18:30:45.213538+00:00"}, {"symbol": "AVAXUSDT", "bids": [[12.168, 172.0], [12.167, 481.0], [12.166, 424.0], [12.165, 1812.0], [12.164, 1556.0], [12.163, 1984.0], [12.162, 1931.0], [12.161, 1686.0], [12.16, 1395.0], [12.159, 2060.0], [12.158, 1583.0], [12.157, 2437.0], [12.156, 2206.0], [12.155, 701.0], [12.154, 2965.0], [12.153, 2196.0], [12.152, 2968.0], [12.151, 3814.0], [12.15, 1894.0], [12.149, 1210.0]], "asks": [[12.169, 1672.0], [12.17, 6627.0], [12.171, 1617.0], [12.172, 3476.0], [12.173, 8211.0], [12.174, 3181.0], [12.175, 1238.0], [12.176, 1461.0], [12.177, 3414.0], [12.178, 1369.0], [12.179, 1048.0], [12.18, 2484.0], [12.181, 1396.0], [12.182, 935.0], [12.183, 1622.0], [12.184, 3911.0], [12.185, 1108.0], [12.186, 1700.0], [12.187, 1860.0], [12.188, 1040.0]], "timestamp": "2025-12-19T18:31:37.744040+00:00"}, {"symbol": "AVAXUSDT", "bids": [[12.153, 63.0], [12.152, 1194.0], [12.151, 1029.0], [12.15, 1113.0], [12.149, 2244.0], [12.148, 3121.0], [12.147, 1533.0], [12.146, 1165.0], [12.145, 1783.0], [12.144, 1285.0], [12.143, 1267.0], [12.142, 1214.0], [12.141, 2295.0], [12.14, 1918.0], [12.139, 1099.0], [12.138, 2153.0], [12.137, 3629.0], [12.136, 2499.0], [12.135, 1906.0], [12.134, 793.0]], "asks": [[12.154, 648.0], [12.155, 811.0], [12.156, 1036.0], [12.157, 1379.0], [12.158, 1968.0], [12.159, 1368.0], [12.16, 1087.0], [12.161, 1297.0], [12.162, 1396.0], [12.163, 956.0], [12.164, 822.0], [12.165, 1828.0], [12.166, 1684.0], [12.167, 3728.0], [12.168, 2518.0], [12.169, 1073.0], [12.17, 1550.0], [12.171, 2591.0], [12.172, 3389.0], [12.173, 2133.0]], "timestamp": "2025-12-19T18:32:31.197671+00:00"}, {"symbol": "AVAXUSDT", "bids": [[12.14, 7.0], [12.139, 14.0], [12.138, 436.0], [12.137, 745.0], [12.136, 1768.0], [12.135, 1678.0], [12.134, 1006.0], [12.133, 1152.0], [12.132, 1167.0], [12.131, 1449.0], [12.13, 2364.0], [12.129, 3563.0], [12.128, 1078.0], [12.127, 2934.0], [12.126, 3316.0], [12.125, 1357.0], [12.124, 686.0], [12.123, 671.0], [12.122, 1946.0], [12.121, 1383.0]], "asks": [[12.141, 1824.0], [12.142, 762.0], [12.143, 1323.0], [12.144, 1039.0], [12.145, 1366.0], [12.146, 2777.0], [12.147, 3219.0], [12.148, 1839.0], [12.149, 1327.0], [12.15, 1312.0], [12.151, 2321.0], [12.152, 954.0], [12.153, 1187.0], [12.154, 3423.0], [12.155, 1551.0], [12.156, 1926.0], [12.157, 2562.0], [12.158, 1450.0], [12.159, 2566.0], [12.16, 1551.0]], "timestamp": "2025-12-19T18:33:24.650939+00:00"}, {"symbol": "AVAXUSDT", "bids": [[12.121, 794.0], [12.12, 4021.0], [12.119, 788.0], [12.118, 684.0], [12.117, 1968.0], [12.116, 922.0], [12.115, 1363.0], [12.114, 1618.0], [12.113, 1357.0], [12.112, 1873.0], [12.111, 867.0], [12.11, 1609.0], [12.109, 2119.0], [12.108, 3134.0], [12.107, 2380.0], [12.106, 2345.0], [12.105, 1798.0], [12.104, 3670.0], [12.103, 1076.0], [12.102, 2247.0]], "asks": [[12.122, 1423.0], [12.123, 486.0], [12.124, 1608.0], [12.125, 2052.0], [12.126, 2418.0], [12.127, 2123.0], [12.128, 1875.0], [12.129, 1546.0], [12.13, 1617.0], [12.131, 2151.0], [12.132, 576.0], [12.133, 853.0], [12.134, 1600.0], [12.135, 3432.0], [12.136, 1971.0], [12.137, 3797.0], [12.138, 1475.0], [12.139, 1360.0], [12.14, 1375.0], [12.141, 2261.0]], "timestamp": "2025-12-19T18:34:18.208971+00:00"}, {"symbol": "AVAXUSDT", "bids": [[12.127, 307.0], [12.126, 846.0], [12.125, 1030.0], [12.124, 1725.0], [12.123, 1998.0], [12.122, 1424.0], [12.121, 1479.0], [12.12, 1648.0], [12.119, 2432.0], [12.118, 908.0], [12.117, 1010.0], [12.116, 1403.0], [12.115, 2453.0], [12.114, 3217.0], [12.113, 873.0], [12.112, 2955.0], [12.111, 1327.0], [12.11, 1596.0], [12.109, 2390.0], [12.108, 1404.0]], "asks": [[12.128, 639.0], [12.129, 1366.0], [12.13, 1915.0], [12.131, 3110.0], [12.132, 2555.0], [12.133, 1325.0], [12.134, 1566.0], [12.135, 1533.0], [12.136, 2423.0], [12.137, 1836.0], [12.138, 1193.0], [12.139, 926.0], [12.14, 1556.0], [12.141, 2272.0], [12.142, 1070.0], [12.143, 3708.0], [12.144, 3337.0], [12.145, 1270.0], [12.146, 2365.0], [12.147, 1591.0]], "timestamp": "2025-12-19T18:35:11.573407+00:00"}, {"symbol": "AVAXUSDT", "bids": [[12.127, 452.0], [12.126, 5644.0], [12.125, 1118.0], [12.124, 571.0], [12.123, 1259.0], [12.122, 2094.0], [12.121, 1585.0], [12.12, 1336.0], [12.119, 3263.0], [12.118, 2457.0], [12.117, 1567.0], [12.116, 1190.0], [12.115, 1716.0], [12.114, 1243.0], [12.113, 2984.0], [12.112, 5031.0], [12.111, 2373.0], [12.11, 2383.0], [12.109, 2724.0], [12.108, 4344.0]], "asks": [[12.128, 626.0], [12.129, 996.0], [12.13, 859.0], [12.131, 1539.0], [12.132, 2330.0], [12.133, 1534.0], [12.134, 1511.0], [12.135, 990.0], [12.136, 2146.0], [12.137, 2604.0], [12.138, 1576.0], [12.139, 2013.0], [12.14, 3024.0], [12.141, 1621.0], [12.142, 1272.0], [12.143, 939.0], [12.144, 1501.0], [12.145, 1683.0], [12.146, 2232.0], [12.147, 2490.0]], "timestamp": "2025-12-19T18:36:04.993922+00:00"}, {"symbol": "AVAXUSDT", "bids": [[12.114, 1160.0], [12.113, 661.0], [12.112, 909.0], [12.111, 1246.0], [12.11, 1822.0], [12.109, 2573.0], [12.108, 1174.0], [12.107, 2781.0], [12.106, 2384.0], [12.105, 960.0], [12.104, 1414.0], [12.103, 1833.0], [12.102, 5509.0], [12.101, 2698.0], [12.1, 2654.0], [12.099, 3479.0], [12.098, 730.0], [12.097, 1554.0], [12.096, 2802.0], [12.095, 14392.0]], "asks": [[12.115, 273.0], [12.116, 424.0], [12.117, 586.0], [12.118, 1131.0], [12.119, 3625.0], [12.12, 1864.0], [12.121, 1220.0], [12.122, 1776.0], [12.123, 1431.0], [12.124, 1081.0], [12.125, 1932.0], [12.126, 1230.0], [12.127, 950.0], [12.128, 1965.0], [12.129, 1728.0], [12.13, 2429.0], [12.131, 3913.0], [12.132, 1099.0], [12.133, 1530.0], [12.134, 1534.0]], "timestamp": "2025-12-19T18:36:57.749837+00:00"}, {"symbol": "AVAXUSDT", "bids": [[12.12, 28.0], [12.119, 516.0], [12.118, 1031.0], [12.117, 1458.0], [12.116, 1681.0], [12.115, 2494.0], [12.114, 1264.0], [12.113, 1769.0], [12.112, 2358.0], [12.111, 1245.0], [12.11, 1472.0], [12.109, 3205.0], [12.108, 1158.0], [12.107, 4965.0], [12.106, 4912.0], [12.105, 736.0], [12.104, 905.0], [12.103, 4529.0], [12.102, 14277.0], [12.101, 1594.0]], "asks": [[12.121, 1360.0], [12.122, 1458.0], [12.123, 1215.0], [12.124, 608.0], [12.125, 953.0], [12.126, 1286.0], [12.127, 1275.0], [12.128, 1656.0], [12.129, 469.0], [12.13, 814.0], [12.131, 1685.0], [12.132, 1201.0], [12.133, 3511.0], [12.134, 1547.0], [12.135, 1676.0], [12.136, 1067.0], [12.137, 1886.0], [12.138, 1618.0], [12.139, 1702.0], [12.14, 1422.0]], "timestamp": "2025-12-19T18:37:50.688172+00:00"}, {"symbol": "AVAXUSDT", "bids": [[12.117, 281.0], [12.116, 581.0], [12.115, 876.0], [12.114, 403.0], [12.113, 798.0], [12.112, 1780.0], [12.111, 898.0], [12.11, 1400.0], [12.109, 2905.0], [12.108, 1614.0], [12.107, 1415.0], [12.106, 1662.0], [12.105, 1608.0], [12.104, 2703.0], [12.103, 1514.0], [12.102, 2809.0], [12.101, 4091.0], [12.1, 1080.0], [12.099, 1051.0], [12.098, 741.0]], "asks": [[12.118, 1151.0], [12.119, 654.0], [12.12, 546.0], [12.121, 1114.0], [12.122, 2306.0], [12.123, 1148.0], [12.124, 1570.0], [12.125, 2399.0], [12.126, 1283.0], [12.127, 1586.0], [12.128, 2773.0], [12.129, 2258.0], [12.13, 1795.0], [12.131, 4146.0], [12.132, 719.0], [12.133, 1734.0], [12.134, 1639.0], [12.135, 1247.0], [12.136, 1131.0], [12.137, 1770.0]], "timestamp": "2025-12-19T18:38:43.733530+00:00"}, {"symbol": "AVAXUSDT", "bids": [[12.113, 381.0], [12.112, 322.0], [12.111, 828.0], [12.11, 1045.0], [12.109, 1843.0], [12.108, 1037.0], [12.107, 1557.0], [12.106, 1996.0], [12.105, 1864.0], [12.104, 1419.0], [12.103, 1570.0], [12.102, 2085.0], [12.101, 1639.0], [12.1, 3569.0], [12.099, 2243.0], [12.098, 1632.0], [12.097, 2239.0], [12.096, 3293.0], [12.095, 1380.0], [12.094, 843.0]], "asks": [[12.114, 195.0], [12.115, 749.0], [12.116, 1270.0], [12.117, 1499.0], [12.118, 1414.0], [12.119, 671.0], [12.12, 1178.0], [12.121, 3050.0], [12.122, 1516.0], [12.123, 1295.0], [12.124, 1762.0], [12.125, 1168.0], [12.126, 2092.0], [12.127, 3977.0], [12.128, 1241.0], [12.129, 1229.0], [12.13, 2669.0], [12.131, 1618.0], [12.132, 1371.0], [12.133, 2069.0]], "timestamp": "2025-12-19T18:39:36.984063+00:00"}, {"symbol": "AVAXUSDT", "bids": [[12.111, 1006.0], [12.11, 955.0], [12.109, 2570.0], [12.108, 5075.0], [12.107, 1415.0], [12.106, 1941.0], [12.105, 1808.0], [12.104, 1878.0], [12.103, 1454.0], [12.102, 642.0], [12.101, 1440.0], [12.1, 1995.0], [12.099, 1643.0], [12.098, 3312.0], [12.097, 2099.0], [12.096, 3801.0], [12.095, 1722.0], [12.094, 1588.0], [12.093, 2313.0], [12.092, 850.0]], "asks": [[12.112, 253.0], [12.113, 44.0], [12.114, 809.0], [12.115, 1165.0], [12.116, 1633.0], [12.117, 1891.0], [12.118, 1522.0], [12.119, 2088.0], [12.12, 2116.0], [12.121, 543.0], [12.122, 527.0], [12.123, 1375.0], [12.124, 1795.0], [12.125, 3314.0], [12.126, 1406.0], [12.127, 2509.0], [12.128, 1407.0], [12.129, 1623.0], [12.13, 1450.0], [12.131, 4417.0]], "timestamp": "2025-12-19T18:40:30.641237+00:00"}, {"symbol": "AVAXUSDT", "bids": [[12.105, 6428.0], [12.104, 665.0], [12.103, 1425.0], [12.102, 951.0], [12.101, 2016.0], [12.1, 1975.0], [12.099, 2183.0], [12.098, 901.0], [12.097, 1267.0], [12.096, 2878.0], [12.095, 2752.0], [12.094, 936.0], [12.093, 1567.0], [12.092, 1566.0], [12.091, 4244.0], [12.09, 1170.0], [12.089, 3465.0], [12.088, 1959.0], [12.087, 3174.0], [12.086, 1169.0]], "asks": [[12.106, 350.0], [12.107, 333.0], [12.108, 637.0], [12.109, 1022.0], [12.11, 1856.0], [12.111, 2366.0], [12.112, 1155.0], [12.113, 1078.0], [12.114, 903.0], [12.115, 2272.0], [12.116, 1043.0], [12.117, 1759.0], [12.118, 4362.0], [12.119, 3139.0], [12.12, 1710.0], [12.121, 1525.0], [12.122, 1562.0], [12.123, 1040.0], [12.124, 1625.0], [12.125, 846.0]], "timestamp": "2025-12-19T18:41:23.481188+00:00"}, {"symbol": "AVAXUSDT", "bids": [[12.105, 46.0], [12.104, 5572.0], [12.103, 400.0], [12.102, 637.0], [12.101, 1389.0], [12.1, 2156.0], [12.099, 1001.0], [12.098, 1276.0], [12.097, 993.0], [12.096, 2301.0], [12.095, 1423.0], [12.094, 1010.0], [12.093, 2796.0], [12.092, 1002.0], [12.091, 4393.0], [12.09, 4620.0], [12.089, 978.0], [12.088, 1937.0], [12.087, 4546.0], [12.086, 13896.0]], "asks": [[12.106, 1737.0], [12.107, 993.0], [12.108, 572.0], [12.109, 1979.0], [12.11, 1289.0], [12.111, 1428.0], [12.112, 2002.0], [12.113, 1073.0], [12.114, 1545.0], [12.115, 2284.0], [12.116, 1617.0], [12.117, 3297.0], [12.118, 4163.0], [12.119, 1997.0], [12.12, 2276.0], [12.121, 1650.0], [12.122, 609.0], [12.123, 1355.0], [12.124, 1416.0], [12.125, 657.0]], "timestamp": "2025-12-19T18:42:16.423525+00:00"}, {"symbol": "AVAXUSDT", "bids": [[12.118, 728.0], [12.117, 1433.0], [12.116, 832.0], [12.115, 1560.0], [12.114, 2366.0], [12.113, 1402.0], [12.112, 2177.0], [12.111, 2815.0], [12.11, 2198.0], [12.109, 1458.0], [12.108, 3086.0], [12.107, 1997.0], [12.106, 1314.0], [12.105, 2061.0], [12.104, 3053.0], [12.103, 1459.0], [12.102, 4582.0], [12.101, 1134.0], [12.1, 2244.0], [12.099, 1682.0]], "asks": [[12.119, 30.0], [12.12, 330.0], [12.121, 418.0], [12.122, 789.0], [12.123, 917.0], [12.124, 1643.0], [12.125, 723.0], [12.126, 1418.0], [12.127, 1482.0], [12.128, 725.0], [12.129, 1072.0], [12.13, 2008.0], [12.131, 3443.0], [12.132, 1435.0], [12.133, 2181.0], [12.134, 1897.0], [12.135, 1011.0], [12.136, 1129.0], [12.137, 2163.0], [12.138, 5971.0]], "timestamp": "2025-12-19T18:43:09.670598+00:00"}, {"symbol": "AVAXUSDT", "bids": [[12.102, 676.0], [12.101, 441.0], [12.1, 313.0], [12.099, 2019.0], [12.098, 1451.0], [12.097, 800.0], [12.096, 2129.0], [12.095, 964.0], [12.094, 1496.0], [12.093, 1988.0], [12.092, 1626.0], [12.091, 3526.0], [12.09, 1272.0], [12.089, 2939.0], [12.088, 1558.0], [12.087, 930.0], [12.086, 1024.0], [12.085, 2609.0], [12.084, 14588.0], [12.083, 2171.0]], "asks": [[12.103, 366.0], [12.104, 930.0], [12.105, 532.0], [12.106, 1018.0], [12.107, 983.0], [12.108, 1303.0], [12.109, 2245.0], [12.11, 2037.0], [12.111, 1430.0], [12.112, 1965.0], [12.113, 756.0], [12.114, 1757.0], [12.115, 2187.0], [12.116, 2900.0], [12.117, 997.0], [12.118, 2100.0], [12.119, 1275.0], [12.12, 1851.0], [12.121, 1789.0], [12.122, 1017.0]], "timestamp": "2025-12-19T18:44:02.626742+00:00"}, {"symbol": "AVAXUSDT", "bids": [[12.125, 687.0], [12.124, 701.0], [12.123, 1801.0], [12.122, 1215.0], [12.121, 1023.0], [12.12, 2307.0], [12.119, 1900.0], [12.118, 2102.0], [12.117, 2121.0], [12.116, 1138.0], [12.115, 2097.0], [12.114, 1763.0], [12.113, 1686.0], [12.112, 2925.0], [12.111, 1518.0], [12.11, 1645.0], [12.109, 1453.0], [12.108, 2808.0], [12.107, 1194.0], [12.106, 1067.0]], "asks": [[12.126, 400.0], [12.127, 518.0], [12.128, 1352.0], [12.129, 6040.0], [12.13, 1112.0], [12.131, 2034.0], [12.132, 1518.0], [12.133, 2394.0], [12.134, 1492.0], [12.135, 693.0], [12.136, 885.0], [12.137, 2113.0], [12.138, 1254.0], [12.139, 3459.0], [12.14, 3155.0], [12.141, 2962.0], [12.142, 674.0], [12.143, 1151.0], [12.144, 1676.0], [12.145, 1931.0]], "timestamp": "2025-12-19T18:44:55.759229+00:00"}, {"symbol": "AVAXUSDT", "bids": [[12.111, 371.0], [12.11, 593.0], [12.109, 1677.0], [12.108, 2578.0], [12.107, 1712.0], [12.106, 1800.0], [12.105, 1653.0], [12.104, 1078.0], [12.103, 1173.0], [12.102, 1692.0], [12.101, 1042.0], [12.1, 1543.0], [12.099, 2283.0], [12.098, 1857.0], [12.097, 2110.0], [12.096, 3987.0], [12.095, 2070.0], [12.094, 873.0], [12.093, 1626.0], [12.092, 1287.0]], "asks": [[12.112, 422.0], [12.113, 3893.0], [12.114, 855.0], [12.115, 719.0], [12.116, 1598.0], [12.117, 1298.0], [12.118, 981.0], [12.119, 1458.0], [12.12, 543.0], [12.121, 1237.0], [12.122, 2269.0], [12.123, 2851.0], [12.124, 1160.0], [12.125, 1714.0], [12.126, 1231.0], [12.127, 1504.0], [12.128, 3723.0], [12.129, 2271.0], [12.13, 1178.0], [12.131, 4314.0]], "timestamp": "2025-12-19T18:45:49.705836+00:00"}, {"symbol": "AVAXUSDT", "bids": [[12.316, 694.0], [12.315, 408.0], [12.314, 1570.0], [12.313, 763.0], [12.312, 615.0], [12.311, 578.0], [12.31, 1971.0], [12.309, 566.0], [12.308, 1655.0], [12.307, 1665.0], [12.306, 2170.0], [12.305, 1079.0], [12.304, 3047.0], [12.303, 3034.0], [12.302, 1104.0], [12.301, 990.0], [12.3, 1035.0], [12.299, 3407.0], [12.298, 13293.0], [12.297, 502.0]], "asks": [[12.317, 347.0], [12.318, 6103.0], [12.319, 661.0], [12.32, 1178.0], [12.321, 1891.0], [12.322, 2960.0], [12.323, 6062.0], [12.324, 1806.0], [12.325, 3412.0], [12.326, 7709.0], [12.327, 1271.0], [12.328, 1455.0], [12.329, 438.0], [12.33, 500.0], [12.331, 570.0], [12.332, 822.0], [12.333, 1080.0], [12.334, 681.0], [12.335, 584.0], [12.336, 3314.0]], "timestamp": "2025-12-19T22:12:50.436461+00:00"}, {"symbol": "AVAXUSDT", "bids": [[12.283, 366.0], [12.282, 627.0], [12.281, 935.0], [12.28, 1679.0], [12.279, 1518.0], [12.278, 209.0], [12.277, 680.0], [12.276, 1969.0], [12.275, 652.0], [12.274, 804.0], [12.273, 1332.0], [12.272, 643.0], [12.271, 2054.0], [12.27, 1681.0], [12.269, 1136.0], [12.268, 1849.0], [12.267, 1396.0], [12.266, 1366.0], [12.265, 1740.0], [12.264, 1619.0]], "asks": [[12.284, 802.0], [12.285, 1183.0], [12.286, 1355.0], [12.287, 1972.0], [12.288, 1268.0], [12.289, 1766.0], [12.29, 3576.0], [12.291, 2391.0], [12.292, 2166.0], [12.293, 1569.0], [12.294, 335.0], [12.295, 200.0], [12.296, 239.0], [12.297, 676.0], [12.298, 1812.0], [12.299, 1269.0], [12.3, 1363.0], [12.301, 3336.0], [12.302, 535.0], [12.303, 507.0]], "timestamp": "2025-12-19T22:13:43.926460+00:00"}, {"symbol": "AVAXUSDT", "bids": [[12.289, 275.0], [12.288, 962.0], [12.287, 746.0], [12.286, 778.0], [12.285, 1634.0], [12.284, 1058.0], [12.283, 699.0], [12.282, 1274.0], [12.281, 375.0], [12.28, 452.0], [12.279, 1669.0], [12.278, 1392.0], [12.277, 1858.0], [12.276, 1914.0], [12.275, 2074.0], [12.274, 1284.0], [12.273, 2654.0], [12.272, 1945.0], [12.271, 3344.0], [12.27, 3668.0]], "asks": [[12.29, 644.0], [12.291, 562.0], [12.292, 1734.0], [12.293, 6607.0], [12.294, 3095.0], [12.295, 1911.0], [12.296, 557.0], [12.297, 851.0], [12.298, 1291.0], [12.299, 465.0], [12.3, 654.0], [12.301, 1648.0], [12.302, 909.0], [12.303, 1194.0], [12.304, 1445.0], [12.305, 1599.0], [12.306, 545.0], [12.307, 1838.0], [12.308, 244.0], [12.309, 663.0]], "timestamp": "2025-12-19T22:14:37.546775+00:00"}, {"symbol": "AVAXUSDT", "bids": [[12.31, 176.0], [12.309, 88.0], [12.308, 790.0], [12.307, 1800.0], [12.306, 796.0], [12.305, 563.0], [12.304, 1146.0], [12.303, 599.0], [12.302, 1489.0], [12.301, 1909.0], [12.3, 755.0], [12.299, 1759.0], [12.298, 1014.0], [12.297, 1954.0], [12.296, 1562.0], [12.295, 834.0], [12.294, 1418.0], [12.293, 2524.0], [12.292, 755.0], [12.291, 2059.0]], "asks": [[12.311, 2305.0], [12.312, 1321.0], [12.313, 969.0], [12.314, 4458.0], [12.315, 1973.0], [12.316, 6139.0], [12.317, 516.0], [12.318, 1662.0], [12.319, 330.0], [12.32, 430.0], [12.321, 611.0], [12.322, 1619.0], [12.323, 247.0], [12.324, 413.0], [12.325, 2609.0], [12.326, 2256.0], [12.327, 379.0], [12.328, 1219.0], [12.329, 1012.0], [12.33, 453.0]], "timestamp": "2025-12-19T22:15:31.102127+00:00"}, {"symbol": "AVAXUSDT", "bids": [[12.3, 419.0], [12.299, 593.0], [12.298, 870.0], [12.297, 1532.0], [12.296, 640.0], [12.295, 538.0], [12.294, 1421.0], [12.293, 313.0], [12.292, 599.0], [12.291, 2170.0], [12.29, 1320.0], [12.289, 1785.0], [12.288, 1966.0], [12.287, 2318.0], [12.286, 2920.0], [12.285, 4205.0], [12.284, 529.0], [12.283, 1880.0], [12.282, 1312.0], [12.281, 1580.0]], "asks": [[12.301, 1065.0], [12.302, 1058.0], [12.303, 1598.0], [12.304, 6494.0], [12.305, 2173.0], [12.306, 4155.0], [12.307, 1099.0], [12.308, 1991.0], [12.309, 1301.0], [12.31, 2003.0], [12.311, 1848.0], [12.312, 482.0], [12.313, 243.0], [12.314, 362.0], [12.315, 2046.0], [12.316, 1568.0], [12.317, 403.0], [12.318, 2937.0], [12.319, 96.0], [12.32, 667.0]], "timestamp": "2025-12-19T22:16:24.760882+00:00"}, {"symbol": "AVAXUSDT", "bids": [[12.306, 57.0], [12.305, 1159.0], [12.304, 668.0], [12.303, 571.0], [12.302, 543.0], [12.301, 3472.0], [12.3, 2201.0], [12.299, 797.0], [12.298, 1251.0], [12.297, 2014.0], [12.296, 1235.0], [12.295, 738.0], [12.294, 2543.0], [12.293, 2629.0], [12.292, 1622.0], [12.291, 1654.0], [12.29, 602.0], [12.289, 1240.0], [12.288, 5262.0], [12.287, 1211.0]], "asks": [[12.307, 640.0], [12.308, 764.0], [12.309, 1525.0], [12.31, 5367.0], [12.311, 695.0], [12.312, 2166.0], [12.313, 5620.0], [12.314, 704.0], [12.315, 1215.0], [12.316, 282.0], [12.317, 539.0], [12.318, 1675.0], [12.319, 259.0], [12.32, 1776.0], [12.321, 1409.0], [12.322, 1310.0], [12.323, 598.0], [12.324, 1338.0], [12.325, 3166.0], [12.326, 525.0]], "timestamp": "2025-12-19T22:17:23.370078+00:00"}, {"symbol": "AVAXUSDT", "bids": [[12.297, 374.0], [12.296, 561.0], [12.295, 673.0], [12.294, 2062.0], [12.293, 963.0], [12.292, 714.0], [12.291, 1879.0], [12.29, 240.0], [12.289, 604.0], [12.288, 1506.0], [12.287, 701.0], [12.286, 1724.0], [12.285, 2654.0], [12.284, 208.0], [12.283, 2052.0], [12.282, 1114.0], [12.281, 437.0], [12.28, 1570.0], [12.279, 2006.0], [12.278, 3435.0]], "asks": [[12.298, 787.0], [12.299, 6230.0], [12.3, 811.0], [12.301, 1022.0], [12.302, 2129.0], [12.303, 2312.0], [12.304, 1100.0], [12.305, 661.0], [12.306, 1537.0], [12.307, 493.0], [12.308, 1650.0], [12.309, 1494.0], [12.31, 595.0], [12.311, 2730.0], [12.312, 1226.0], [12.313, 1619.0], [12.314, 451.0], [12.315, 1801.0], [12.316, 566.0], [12.317, 482.0]], "timestamp": "2025-12-19T22:18:16.875810+00:00"}, {"symbol": "AVAXUSDT", "bids": [[12.302, 29.0], [12.301, 110.0], [12.3, 1026.0], [12.299, 946.0], [12.298, 1385.0], [12.297, 1108.0], [12.296, 604.0], [12.295, 536.0], [12.294, 1636.0], [12.293, 812.0], [12.292, 1044.0], [12.291, 2155.0], [12.29, 1096.0], [12.289, 363.0], [12.288, 1168.0], [12.287, 537.0], [12.286, 2536.0], [12.285, 4317.0], [12.284, 497.0], [12.283, 686.0]], "asks": [[12.303, 5839.0], [12.304, 753.0], [12.305, 1401.0], [12.306, 1291.0], [12.307, 1118.0], [12.308, 1108.0], [12.309, 2343.0], [12.31, 497.0], [12.311, 791.0], [12.312, 1332.0], [12.313, 479.0], [12.314, 911.0], [12.315, 1448.0], [12.316, 1060.0], [12.317, 302.0], [12.318, 1473.0], [12.319, 1379.0], [12.32, 712.0], [12.321, 3439.0], [12.322, 2471.0]], "timestamp": "2025-12-19T22:19:09.715507+00:00"}, {"symbol": "AVAXUSDT", "bids": [[12.306, 524.0], [12.305, 684.0], [12.304, 815.0], [12.303, 1056.0], [12.302, 1495.0], [12.301, 2020.0], [12.3, 1481.0], [12.299, 616.0], [12.298, 927.0], [12.297, 2092.0], [12.296, 799.0], [12.295, 1235.0], [12.294, 1794.0], [12.293, 1637.0], [12.292, 2053.0], [12.291, 1625.0], [12.29, 999.0], [12.289, 974.0], [12.288, 3827.0], [12.287, 1274.0]], "asks": [[12.307, 504.0], [12.308, 973.0], [12.309, 609.0], [12.31, 5540.0], [12.311, 478.0], [12.312, 408.0], [12.313, 16.0], [12.314, 233.0], [12.315, 1299.0], [12.316, 774.0], [12.317, 890.0], [12.318, 1571.0], [12.319, 716.0], [12.32, 540.0], [12.321, 1043.0], [12.322, 3893.0], [12.323, 787.0], [12.324, 499.0], [12.325, 1349.0], [12.326, 1550.0]], "timestamp": "2025-12-19T22:20:03.954987+00:00"}, {"symbol": "AVAXUSDT", "bids": [[12.309, 142.0], [12.308, 147.0], [12.307, 847.0], [12.306, 1341.0], [12.305, 1527.0], [12.304, 1682.0], [12.303, 914.0], [12.302, 1288.0], [12.301, 1997.0], [12.3, 1141.0], [12.299, 914.0], [12.298, 1609.0], [12.297, 2471.0], [12.296, 800.0], [12.295, 806.0], [12.294, 1936.0], [12.293, 2997.0], [12.292, 3368.0], [12.291, 1972.0], [12.29, 1161.0]], "asks": [[12.31, 1806.0], [12.311, 1320.0], [12.312, 1391.0], [12.313, 5793.0], [12.314, 310.0], [12.315, 1500.0], [12.316, 119.0], [12.317, 346.0], [12.318, 1429.0], [12.319, 455.0], [12.32, 435.0], [12.321, 1165.0], [12.322, 2107.0], [12.323, 949.0], [12.324, 404.0], [12.325, 2777.0], [12.326, 418.0], [12.327, 831.0], [12.328, 3129.0], [12.329, 12877.0]], "timestamp": "2025-12-19T22:20:56.737893+00:00"}, {"symbol": "AVAXUSDT", "bids": [[12.306, 515.0], [12.305, 856.0], [12.304, 2420.0], [12.303, 1208.0], [12.302, 1303.0], [12.301, 2001.0], [12.3, 891.0], [12.299, 266.0], [12.298, 1077.0], [12.297, 1856.0], [12.296, 2634.0], [12.295, 1538.0], [12.294, 2114.0], [12.293, 2840.0], [12.292, 765.0], [12.291, 1654.0], [12.29, 1717.0], [12.289, 3141.0], [12.288, 3434.0], [12.287, 13134.0]], "asks": [[12.307, 199.0], [12.308, 398.0], [12.309, 1384.0], [12.31, 6309.0], [12.311, 2267.0], [12.312, 665.0], [12.313, 20.0], [12.314, 301.0], [12.315, 1309.0], [12.316, 523.0], [12.317, 542.0], [12.318, 2092.0], [12.319, 992.0], [12.32, 526.0], [12.321, 552.0], [12.322, 2237.0], [12.323, 344.0], [12.324, 905.0], [12.325, 1178.0], [12.326, 1025.0]], "timestamp": "2025-12-19T22:21:49.361352+00:00"}, {"symbol": "AVAXUSDT", "bids": [[12.303, 1005.0], [12.302, 1472.0], [12.301, 1246.0], [12.3, 767.0], [12.299, 665.0], [12.298, 903.0], [12.297, 1253.0], [12.296, 766.0], [12.295, 704.0], [12.294, 1764.0], [12.293, 699.0], [12.292, 1076.0], [12.291, 1442.0], [12.29, 2458.0], [12.289, 1316.0], [12.288, 1576.0], [12.287, 770.0], [12.286, 2577.0], [12.285, 4092.0], [12.284, 752.0]], "asks": [[12.304, 679.0], [12.305, 21.0], [12.306, 810.0], [12.307, 5647.0], [12.308, 1591.0], [12.309, 1813.0], [12.31, 2717.0], [12.311, 1448.0], [12.312, 1457.0], [12.313, 1104.0], [12.314, 107.0], [12.315, 596.0], [12.316, 651.0], [12.317, 292.0], [12.318, 1890.0], [12.319, 1553.0], [12.32, 709.0], [12.321, 354.0], [12.322, 2948.0], [12.323, 14030.0]], "timestamp": "2025-12-19T22:22:41.902358+00:00"}, {"symbol": "AVAXUSDT", "bids": [[12.31, 1044.0], [12.309, 1309.0], [12.308, 836.0], [12.307, 2298.0], [12.306, 1183.0], [12.305, 930.0], [12.304, 1194.0], [12.303, 2225.0], [12.302, 1969.0], [12.301, 863.0], [12.3, 1294.0], [12.299, 959.0], [12.298, 2027.0], [12.297, 1923.0], [12.296, 1909.0], [12.295, 1240.0], [12.294, 2880.0], [12.293, 2294.0], [12.292, 789.0], [12.291, 1688.0]], "asks": [[12.311, 283.0], [12.312, 3499.0], [12.313, 523.0], [12.314, 70.0], [12.315, 322.0], [12.316, 788.0], [12.317, 656.0], [12.318, 1685.0], [12.319, 1037.0], [12.32, 571.0], [12.321, 493.0], [12.322, 1286.0], [12.323, 486.0], [12.324, 1492.0], [12.325, 2709.0], [12.326, 1026.0], [12.327, 1013.0], [12.328, 3594.0], [12.329, 15380.0], [12.33, 298.0]], "timestamp": "2025-12-19T22:23:35.459460+00:00"}, {"symbol": "AVAXUSDT", "bids": [[12.307, 537.0], [12.306, 846.0], [12.305, 812.0], [12.304, 1231.0], [12.303, 2442.0], [12.302, 538.0], [12.301, 642.0], [12.3, 1289.0], [12.299, 436.0], [12.298, 1544.0], [12.297, 2381.0], [12.296, 1281.0], [12.295, 1459.0], [12.294, 3814.0], [12.293, 2208.0], [12.292, 760.0], [12.291, 2014.0], [12.29, 3982.0], [12.289, 4014.0], [12.288, 14637.0]], "asks": [[12.308, 468.0], [12.309, 77.0], [12.31, 732.0], [12.311, 6692.0], [12.312, 884.0], [12.313, 757.0], [12.314, 672.0], [12.315, 541.0], [12.316, 2067.0], [12.317, 448.0], [12.318, 571.0], [12.319, 1900.0], [12.32, 364.0], [12.321, 709.0], [12.322, 1961.0], [12.323, 1732.0], [12.324, 242.0], [12.325, 1220.0], [12.326, 1121.0], [12.327, 1678.0]], "timestamp": "2025-12-19T22:24:29.313776+00:00"}, {"symbol": "AVAXUSDT", "bids": [[12.302, 804.0], [12.301, 1294.0], [12.3, 650.0], [12.299, 692.0], [12.298, 988.0], [12.297, 1323.0], [12.296, 560.0], [12.295, 1020.0], [12.294, 1441.0], [12.293, 434.0], [12.292, 547.0], [12.291, 1716.0], [12.29, 890.0], [12.289, 2246.0], [12.288, 2102.0], [12.287, 1121.0], [12.286, 1487.0], [12.285, 3101.0], [12.284, 795.0], [12.283, 494.0]], "asks": [[12.303, 302.0], [12.304, 647.0], [12.305, 1138.0], [12.306, 2397.0], [12.307, 1395.0], [12.308, 822.0], [12.309, 602.0], [12.31, 1777.0], [12.311, 723.0], [12.312, 716.0], [12.313, 1238.0], [12.314, 198.0], [12.315, 966.0], [12.316, 2510.0], [12.317, 791.0], [12.318, 769.0], [12.319, 1708.0], [12.32, 343.0], [12.321, 616.0], [12.322, 3156.0]], "timestamp": "2025-12-19T22:25:22.651288+00:00"}, {"symbol": "AVAXUSDT", "bids": [[12.31, 606.0], [12.309, 610.0], [12.308, 1066.0], [12.307, 938.0], [12.306, 1652.0], [12.305, 559.0], [12.304, 919.0], [12.303, 1407.0], [12.302, 800.0], [12.301, 887.0], [12.3, 1383.0], [12.299, 604.0], [12.298, 1444.0], [12.297, 2872.0], [12.296, 1441.0], [12.295, 1756.0], [12.294, 2037.0], [12.293, 2490.0], [12.292, 2222.0], [12.291, 14065.0]], "asks": [[12.311, 63.0], [12.312, 5752.0], [12.313, 805.0], [12.314, 1021.0], [12.315, 1381.0], [12.316, 2672.0], [12.317, 1809.0], [12.318, 1664.0], [12.319, 2686.0], [12.32, 677.0], [12.321, 809.0], [12.322, 1630.0], [12.323, 313.0], [12.324, 388.0], [12.325, 1216.0], [12.326, 844.0], [12.327, 1066.0], [12.328, 3393.0], [12.329, 807.0], [12.33, 1230.0]], "timestamp": "2025-12-19T22:26:15.348361+00:00"}, {"symbol": "AVAXUSDT", "bids": [[12.318, 68.0], [12.317, 600.0], [12.316, 814.0], [12.315, 786.0], [12.314, 936.0], [12.313, 2169.0], [12.312, 2619.0], [12.311, 1329.0], [12.31, 1405.0], [12.309, 1842.0], [12.308, 2274.0], [12.307, 2029.0], [12.306, 2160.0], [12.305, 1695.0], [12.304, 1610.0], [12.303, 1606.0], [12.302, 914.0], [12.301, 1933.0], [12.3, 1763.0], [12.299, 327.0]], "asks": [[12.319, 853.0], [12.32, 1188.0], [12.321, 5888.0], [12.322, 371.0], [12.323, 111.0], [12.324, 298.0], [12.325, 1222.0], [12.326, 977.0], [12.327, 517.0], [12.328, 1795.0], [12.329, 751.0], [12.33, 306.0], [12.331, 2089.0], [12.332, 1356.0], [12.333, 1871.0], [12.334, 381.0], [12.335, 353.0], [12.336, 810.0], [12.337, 4875.0], [12.338, 14465.0]], "timestamp": "2025-12-19T22:27:08.577634+00:00"}, {"symbol": "AVAXUSDT", "bids": [[12.315, 1882.0], [12.314, 2051.0], [12.313, 643.0], [12.312, 1084.0], [12.311, 1055.0], [12.31, 1219.0], [12.309, 1906.0], [12.308, 1914.0], [12.307, 1932.0], [12.306, 2374.0], [12.305, 672.0], [12.304, 1937.0], [12.303, 1836.0], [12.302, 1940.0], [12.301, 1681.0], [12.3, 1694.0], [12.299, 120.0], [12.298, 854.0], [12.297, 4902.0], [12.296, 1310.0]], "asks": [[12.316, 19.0], [12.317, 11.0], [12.318, 970.0], [12.319, 1088.0], [12.32, 407.0], [12.321, 708.0], [12.322, 256.0], [12.323, 8.0], [12.324, 440.0], [12.325, 1225.0], [12.326, 875.0], [12.327, 676.0], [12.328, 2348.0], [12.329, 932.0], [12.33, 442.0], [12.331, 2162.0], [12.332, 386.0], [12.333, 1903.0], [12.334, 1488.0], [12.335, 1407.0]], "timestamp": "2025-12-19T22:28:01.583744+00:00"}, {"symbol": "AVAXUSDT", "bids": [[12.312, 256.0], [12.311, 362.0], [12.31, 813.0], [12.309, 1493.0], [12.308, 1177.0], [12.307, 1411.0], [12.306, 2071.0], [12.305, 1750.0], [12.304, 1220.0], [12.303, 1764.0], [12.302, 521.0], [12.301, 688.0], [12.3, 1944.0], [12.299, 1331.0], [12.298, 990.0], [12.297, 1452.0], [12.296, 785.0], [12.295, 2305.0], [12.294, 1321.0], [12.293, 639.0]], "asks": [[12.313, 588.0], [12.314, 369.0], [12.315, 7144.0], [12.316, 168.0], [12.317, 716.0], [12.318, 358.0], [12.319, 1430.0], [12.32, 501.0], [12.321, 1527.0], [12.322, 1442.0], [12.323, 440.0], [12.324, 563.0], [12.325, 1910.0], [12.326, 292.0], [12.327, 914.0], [12.328, 5226.0], [12.329, 729.0], [12.33, 324.0], [12.331, 396.0], [12.332, 2218.0]], "timestamp": "2025-12-19T22:28:55.358391+00:00"}, {"symbol": "AVAXUSDT", "bids": [[12.314, 392.0], [12.313, 742.0], [12.312, 1029.0], [12.311, 1079.0], [12.31, 1591.0], [12.309, 1205.0], [12.308, 1544.0], [12.307, 1312.0], [12.306, 2529.0], [12.305, 2599.0], [12.304, 1888.0], [12.303, 1183.0], [12.302, 995.0], [12.301, 2076.0], [12.3, 2353.0], [12.299, 232.0], [12.298, 434.0], [12.297, 2554.0], [12.296, 1855.0], [12.295, 3202.0]], "asks": [[12.315, 1325.0], [12.316, 356.0], [12.317, 6001.0], [12.318, 136.0], [12.319, 102.0], [12.32, 500.0], [12.321, 1440.0], [12.322, 1179.0], [12.323, 430.0], [12.324, 202.0], [12.325, 1489.0], [12.326, 565.0], [12.327, 902.0], [12.328, 3592.0], [12.329, 954.0], [12.33, 765.0], [12.331, 562.0], [12.332, 734.0], [12.333, 3888.0], [12.334, 14.0]], "timestamp": "2025-12-19T22:29:49.434732+00:00"}, {"symbol": "AVAXUSDT", "bids": [[12.307, 55.0], [12.306, 103.0], [12.305, 465.0], [12.304, 251.0], [12.303, 1311.0], [12.302, 882.0], [12.301, 1060.0], [12.3, 1434.0], [12.299, 339.0], [12.298, 754.0], [12.297, 2101.0], [12.296, 678.0], [12.295, 3451.0], [12.294, 2307.0], [12.293, 1532.0], [12.292, 485.0], [12.291, 4304.0], [12.29, 13777.0], [12.289, 580.0], [12.288, 2177.0]], "asks": [[12.308, 6682.0], [12.309, 1194.0], [12.31, 1404.0], [12.311, 2284.0], [12.312, 1934.0], [12.313, 1360.0], [12.314, 2260.0], [12.315, 2238.0], [12.316, 1700.0], [12.317, 1248.0], [12.318, 1267.0], [12.319, 1196.0], [12.32, 607.0], [12.321, 1519.0], [12.322, 1813.0], [12.323, 82.0], [12.324, 849.0], [12.325, 2427.0], [12.326, 511.0], [12.327, 1370.0]], "timestamp": "2025-12-19T22:30:43.594076+00:00"}, {"symbol": "AVAXUSDT", "bids": [[12.298, 554.0], [12.297, 381.0], [12.296, 1241.0], [12.295, 1918.0], [12.294, 1457.0], [12.293, 2144.0], [12.292, 1217.0], [12.291, 227.0], [12.29, 651.0], [12.289, 1221.0], [12.288, 1317.0], [12.287, 1458.0], [12.286, 1028.0], [12.285, 3172.0], [12.284, 908.0], [12.283, 962.0], [12.282, 6207.0], [12.281, 2109.0], [12.28, 1488.0], [12.279, 3650.0]], "asks": [[12.299, 332.0], [12.3, 174.0], [12.301, 333.0], [12.302, 1392.0], [12.303, 1881.0], [12.304, 943.0], [12.305, 982.0], [12.306, 1932.0], [12.307, 620.0], [12.308, 1076.0], [12.309, 2112.0], [12.31, 639.0], [12.311, 1025.0], [12.312, 1332.0], [12.313, 620.0], [12.314, 1087.0], [12.315, 2307.0], [12.316, 569.0], [12.317, 984.0], [12.318, 1160.0]], "timestamp": "2025-12-19T22:31:37.051229+00:00"}, {"symbol": "AVAXUSDT", "bids": [[12.306, 386.0], [12.305, 340.0], [12.304, 824.0], [12.303, 751.0], [12.302, 1066.0], [12.301, 2355.0], [12.3, 1366.0], [12.299, 2066.0], [12.298, 2448.0], [12.297, 750.0], [12.296, 1984.0], [12.295, 1458.0], [12.294, 294.0], [12.293, 1348.0], [12.292, 3733.0], [12.291, 555.0], [12.29, 1794.0], [12.289, 1636.0], [12.288, 3003.0], [12.287, 961.0]], "asks": [[12.307, 1182.0], [12.308, 540.0], [12.309, 1377.0], [12.31, 906.0], [12.311, 836.0], [12.312, 1373.0], [12.313, 328.0], [12.314, 896.0], [12.315, 1262.0], [12.316, 636.0], [12.317, 1546.0], [12.318, 519.0], [12.319, 1180.0], [12.32, 1185.0], [12.321, 3008.0], [12.322, 1519.0], [12.323, 4.0], [12.324, 377.0], [12.325, 1329.0], [12.326, 1290.0]], "timestamp": "2025-12-19T22:32:30.710341+00:00"}, {"symbol": "AVAXUSDT", "bids": [[12.308, 263.0], [12.307, 379.0], [12.306, 802.0], [12.305, 1724.0], [12.304, 1061.0], [12.303, 998.0], [12.302, 840.0], [12.301, 1971.0], [12.3, 656.0], [12.299, 287.0], [12.298, 2058.0], [12.297, 904.0], [12.296, 2019.0], [12.295, 1542.0], [12.294, 2042.0], [12.293, 2966.0], [12.292, 1452.0], [12.291, 1006.0], [12.29, 1696.0], [12.289, 1220.0]], "asks": [[12.309, 678.0], [12.31, 786.0], [12.311, 1519.0], [12.312, 332.0], [12.313, 872.0], [12.314, 1157.0], [12.315, 1197.0], [12.316, 356.0], [12.317, 627.0], [12.318, 861.0], [12.319, 1703.0], [12.32, 2651.0], [12.321, 1946.0], [12.322, 1411.0], [12.323, 1995.0], [12.324, 307.0], [12.325, 1422.0], [12.326, 919.0], [12.327, 1063.0], [12.328, 5718.0]], "timestamp": "2025-12-19T22:33:23.754185+00:00"}, {"symbol": "AVAXUSDT", "bids": [[12.313, 93.0], [12.312, 356.0], [12.311, 1803.0], [12.31, 1276.0], [12.309, 1227.0], [12.308, 2612.0], [12.307, 1667.0], [12.306, 780.0], [12.305, 2399.0], [12.304, 210.0], [12.303, 660.0], [12.302, 1712.0], [12.301, 2804.0], [12.3, 3168.0], [12.299, 405.0], [12.298, 1948.0], [12.297, 3407.0], [12.296, 13490.0], [12.295, 1500.0], [12.294, 300.0]], "asks": [[12.314, 3378.0], [12.315, 574.0], [12.316, 678.0], [12.317, 5803.0], [12.318, 975.0], [12.319, 1371.0], [12.32, 895.0], [12.321, 2090.0], [12.322, 194.0], [12.323, 350.0], [12.324, 1179.0], [12.325, 357.0], [12.326, 1109.0], [12.327, 879.0], [12.328, 2521.0], [12.329, 2163.0], [12.33, 268.0], [12.331, 562.0], [12.332, 499.0], [12.333, 1287.0]], "timestamp": "2025-12-19T22:34:17.309899+00:00"}, {"symbol": "AVAXUSDT", "bids": [[12.306, 195.0], [12.305, 421.0], [12.304, 1627.0], [12.303, 23.0], [12.302, 490.0], [12.301, 1575.0], [12.3, 721.0], [12.299, 840.0], [12.298, 1603.0], [12.297, 995.0], [12.296, 939.0], [12.295, 1529.0], [12.294, 1718.0], [12.293, 1460.0], [12.292, 1706.0], [12.291, 2292.0], [12.29, 3196.0], [12.289, 2105.0], [12.288, 2977.0], [12.287, 13264.0]], "asks": [[12.307, 734.0], [12.308, 668.0], [12.309, 5623.0], [12.31, 2857.0], [12.311, 546.0], [12.312, 817.0], [12.313, 1613.0], [12.314, 385.0], [12.315, 809.0], [12.316, 1789.0], [12.317, 440.0], [12.318, 894.0], [12.319, 1064.0], [12.32, 817.0], [12.321, 2278.0], [12.322, 199.0], [12.323, 360.0], [12.324, 2643.0], [12.325, 504.0], [12.326, 1556.0]], "timestamp": "2025-12-19T22:35:12.913930+00:00"}, {"symbol": "AVAXUSDT", "bids": [[12.311, 124.0], [12.31, 601.0], [12.309, 164.0], [12.308, 463.0], [12.307, 1303.0], [12.306, 828.0], [12.305, 576.0], [12.304, 1603.0], [12.303, 636.0], [12.302, 889.0], [12.301, 1523.0], [12.3, 717.0], [12.299, 1669.0], [12.298, 2463.0], [12.297, 217.0], [12.296, 1214.0], [12.295, 3849.0], [12.294, 658.0], [12.293, 841.0], [12.292, 1315.0]], "asks": [[12.312, 1192.0], [12.313, 338.0], [12.314, 5371.0], [12.315, 277.0], [12.316, 819.0], [12.317, 411.0], [12.318, 1490.0], [12.319, 517.0], [12.32, 1113.0], [12.321, 2768.0], [12.322, 409.0], [12.323, 218.0], [12.324, 1177.0], [12.325, 648.0], [12.326, 1767.0], [12.327, 2040.0], [12.328, 1420.0], [12.329, 479.0], [12.33, 390.0], [12.331, 1252.0]], "timestamp": "2025-12-19T22:36:06.574353+00:00"}, {"symbol": "AVAXUSDT", "bids": [[12.302, 203.0], [12.301, 312.0], [12.3, 894.0], [12.299, 578.0], [12.298, 1565.0], [12.297, 267.0], [12.296, 1298.0], [12.295, 2537.0], [12.294, 547.0], [12.293, 927.0], [12.292, 1352.0], [12.291, 707.0], [12.29, 2779.0], [12.289, 3579.0], [12.288, 356.0], [12.287, 826.0], [12.286, 3124.0], [12.285, 2829.0], [12.284, 418.0], [12.283, 2571.0]], "asks": [[12.303, 740.0], [12.304, 436.0], [12.305, 5380.0], [12.306, 503.0], [12.307, 465.0], [12.308, 1690.0], [12.309, 1173.0], [12.31, 812.0], [12.311, 914.0], [12.312, 2365.0], [12.313, 502.0], [12.314, 500.0], [12.315, 1945.0], [12.316, 942.0], [12.317, 1040.0], [12.318, 1891.0], [12.319, 825.0], [12.32, 1962.0], [12.321, 2423.0], [12.322, 1160.0]], "timestamp": "2025-12-19T22:37:00.230693+00:00"}, {"symbol": "AVAXUSDT", "bids": [[12.311, 872.0], [12.31, 1630.0], [12.309, 695.0], [12.308, 405.0], [12.307, 2006.0], [12.306, 1526.0], [12.305, 527.0], [12.304, 1930.0], [12.303, 371.0], [12.302, 1169.0], [12.301, 1720.0], [12.3, 858.0], [12.299, 2436.0], [12.298, 2592.0], [12.297, 630.0], [12.296, 3176.0], [12.295, 1436.0], [12.294, 657.0], [12.293, 513.0], [12.292, 1403.0]], "asks": [[12.312, 1140.0], [12.313, 92.0], [12.314, 100.0], [12.315, 581.0], [12.316, 502.0], [12.317, 911.0], [12.318, 1425.0], [12.319, 664.0], [12.32, 828.0], [12.321, 2722.0], [12.322, 570.0], [12.323, 809.0], [12.324, 1572.0], [12.325, 381.0], [12.326, 394.0], [12.327, 536.0], [12.328, 2972.0], [12.329, 543.0], [12.33, 792.0], [12.331, 1473.0]], "timestamp": "2025-12-19T22:37:53.991038+00:00"}, {"symbol": "AVAXUSDT", "bids": [[12.316, 239.0], [12.315, 684.0], [12.314, 1622.0], [12.313, 1990.0], [12.312, 769.0], [12.311, 1838.0], [12.31, 1234.0], [12.309, 434.0], [12.308, 1251.0], [12.307, 2170.0], [12.306, 710.0], [12.305, 861.0], [12.304, 2482.0], [12.303, 1372.0], [12.302, 1085.0], [12.301, 5116.0], [12.3, 912.0], [12.299, 1943.0], [12.298, 1321.0], [12.297, 730.0]], "asks": [[12.317, 34.0], [12.318, 444.0], [12.319, 177.0], [12.32, 910.0], [12.321, 836.0], [12.322, 366.0], [12.323, 414.0], [12.324, 419.0], [12.325, 1454.0], [12.326, 518.0], [12.327, 894.0], [12.328, 2422.0], [12.329, 798.0], [12.33, 602.0], [12.331, 1743.0], [12.332, 375.0], [12.333, 1463.0], [12.334, 498.0], [12.335, 1004.0], [12.336, 1668.0]], "timestamp": "2025-12-19T22:38:48.438461+00:00"}, {"symbol": "AVAXUSDT", "bids": [[12.309, 10.0], [12.308, 31.0], [12.307, 255.0], [12.306, 363.0], [12.305, 743.0], [12.304, 1520.0], [12.303, 273.0], [12.302, 743.0], [12.301, 2098.0], [12.3, 526.0], [12.299, 863.0], [12.298, 1975.0], [12.297, 1875.0], [12.296, 4285.0], [12.295, 1648.0], [12.294, 470.0], [12.293, 711.0], [12.292, 1506.0], [12.291, 1476.0], [12.29, 1185.0]], "asks": [[12.31, 799.0], [12.311, 732.0], [12.312, 435.0], [12.313, 568.0], [12.314, 614.0], [12.315, 1405.0], [12.316, 557.0], [12.317, 729.0], [12.318, 1544.0], [12.319, 244.0], [12.32, 804.0], [12.321, 2735.0], [12.322, 1564.0], [12.323, 18.0], [12.324, 353.0], [12.325, 1764.0], [12.326, 803.0], [12.327, 1371.0], [12.328, 2067.0], [12.329, 1263.0]], "timestamp": "2025-12-19T22:39:42.026077+00:00"}, {"symbol": "AVAXUSDT", "bids": [[12.306, 1126.0], [12.305, 1152.0], [12.304, 2667.0], [12.303, 2019.0], [12.302, 2135.0], [12.301, 3511.0], [12.3, 853.0], [12.299, 1281.0], [12.298, 2195.0], [12.297, 523.0], [12.296, 622.0], [12.295, 1738.0], [12.294, 1676.0], [12.293, 1795.0], [12.292, 4507.0], [12.291, 855.0], [12.29, 891.0], [12.289, 1429.0], [12.288, 537.0], [12.287, 2344.0]], "asks": [[12.307, 328.0], [12.308, 2.0], [12.309, 8.0], [12.31, 431.0], [12.311, 393.0], [12.312, 510.0], [12.313, 941.0], [12.314, 163.0], [12.315, 1627.0], [12.316, 363.0], [12.317, 584.0], [12.318, 1323.0], [12.319, 374.0], [12.32, 1083.0], [12.321, 2494.0], [12.322, 1681.0], [12.323, 83.0], [12.324, 911.0], [12.325, 1571.0], [12.326, 1839.0]], "timestamp": "2025-12-19T22:40:35.273759+00:00"}, {"symbol": "AVAXUSDT", "bids": [[12.314, 61.0], [12.313, 1300.0], [12.312, 485.0], [12.311, 1075.0], [12.31, 1243.0], [12.309, 218.0], [12.308, 281.0], [12.307, 1704.0], [12.306, 978.0], [12.305, 1315.0], [12.304, 1885.0], [12.303, 853.0], [12.302, 647.0], [12.301, 2687.0], [12.3, 1863.0], [12.299, 1601.0], [12.298, 2488.0], [12.297, 316.0], [12.296, 891.0], [12.295, 1701.0]], "asks": [[12.315, 459.0], [12.316, 232.0], [12.317, 505.0], [12.318, 776.0], [12.319, 448.0], [12.32, 796.0], [12.321, 1065.0], [12.322, 1367.0], [12.323, 7.0], [12.324, 451.0], [12.325, 1380.0], [12.326, 563.0], [12.327, 880.0], [12.328, 2530.0], [12.329, 1051.0], [12.33, 1031.0], [12.331, 686.0], [12.332, 386.0], [12.333, 1508.0], [12.334, 1645.0]], "timestamp": "2025-12-19T22:41:28.110736+00:00"}, {"symbol": "AVAXUSDT", "bids": [[12.311, 603.0], [12.31, 1664.0], [12.309, 2149.0], [12.308, 992.0], [12.307, 2180.0], [12.306, 1973.0], [12.305, 929.0], [12.304, 1730.0], [12.303, 844.0], [12.302, 1023.0], [12.301, 1475.0], [12.3, 604.0], [12.299, 1431.0], [12.298, 4967.0], [12.297, 146.0], [12.296, 1065.0], [12.295, 2776.0], [12.294, 2244.0], [12.293, 1651.0], [12.292, 1882.0]], "asks": [[12.312, 129.0], [12.313, 35.0], [12.314, 282.0], [12.315, 251.0], [12.316, 750.0], [12.317, 456.0], [12.318, 865.0], [12.319, 1278.0], [12.32, 527.0], [12.321, 1493.0], [12.322, 1572.0], [12.323, 170.0], [12.324, 1113.0], [12.325, 1580.0], [12.326, 1986.0], [12.327, 387.0], [12.328, 1514.0], [12.329, 717.0], [12.33, 2142.0], [12.331, 13931.0]], "timestamp": "2025-12-19T22:42:21.057896+00:00"}, {"symbol": "AVAXUSDT", "bids": [[12.313, 9.0], [12.312, 58.0], [12.311, 88.0], [12.31, 576.0], [12.309, 887.0], [12.308, 871.0], [12.307, 1679.0], [12.306, 248.0], [12.305, 471.0], [12.304, 1694.0], [12.303, 252.0], [12.302, 673.0], [12.301, 2263.0], [12.3, 1581.0], [12.299, 1012.0], [12.298, 2402.0], [12.297, 988.0], [12.296, 3479.0], [12.295, 1749.0], [12.294, 3039.0]], "asks": [[12.314, 833.0], [12.315, 490.0], [12.316, 612.0], [12.317, 497.0], [12.318, 1399.0], [12.319, 548.0], [12.32, 780.0], [12.321, 2013.0], [12.322, 702.0], [12.323, 200.0], [12.324, 693.0], [12.325, 1241.0], [12.326, 545.0], [12.327, 2000.0], [12.328, 1788.0], [12.329, 913.0], [12.33, 264.0], [12.331, 735.0], [12.332, 1320.0], [12.333, 4023.0]], "timestamp": "2025-12-19T22:43:14.199116+00:00"}, {"symbol": "AVAXUSDT", "bids": [[12.306, 592.0], [12.305, 821.0], [12.304, 2594.0], [12.303, 516.0], [12.302, 1179.0], [12.301, 3073.0], [12.3, 585.0], [12.299, 1058.0], [12.298, 2321.0], [12.297, 1523.0], [12.296, 1666.0], [12.295, 1747.0], [12.294, 1915.0], [12.293, 791.0], [12.292, 3326.0], [12.291, 3296.0], [12.29, 3702.0], [12.289, 14468.0], [12.288, 1177.0], [12.287, 3401.0]], "asks": [[12.307, 411.0], [12.308, 7.0], [12.309, 5.0], [12.31, 413.0], [12.311, 270.0], [12.312, 394.0], [12.313, 601.0], [12.314, 1657.0], [12.315, 1023.0], [12.316, 880.0], [12.317, 695.0], [12.318, 2250.0], [12.319, 666.0], [12.32, 1011.0], [12.321, 2056.0], [12.322, 1545.0], [12.323, 749.0], [12.324, 1320.0], [12.325, 1614.0], [12.326, 978.0]], "timestamp": "2025-12-19T22:44:07.790426+00:00"}, {"symbol": "AVAXUSDT", "bids": [[12.305, 76.0], [12.304, 213.0], [12.303, 587.0], [12.302, 1167.0], [12.301, 1367.0], [12.3, 487.0], [12.299, 767.0], [12.298, 1966.0], [12.297, 1537.0], [12.296, 1893.0], [12.295, 1567.0], [12.294, 436.0], [12.293, 649.0], [12.292, 2656.0], [12.291, 2272.0], [12.29, 2080.0], [12.289, 3590.0], [12.288, 3764.0], [12.287, 3052.0], [12.286, 815.0]], "asks": [[12.306, 510.0], [12.307, 373.0], [12.308, 473.0], [12.309, 360.0], [12.31, 633.0], [12.311, 1304.0], [12.312, 682.0], [12.313, 919.0], [12.314, 1505.0], [12.315, 1135.0], [12.316, 882.0], [12.317, 1294.0], [12.318, 3508.0], [12.319, 1045.0], [12.32, 1233.0], [12.321, 2598.0], [12.322, 1120.0], [12.323, 659.0], [12.324, 1035.0], [12.325, 2868.0]], "timestamp": "2025-12-19T22:45:00.902408+00:00"}, {"symbol": "AVAXUSDT", "bids": [[12.305, 534.0], [12.304, 1864.0], [12.303, 920.0], [12.302, 1108.0], [12.301, 1400.0], [12.3, 562.0], [12.299, 702.0], [12.298, 1987.0], [12.297, 1297.0], [12.296, 2379.0], [12.295, 1686.0], [12.294, 497.0], [12.293, 935.0], [12.292, 3634.0], [12.291, 940.0], [12.29, 2080.0], [12.289, 3590.0], [12.288, 3762.0], [12.287, 2911.0], [12.286, 801.0]], "asks": [[12.306, 562.0], [12.307, 266.0], [12.308, 253.0], [12.309, 279.0], [12.31, 364.0], [12.311, 1351.0], [12.312, 615.0], [12.313, 916.0], [12.314, 1507.0], [12.315, 1135.0], [12.316, 882.0], [12.317, 1617.0], [12.318, 2609.0], [12.319, 620.0], [12.32, 1258.0], [12.321, 4039.0], [12.322, 633.0], [12.323, 743.0], [12.324, 1221.0], [12.325, 2924.0]], "timestamp": "2025-12-19T22:45:54.468722+00:00"}, {"symbol": "AVAXUSDT", "bids": [[12.305, 851.0], [12.304, 283.0], [12.303, 1080.0], [12.302, 1177.0], [12.301, 1403.0], [12.3, 513.0], [12.299, 702.0], [12.298, 2120.0], [12.297, 1197.0], [12.296, 2090.0], [12.295, 1706.0], [12.294, 723.0], [12.293, 1101.0], [12.292, 3799.0], [12.291, 1619.0], [12.29, 5063.0], [12.289, 3296.0], [12.288, 1361.0], [12.287, 2896.0], [12.286, 688.0]], "asks": [[12.306, 680.0], [12.307, 260.0], [12.308, 255.0], [12.309, 274.0], [12.31, 365.0], [12.311, 1267.0], [12.312, 628.0], [12.313, 920.0], [12.314, 1640.0], [12.315, 1163.0], [12.316, 786.0], [12.317, 1095.0], [12.318, 2334.0], [12.319, 683.0], [12.32, 1965.0], [12.321, 2374.0], [12.322, 469.0], [12.323, 701.0], [12.324, 1019.0], [12.325, 2653.0]], "timestamp": "2025-12-19T22:46:47.808664+00:00"}, {"symbol": "AVAXUSDT", "bids": [[12.306, 1028.0], [12.305, 1279.0], [12.304, 1964.0], [12.303, 1888.0], [12.302, 924.0], [12.301, 1974.0], [12.3, 1259.0], [12.299, 888.0], [12.298, 1931.0], [12.297, 1651.0], [12.296, 1608.0], [12.295, 1771.0], [12.294, 867.0], [12.293, 1152.0], [12.292, 4167.0], [12.291, 1591.0], [12.29, 5063.0], [12.289, 3296.0], [12.288, 1191.0], [12.287, 3068.0]], "asks": [[12.307, 27.0], [12.308, 11.0], [12.309, 532.0], [12.31, 436.0], [12.311, 1285.0], [12.312, 572.0], [12.313, 700.0], [12.314, 1656.0], [12.315, 1032.0], [12.316, 749.0], [12.317, 659.0], [12.318, 2084.0], [12.319, 683.0], [12.32, 1716.0], [12.321, 3425.0], [12.322, 468.0], [12.323, 663.0], [12.324, 1022.0], [12.325, 2654.0], [12.326, 703.0]], "timestamp": "2025-12-19T22:47:41.158534+00:00"}, {"symbol": "AVAXUSDT", "bids": [[12.309, 429.0], [12.308, 411.0], [12.307, 274.0], [12.306, 889.0], [12.305, 706.0], [12.304, 1612.0], [12.303, 776.0], [12.302, 730.0], [12.301, 1528.0], [12.3, 467.0], [12.299, 634.0], [12.298, 1822.0], [12.297, 1754.0], [12.296, 2580.0], [12.295, 1929.0], [12.294, 2016.0], [12.293, 670.0], [12.292, 1476.0], [12.291, 1932.0], [12.29, 4303.0]], "asks": [[12.31, 187.0], [12.311, 467.0], [12.312, 367.0], [12.313, 434.0], [12.314, 1440.0], [12.315, 1399.0], [12.316, 985.0], [12.317, 1123.0], [12.318, 2174.0], [12.319, 1207.0], [12.32, 2014.0], [12.321, 2135.0], [12.322, 1147.0], [12.323, 1763.0], [12.324, 589.0], [12.325, 1655.0], [12.326, 593.0], [12.327, 659.0], [12.328, 1486.0], [12.329, 3082.0]], "timestamp": "2025-12-19T22:48:35.123886+00:00"}, {"symbol": "AVAXUSDT", "bids": [[12.309, 759.0], [12.308, 171.0], [12.307, 85.0], [12.306, 772.0], [12.305, 569.0], [12.304, 1549.0], [12.303, 822.0], [12.302, 730.0], [12.301, 1562.0], [12.3, 505.0], [12.299, 824.0], [12.298, 2557.0], [12.297, 3129.0], [12.296, 1939.0], [12.295, 1699.0], [12.294, 732.0], [12.293, 986.0], [12.292, 1751.0], [12.291, 2960.0], [12.29, 3281.0]], "asks": [[12.31, 1689.0], [12.311, 176.0], [12.312, 427.0], [12.313, 929.0], [12.314, 1296.0], [12.315, 1280.0], [12.316, 977.0], [12.317, 1012.0], [12.318, 2156.0], [12.319, 1206.0], [12.32, 1429.0], [12.321, 2548.0], [12.322, 665.0], [12.323, 1791.0], [12.324, 962.0], [12.325, 1500.0], [12.326, 552.0], [12.327, 959.0], [12.328, 2374.0], [12.329, 3081.0]], "timestamp": "2025-12-19T22:49:28.473955+00:00"}, {"symbol": "AVAXUSDT", "bids": [[12.311, 29.0], [12.31, 163.0], [12.309, 441.0], [12.308, 1231.0], [12.307, 1258.0], [12.306, 116.0], [12.305, 647.0], [12.304, 1960.0], [12.303, 1337.0], [12.302, 724.0], [12.301, 1872.0], [12.3, 2153.0], [12.299, 940.0], [12.298, 2050.0], [12.297, 1878.0], [12.296, 3514.0], [12.295, 1936.0], [12.294, 1066.0], [12.293, 863.0], [12.292, 1601.0]], "asks": [[12.312, 440.0], [12.313, 170.0], [12.314, 534.0], [12.315, 1369.0], [12.316, 930.0], [12.317, 718.0], [12.318, 1602.0], [12.319, 319.0], [12.32, 801.0], [12.321, 2486.0], [12.322, 1137.0], [12.323, 462.0], [12.324, 604.0], [12.325, 3273.0], [12.326, 1575.0], [12.327, 789.0], [12.328, 1462.0], [12.329, 424.0], [12.33, 1520.0], [12.331, 1131.0]], "timestamp": "2025-12-19T22:50:22.235209+00:00"}, {"symbol": "AVAXUSDT", "bids": [[12.308, 180.0], [12.307, 232.0], [12.306, 1202.0], [12.305, 698.0], [12.304, 1462.0], [12.303, 847.0], [12.302, 804.0], [12.301, 1492.0], [12.3, 957.0], [12.299, 1156.0], [12.298, 2518.0], [12.297, 920.0], [12.296, 2669.0], [12.295, 2684.0], [12.294, 956.0], [12.293, 1226.0], [12.292, 4224.0], [12.291, 918.0], [12.29, 963.0], [12.289, 1534.0]], "asks": [[12.309, 158.0], [12.31, 218.0], [12.311, 575.0], [12.312, 8957.0], [12.313, 22.0], [12.314, 312.0], [12.315, 423.0], [12.316, 1342.0], [12.317, 817.0], [12.318, 684.0], [12.319, 1699.0], [12.32, 1087.0], [12.321, 2448.0], [12.322, 1851.0], [12.323, 302.0], [12.324, 1019.0], [12.325, 2798.0], [12.326, 559.0], [12.327, 1049.0], [12.328, 3230.0]], "timestamp": "2025-12-19T22:51:15.074078+00:00"}, {"symbol": "AVAXUSDT", "bids": [[12.307, 355.0], [12.306, 219.0], [12.305, 797.0], [12.304, 1348.0], [12.303, 457.0], [12.302, 747.0], [12.301, 1474.0], [12.3, 893.0], [12.299, 1534.0], [12.298, 2392.0], [12.297, 903.0], [12.296, 2733.0], [12.295, 2973.0], [12.294, 1055.0], [12.293, 1231.0], [12.292, 5118.0], [12.291, 917.0], [12.29, 824.0], [12.289, 1518.0], [12.288, 1000.0]], "asks": [[12.308, 270.0], [12.309, 273.0], [12.31, 453.0], [12.311, 433.0], [12.312, 8772.0], [12.313, 321.0], [12.314, 324.0], [12.315, 699.0], [12.316, 1703.0], [12.317, 1285.0], [12.318, 816.0], [12.319, 1644.0], [12.32, 816.0], [12.321, 2449.0], [12.322, 2265.0], [12.323, 1647.0], [12.324, 1019.0], [12.325, 1500.0], [12.326, 724.0], [12.327, 1664.0]], "timestamp": "2025-12-19T22:52:09.550723+00:00"}, {"symbol": "AVAXUSDT", "bids": [[12.3, 542.0], [12.299, 687.0], [12.298, 1336.0], [12.297, 560.0], [12.296, 977.0], [12.295, 2112.0], [12.294, 376.0], [12.293, 650.0], [12.292, 2368.0], [12.291, 1044.0], [12.29, 3555.0], [12.289, 1575.0], [12.288, 322.0], [12.287, 3048.0], [12.286, 1439.0], [12.285, 3650.0], [12.284, 1850.0], [12.283, 580.0], [12.282, 2100.0], [12.281, 3077.0]], "asks": [[12.301, 377.0], [12.302, 214.0], [12.303, 115.0], [12.304, 422.0], [12.305, 1707.0], [12.306, 1105.0], [12.307, 1308.0], [12.308, 2566.0], [12.309, 6180.0], [12.31, 688.0], [12.311, 3065.0], [12.312, 9029.0], [12.313, 712.0], [12.314, 302.0], [12.315, 999.0], [12.316, 2234.0], [12.317, 1182.0], [12.318, 2073.0], [12.319, 1627.0], [12.32, 3124.0]], "timestamp": "2025-12-19T22:53:03.209769+00:00"}, {"symbol": "AVAXUSDT", "bids": [[12.3, 307.0], [12.299, 716.0], [12.298, 4008.0], [12.297, 725.0], [12.296, 699.0], [12.295, 1870.0], [12.294, 537.0], [12.293, 871.0], [12.292, 2215.0], [12.291, 938.0], [12.29, 1065.0], [12.289, 1720.0], [12.288, 1086.0], [12.287, 3368.0], [12.286, 966.0], [12.285, 1916.0], [12.284, 1464.0], [12.283, 3134.0], [12.282, 1858.0], [12.281, 3093.0]], "asks": [[12.301, 699.0], [12.302, 204.0], [12.303, 396.0], [12.304, 620.0], [12.305, 1470.0], [12.306, 755.0], [12.307, 1365.0], [12.308, 2913.0], [12.309, 6075.0], [12.31, 882.0], [12.311, 3333.0], [12.312, 9972.0], [12.313, 748.0], [12.314, 310.0], [12.315, 694.0], [12.316, 2487.0], [12.317, 2502.0], [12.318, 536.0], [12.319, 1664.0], [12.32, 2859.0]], "timestamp": "2025-12-19T22:53:56.650437+00:00"}, {"symbol": "AVAXUSDT", "bids": [[12.3, 229.0], [12.299, 588.0], [12.298, 3568.0], [12.297, 970.0], [12.296, 475.0], [12.295, 1843.0], [12.294, 399.0], [12.293, 842.0], [12.292, 1946.0], [12.291, 1337.0], [12.29, 848.0], [12.289, 1738.0], [12.288, 838.0], [12.287, 1949.0], [12.286, 2318.0], [12.285, 1916.0], [12.284, 1661.0], [12.283, 3127.0], [12.282, 1858.0], [12.281, 2985.0]], "asks": [[12.301, 476.0], [12.302, 347.0], [12.303, 393.0], [12.304, 947.0], [12.305, 1548.0], [12.306, 775.0], [12.307, 1403.0], [12.308, 2891.0], [12.309, 6300.0], [12.31, 1003.0], [12.311, 3347.0], [12.312, 9980.0], [12.313, 724.0], [12.314, 373.0], [12.315, 1487.0], [12.316, 1590.0], [12.317, 1861.0], [12.318, 435.0], [12.319, 1840.0], [12.32, 2859.0]], "timestamp": "2025-12-19T22:54:50.832544+00:00"}