[{"id": "530389114", "price": 12.262, "amount": 1.0, "side": "sell", "timestamp": 1766187669885}, {"id": "530389115", "price": 12.262, "amount": 6.0, "side": "sell", "timestamp": 1766187670072}, {"id": "530389116", "price": 12.263, "amount": 1804.0, "side": "buy", "timestamp": 1766187671502}, {"id": "530389117", "price": 12.264, "amount": 1094.0, "side": "buy", "timestamp": 1766187671502}, {"id": "530389118", "price": 12.265, "amount": 177.0, "side": "buy", "timestamp": 1766187671502}, {"id": "530389119", "price": 12.264, "amount": 156.0, "side": "sell", "timestamp": 1766187671507}, {"id": "530389120", "price": 12.262, "amount": 301.0, "side": "sell", "timestamp": 1766187671547}, {"id": "530389121", "price": 12.261, "amount": 11.0, "side": "sell", "timestamp": 1766187673779}, {"id": "530389122", "price": 12.26, "amount": 7.0, "side": "sell", "timestamp": 1766187674320}, {"id": "530389123", "price": 12.261, "amount": 1.0, "side": "buy", "timestamp": 1766187680451}, {"id": "530389124", "price": 12.26, "amount": 25.0, "side": "sell", "timestamp": 1766187683539}, {"id": "530389125", "price": 12.26, "amount": 1.0, "side": "buy", "timestamp": 1766187683672}, {"id": "530389126", "price": 12.26, "amount": 49.0, "side": "buy", "timestamp": 1766187685305}, {"id": "530389127", "price": 12.26, "amount": 1.0, "side": "buy", "timestamp": 1766187685549}, {"id": "530389128", "price": 12.26, "amount": 5.0, "side": "buy", "timestamp": 1766187686051}, {"id": "530389129", "price": 12.26, "amount": 1.0, "side": "buy", "timestamp": 1766187689869}, {"id": "530389130", "price": 12.259, "amount": 1.0, "side": "sell", "timestamp": 1766187689995}, {"id": "530389131", "price": 12.26, "amount": 5.0, "side": "buy", "timestamp": 1766187690306}, {"id": "530389132", "price": 12.26, "amount": 1.0, "side": "buy", "timestamp": 1766187701518}, {"id": "530389133", "price": 12.26, "amount": 1.0, "side": "buy", "timestamp": 1766187702212}, {"id": "530389134", "price": 12.259, "amount": 1.0, "side": "sell", "timestamp": 1766187702316}, {"id": "530389135", "price": 12.26, "amount": 278.0, "side": "buy", "timestamp": 1766187703956}, {"id": "530389136", "price": 12.261, "amount": 1.0, "side": "buy", "timestamp": 1766187703977}, {"id": "530389137", "price": 12.262, "amount": 1.0, "side": "buy", "timestamp": 1766187704797}, {"id": "530389138", "price": 12.262, "amount": 243.0, "side": "buy", "timestamp": 1766187705905}, {"id": "530389139", "price": 12.262, "amount": 1.0, "side": "buy", "timestamp": 1766187714354}, {"id": "530389140", "price": 12.262, "amount": 1.0, "side": "buy", "timestamp": 1766187714708}, {"id": "530389141", "price": 12.261, "amount": 78.0, "side": "sell", "timestamp": 1766187715232}, {"id": "530389142", "price": 12.262, "amount": 1.0, "side": "buy", "timestamp": 1766187717450}, {"id": "530389143", "price": 12.261, "amount": 3.0, "side": "sell", "timestamp": 1766187719393}, {"id": "530389144", "price": 12.262, "amount": 1.0, "side": "buy", "timestamp": 1766187719682}, {"id": "530389145", "price": 12.261, "amount": 563.0, "side": "sell", "timestamp": 1766187720945}, {"id": "530389146", "price": 12.26, "amount": 31.0, "side": "sell", "timestamp": 1766187721280}, {"id": "530389147", "price": 12.259, "amount": 2.0, "side": "sell", "timestamp": 1766187723501}, {"id": "530389148", "price": 12.259, "amount": 1.0, "side": "sell", "timestamp": 1766187723764}, {"id": "530389149", "price": 12.259, "amount": 1.0, "side": "sell", "timestamp": 1766187723948}, {"id": "530389150", "price": 12.26, "amount": 2.0, "side": "buy", "timestamp": 1766187724864}, {"id": "530389151", "price": 12.26, "amount": 2.0, "side": "buy", "timestamp": 1766187725033}, {"id": "530389152", "price": 12.26, "amount": 1.0, "side": "buy", "timestamp": 1766187725538}, {"id": "530389153", "price": 12.26, "amount": 3.0, "side": "buy", "timestamp": 1766187729249}, {"id": "530389154", "price": 12.26, "amount": 206.0, "side": "buy", "timestamp": 1766187729676}, {"id": "530389155", "price": 12.261, "amount": 356.0, "side": "buy", "timestamp": 1766187730636}, {"id": "530389156", "price": 12.261, "amount": 371.0, "side": "sell", "timestamp": 1766187732146}, {"id": "530389157", "price": 12.261, "amount": 1.0, "side": "buy", "timestamp": 1766187734609}, {"id": "530389158", "price": 12.26, "amount": 210.0, "side": "sell", "timestamp": 1766187738231}, {"id": "530389159", "price": 12.26, "amount": 3.0, "side": "sell", "timestamp": 1766187738385}, {"id": "530389160", "price": 12.26, "amount": 295.0, "side": "buy", "timestamp": 1766187745959}, {"id": "530389161", "price": 12.26, "amount": 1.0, "side": "sell", "timestamp": 1766187748255}, {"id": "530389162", "price": 12.261, "amount": 1.0, "side": "buy", "timestamp": 1766187750526}, {"id": "530389163", "price": 12.26, "amount": 1214.0, "side": "sell", "timestamp": 1766187750552}, {"id": "530389155", "price": 12.261, "amount": 356.0, "side": "buy", "timestamp": 1766187730636}, {"id": "530389156", "price": 12.261, "amount": 371.0, "side": "sell", "timestamp": 1766187732146}, {"id": "530389157", "price": 12.261, "amount": 1.0, "side": "buy", "timestamp": 1766187734609}, {"id": "530389158", "price": 12.26, "amount": 210.0, "side": "sell", "timestamp": 1766187738231}, {"id": "530389159", "price": 12.26, "amount": 3.0, "side": "sell", "timestamp": 1766187738385}, {"id": "530389160", "price": 12.26, "amount": 295.0, "side": "buy", "timestamp": 1766187745959}, {"id": "530389161", "price": 12.26, "amount": 1.0, "side": "sell", "timestamp": 1766187748255}, {"id": "530389162", "price": 12.261, "amount": 1.0, "side": "buy", "timestamp": 1766187750526}, {"id": "530389163", "price": 12.26, "amount": 1214.0, "side": "sell", "timestamp": 1766187750552}, {"id": "530389164", "price": 12.261, "amount": 1.0, "side": "buy", "timestamp": 1766187753615}, {"id": "530389165", "price": 12.26, "amount": 1.0, "side": "sell", "timestamp": 1766187754385}, {"id": "530389166", "price": 12.261, "amount": 1.0, "side": "buy", "timestamp": 1766187755688}, {"id": "530389167", "price": 12.261, "amount": 317.0, "side": "buy", "timestamp": 1766187756712}, {"id": "530389168", "price": 12.262, "amount": 27.0, "side": "buy", "timestamp": 1766187757331}, {"id": "530389169", "price": 12.263, "amount": 33.0, "side": "buy", "timestamp": 1766187757356}, {"id": "530389170", "price": 12.264, "amount": 133.0, "side": "buy", "timestamp": 1766187758075}, {"id": "530389171", "price": 12.265, "amount": 101.0, "side": "buy", "timestamp": 1766187758079}, {"id": "530389172", "price": 12.266, "amount": 986.0, "side": "buy", "timestamp": 1766187758407}, {"id": "530389173", "price": 12.267, "amount": 640.0, "side": "buy", "timestamp": 1766187760288}, {"id": "530389174", "price": 12.267, "amount": 3.0, "side": "buy", "timestamp": 1766187761100}, {"id": "530389175", "price": 12.268, "amount": 128.0, "side": "buy", "timestamp": 1766187764530}, {"id": "530389176", "price": 12.268, "amount": 190.0, "side": "buy", "timestamp": 1766187766298}, {"id": "530389177", "price": 12.269, "amount": 279.0, "side": "buy", "timestamp": 1766187766298}, {"id": "530389178", "price": 12.27, "amount": 449.0, "side": "buy", "timestamp": 1766187766298}, {"id": "530389179", "price": 12.271, "amount": 1.0, "side": "buy", "timestamp": 1766187766305}, {"id": "530389180", "price": 12.27, "amount": 1.0, "side": "sell", "timestamp": 1766187769167}, {"id": "530389181", "price": 12.271, "amount": 50.0, "side": "buy", "timestamp": 1766187770207}, {"id": "530389182", "price": 12.272, "amount": 1.0, "side": "buy", "timestamp": 1766187773234}, {"id": "530389183", "price": 12.271, "amount": 13.0, "side": "sell", "timestamp": 1766187776037}, {"id": "530389184", "price": 12.271, "amount": 202.0, "side": "buy", "timestamp": 1766187777153}, {"id": "530389185", "price": 12.271, "amount": 1.0, "side": "buy", "timestamp": 1766187778860}, {"id": "530389186", "price": 12.27, "amount": 201.0, "side": "sell", "timestamp": 1766187779895}, {"id": "530389187", "price": 12.269, "amount": 320.0, "side": "sell", "timestamp": 1766187782054}, {"id": "530389188", "price": 12.268, "amount": 56.0, "side": "sell", "timestamp": 1766187782290}, {"id": "530389189", "price": 12.268, "amount": 2.0, "side": "buy", "timestamp": 1766187783298}, {"id": "530389190", "price": 12.268, "amount": 1.0, "side": "buy", "timestamp": 1766187785948}, {"id": "530389191", "price": 12.267, "amount": 277.0, "side": "sell", "timestamp": 1766187787565}, {"id": "530389192", "price": 12.266, "amount": 25.0, "side": "sell", "timestamp": 1766187787681}, {"id": "530389193", "price": 12.265, "amount": 1.0, "side": "sell", "timestamp": 1766187789764}, {"id": "530389194", "price": 12.265, "amount": 48.0, "side": "sell", "timestamp": 1766187790053}, {"id": "530389195", "price": 12.264, "amount": 57.0, "side": "sell", "timestamp": 1766187790077}, {"id": "530389196", "price": 12.264, "amount": 1.0, "side": "buy", "timestamp": 1766187791682}, {"id": "530389197", "price": 12.264, "amount": 2.0, "side": "buy", "timestamp": 1766187795182}, {"id": "530389198", "price": 12.264, "amount": 1.0, "side": "buy", "timestamp": 1766187797393}, {"id": "530389199", "price": 12.264, "amount": 3.0, "side": "buy", "timestamp": 1766187798323}, {"id": "530389200", "price": 12.264, "amount": 1.0, "side": "buy", "timestamp": 1766187803668}, {"id": "530389201", "price": 12.264, "amount": 1.0, "side": "buy", "timestamp": 1766187805277}, {"id": "530389202", "price": 12.263, "amount": 210.0, "side": "sell", "timestamp": 1766187806640}, {"id": "530389203", "price": 12.262, "amount": 152.0, "side": "sell", "timestamp": 1766187806849}, {"id": "530389204", "price": 12.261, "amount": 157.0, "side": "sell", "timestamp": 1766187806870}, {"id": "530389185", "price": 12.271, "amount": 1.0, "side": "buy", "timestamp": 1766187778860}, {"id": "530389186", "price": 12.27, "amount": 201.0, "side": "sell", "timestamp": 1766187779895}, {"id": "530389187", "price": 12.269, "amount": 320.0, "side": "sell", "timestamp": 1766187782054}, {"id": "530389188", "price": 12.268, "amount": 56.0, "side": "sell", "timestamp": 1766187782290}, {"id": "530389189", "price": 12.268, "amount": 2.0, "side": "buy", "timestamp": 1766187783298}, {"id": "530389190", "price": 12.268, "amount": 1.0, "side": "buy", "timestamp": 1766187785948}, {"id": "530389191", "price": 12.267, "amount": 277.0, "side": "sell", "timestamp": 1766187787565}, {"id": "530389192", "price": 12.266, "amount": 25.0, "side": "sell", "timestamp": 1766187787681}, {"id": "530389193", "price": 12.265, "amount": 1.0, "side": "sell", "timestamp": 1766187789764}, {"id": "530389194", "price": 12.265, "amount": 48.0, "side": "sell", "timestamp": 1766187790053}, {"id": "530389195", "price": 12.264, "amount": 57.0, "side": "sell", "timestamp": 1766187790077}, {"id": "530389196", "price": 12.264, "amount": 1.0, "side": "buy", "timestamp": 1766187791682}, {"id": "530389197", "price": 12.264, "amount": 2.0, "side": "buy", "timestamp": 1766187795182}, {"id": "530389198", "price": 12.264, "amount": 1.0, "side": "buy", "timestamp": 1766187797393}, {"id": "530389199", "price": 12.264, "amount": 3.0, "side": "buy", "timestamp": 1766187798323}, {"id": "530389200", "price": 12.264, "amount": 1.0, "side": "buy", "timestamp": 1766187803668}, {"id": "530389201", "price": 12.264, "amount": 1.0, "side": "buy", "timestamp": 1766187805277}, {"id": "530389202", "price": 12.263, "amount": 210.0, "side": "sell", "timestamp": 1766187806640}, {"id": "530389203", "price": 12.262, "amount": 152.0, "side": "sell", "timestamp": 1766187806849}, {"id": "530389204", "price": 12.261, "amount": 157.0, "side": "sell", "timestamp": 1766187806870}, {"id": "530389205", "price": 12.262, "amount": 1.0, "side": "buy", "timestamp": 1766187809421}, {"id": "530389206", "price": 12.261, "amount": 1.0, "side": "sell", "timestamp": 1766187809576}, {"id": "530389207", "price": 12.261, "amount": 38.0, "side": "sell", "timestamp": 1766187810502}, {"id": "530389208", "price": 12.261, "amount": 1.0, "side": "buy", "timestamp": 1766187812358}, {"id": "530389209", "price": 12.26, "amount": 120.0, "side": "sell", "timestamp": 1766187812910}, {"id": "530389210", "price": 12.26, "amount": 1.0, "side": "sell", "timestamp": 1766187821338}, {"id": "530389211", "price": 12.261, "amount": 6.0, "side": "buy", "timestamp": 1766187823447}, {"id": "530389212", "price": 12.261, "amount": 1.0, "side": "buy", "timestamp": 1766187827682}, {"id": "530389213", "price": 12.26, "amount": 1.0, "side": "sell", "timestamp": 1766187827917}, {"id": "530389214", "price": 12.261, "amount": 1.0, "side": "buy", "timestamp": 1766187829836}, {"id": "530389215", "price": 12.261, "amount": 4.0, "side": "buy", "timestamp": 1766187831520}, {"id": "530389216", "price": 12.26, "amount": 222.0, "side": "sell", "timestamp": 1766187835214}, {"id": "530389217", "price": 12.259, "amount": 2.0, "side": "sell", "timestamp": 1766187837194}, {"id": "530389218", "price": 12.26, "amount": 2.0, "side": "buy", "timestamp": 1766187843382}, {"id": "530389219", "price": 12.26, "amount": 401.0, "side": "buy", "timestamp": 1766187844311}, {"id": "530389220", "price": 12.261, "amount": 1.0, "side": "buy", "timestamp": 1766187844606}, {"id": "530389221", "price": 12.26, "amount": 1.0, "side": "sell", "timestamp": 1766187844716}, {"id": "530389222", "price": 12.261, "amount": 1.0, "side": "buy", "timestamp": 1766187844965}, {"id": "530389223", "price": 12.261, "amount": 86.0, "side": "buy", "timestamp": 1766187845211}, {"id": "530389224", "price": 12.261, "amount": 1.0, "side": "buy", "timestamp": 1766187845659}, {"id": "530389225", "price": 12.261, "amount": 2.0, "side": "buy", "timestamp": 1766187845950}, {"id": "530389226", "price": 12.261, "amount": 1.0, "side": "buy", "timestamp": 1766187846421}, {"id": "530389227", "price": 12.261, "amount": 1.0, "side": "buy", "timestamp": 1766187850926}, {"id": "530389228", "price": 12.26, "amount": 399.0, "side": "sell", "timestamp": 1766187851017}, {"id": "530389229", "price": 12.259, "amount": 1.0, "side": "sell", "timestamp": 1766187851503}, {"id": "530389230", "price": 12.259, "amount": 1.0, "side": "sell", "timestamp": 1766187854766}, {"id": "530389231", "price": 12.259, "amount": 1.0, "side": "sell", "timestamp": 1766187855033}, {"id": "530389232", "price": 12.26, "amount": 1631.0, "side": "buy", "timestamp": 1766187857283}, {"id": "530389233", "price": 12.26, "amount": 1.0, "side": "sell", "timestamp": 1766187859575}, {"id": "530389234", "price": 12.261, "amount": 1.0, "side": "buy", "timestamp": 1766187863658}, {"id": "530389220", "price": 12.261, "amount": 1.0, "side": "buy", "timestamp": 1766187844606}, {"id": "530389221", "price": 12.26, "amount": 1.0, "side": "sell", "timestamp": 1766187844716}, {"id": "530389222", "price": 12.261, "amount": 1.0, "side": "buy", "timestamp": 1766187844965}, {"id": "530389223", "price": 12.261, "amount": 86.0, "side": "buy", "timestamp": 1766187845211}, {"id": "530389224", "price": 12.261, "amount": 1.0, "side": "buy", "timestamp": 1766187845659}, {"id": "530389225", "price": 12.261, "amount": 2.0, "side": "buy", "timestamp": 1766187845950}, {"id": "530389226", "price": 12.261, "amount": 1.0, "side": "buy", "timestamp": 1766187846421}, {"id": "530389227", "price": 12.261, "amount": 1.0, "side": "buy", "timestamp": 1766187850926}, {"id": "530389228", "price": 12.26, "amount": 399.0, "side": "sell", "timestamp": 1766187851017}, {"id": "530389229", "price": 12.259, "amount": 1.0, "side": "sell", "timestamp": 1766187851503}, {"id": "530389230", "price": 12.259, "amount": 1.0, "side": "sell", "timestamp": 1766187854766}, {"id": "530389231", "price": 12.259, "amount": 1.0, "side": "sell", "timestamp": 1766187855033}, {"id": "530389232", "price": 12.26, "amount": 1631.0, "side": "buy", "timestamp": 1766187857283}, {"id": "530389233", "price": 12.26, "amount": 1.0, "side": "sell", "timestamp": 1766187859575}, {"id": "530389234", "price": 12.261, "amount": 1.0, "side": "buy", "timestamp": 1766187863658}, {"id": "530389235", "price": 12.26, "amount": 1.0, "side": "sell", "timestamp": 1766187869477}, {"id": "530389236", "price": 12.26, "amount": 1.0, "side": "sell", "timestamp": 1766187869706}, {"id": "530389237", "price": 12.26, "amount": 1.0, "side": "sell", "timestamp": 1766187870068}, {"id": "530389238", "price": 12.26, "amount": 1.0, "side": "sell", "timestamp": 1766187874856}, {"id": "530389239", "price": 12.26, "amount": 1.0, "side": "sell", "timestamp": 1766187875020}, {"id": "530389240", "price": 12.26, "amount": 1.0, "side": "sell", "timestamp": 1766187879873}, {"id": "530389241", "price": 12.26, "amount": 1.0, "side": "sell", "timestamp": 1766187884744}, {"id": "530389242", "price": 12.26, "amount": 32.0, "side": "sell", "timestamp": 1766187887179}, {"id": "530389243", "price": 12.26, "amount": 32.0, "side": "sell", "timestamp": 1766187887859}, {"id": "530389244", "price": 12.26, "amount": 4.0, "side": "buy", "timestamp": 1766187897255}, {"id": "530389245", "price": 12.26, "amount": 1.0, "side": "buy", "timestamp": 1766187899672}, {"id": "530389246", "price": 12.26, "amount": 96.0, "side": "buy", "timestamp": 1766187900038}, {"id": "530389247", "price": 12.259, "amount": 209.0, "side": "sell", "timestamp": 1766187900461}, {"id": "530389248", "price": 12.258, "amount": 76.0, "side": "sell", "timestamp": 1766187900525}, {"id": "530389249", "price": 12.257, "amount": 1.0, "side": "sell", "timestamp": 1766187902846}, {"id": "530389250", "price": 12.258, "amount": 1.0, "side": "buy", "timestamp": 1766187903115}, {"id": "530389251", "price": 12.257, "amount": 2.0, "side": "sell", "timestamp": 1766187903475}, {"id": "530389252", "price": 12.258, "amount": 2.0, "side": "buy", "timestamp": 1766187904549}, {"id": "530389253", "price": 12.258, "amount": 1.0, "side": "buy", "timestamp": 1766187904950}, {"id": "530389254", "price": 12.258, "amount": 2.0, "side": "buy", "timestamp": 1766187906021}, {"id": "530389255", "price": 12.257, "amount": 85.0, "side": "sell", "timestamp": 1766187906895}, {"id": "530389256", "price": 12.258, "amount": 1.0, "side": "buy", "timestamp": 1766187907324}, {"id": "530389257", "price": 12.258, "amount": 4.0, "side": "buy", "timestamp": 1766187909824}, {"id": "530389258", "price": 12.258, "amount": 1.0, "side": "buy", "timestamp": 1766187909971}, {"id": "530389259", "price": 12.258, "amount": 4.0, "side": "buy", "timestamp": 1766187910081}, {"id": "530389260", "price": 12.258, "amount": 1.0, "side": "buy", "timestamp": 1766187911905}, {"id": "530389261", "price": 12.257, "amount": 1.0, "side": "sell", "timestamp": 1766187913547}, {"id": "530389262", "price": 12.258, "amount": 3.0, "side": "buy", "timestamp": 1766187914838}, {"id": "530389263", "price": 12.258, "amount": 1.0, "side": "buy", "timestamp": 1766187915065}, {"id": "530389264", "price": 12.257, "amount": 1.0, "side": "sell", "timestamp": 1766187915918}, {"id": "530389265", "price": 12.257, "amount": 1.0, "side": "sell", "timestamp": 1766187917609}, {"id": "530389266", "price": 12.257, "amount": 8.0, "side": "sell", "timestamp": 1766187918916}, {"id": "530389267", "price": 12.257, "amount": 6.0, "side": "sell", "timestamp": 1766187919020}, {"id": "530389268", "price": 12.257, "amount": 268.0, "side": "sell", "timestamp": 1766187919160}, {"id": "530389269", "price": 12.256, "amount": 83.0, "side": "sell", "timestamp": 1766187920283}, {"id": "530389249", "price": 12.257, "amount": 1.0, "side": "sell", "timestamp": 1766187902846}, {"id": "530389250", "price": 12.258, "amount": 1.0, "side": "buy", "timestamp": 1766187903115}, {"id": "530389251", "price": 12.257, "amount": 2.0, "side": "sell", "timestamp": 1766187903475}, {"id": "530389252", "price": 12.258, "amount": 2.0, "side": "buy", "timestamp": 1766187904549}, {"id": "530389253", "price": 12.258, "amount": 1.0, "side": "buy", "timestamp": 1766187904950}, {"id": "530389254", "price": 12.258, "amount": 2.0, "side": "buy", "timestamp": 1766187906021}, {"id": "530389255", "price": 12.257, "amount": 85.0, "side": "sell", "timestamp": 1766187906895}, {"id": "530389256", "price": 12.258, "amount": 1.0, "side": "buy", "timestamp": 1766187907324}, {"id": "530389257", "price": 12.258, "amount": 4.0, "side": "buy", "timestamp": 1766187909824}, {"id": "530389258", "price": 12.258, "amount": 1.0, "side": "buy", "timestamp": 1766187909971}, {"id": "530389259", "price": 12.258, "amount": 4.0, "side": "buy", "timestamp": 1766187910081}, {"id": "530389260", "price": 12.258, "amount": 1.0, "side": "buy", "timestamp": 1766187911905}, {"id": "530389261", "price": 12.257, "amount": 1.0, "side": "sell", "timestamp": 1766187913547}, {"id": "530389262", "price": 12.258, "amount": 3.0, "side": "buy", "timestamp": 1766187914838}, {"id": "530389263", "price": 12.258, "amount": 1.0, "side": "buy", "timestamp": 1766187915065}, {"id": "530389264", "price": 12.257, "amount": 1.0, "side": "sell", "timestamp": 1766187915918}, {"id": "530389265", "price": 12.257, "amount": 1.0, "side": "sell", "timestamp": 1766187917609}, {"id": "530389266", "price": 12.257, "amount": 8.0, "side": "sell", "timestamp": 1766187918916}, {"id": "530389267", "price": 12.257, "amount": 6.0, "side": "sell", "timestamp": 1766187919020}, {"id": "530389268", "price": 12.257, "amount": 268.0, "side": "sell", "timestamp": 1766187919160}, {"id": "530389269", "price": 12.256, "amount": 83.0, "side": "sell", "timestamp": 1766187920283}, {"id": "530389270", "price": 12.257, "amount": 81.0, "side": "buy", "timestamp": 1766187924217}, {"id": "530389271", "price": 12.257, "amount": 1.0, "side": "buy", "timestamp": 1766187929861}, {"id": "530389272", "price": 12.257, "amount": 100.0, "side": "buy", "timestamp": 1766187929981}, {"id": "530389273", "price": 12.257, "amount": 630.0, "side": "buy", "timestamp": 1766187934955}, {"id": "530389274", "price": 12.257, "amount": 348.0, "side": "buy", "timestamp": 1766187935234}, {"id": "530389275", "price": 12.258, "amount": 1.0, "side": "buy", "timestamp": 1766187935942}, {"id": "530389276", "price": 12.257, "amount": 6.0, "side": "sell", "timestamp": 1766187937591}, {"id": "530389277", "price": 12.258, "amount": 22.0, "side": "buy", "timestamp": 1766187938740}, {"id": "530389278", "price": 12.258, "amount": 1.0, "side": "buy", "timestamp": 1766187939740}, {"id": "530389279", "price": 12.258, "amount": 1.0, "side": "buy", "timestamp": 1766187940076}, {"id": "530389280", "price": 12.257, "amount": 822.0, "side": "sell", "timestamp": 1766187941640}, {"id": "530389281", "price": 12.256, "amount": 5.0, "side": "sell", "timestamp": 1766187942150}, {"id": "530389282", "price": 12.257, "amount": 1.0, "side": "buy", "timestamp": 1766187942312}, {"id": "530389283", "price": 12.257, "amount": 1.0, "side": "buy", "timestamp": 1766187944021}, {"id": "530389284", "price": 12.256, "amount": 88.0, "side": "sell", "timestamp": 1766187945468}, {"id": "530389285", "price": 12.256, "amount": 18.0, "side": "sell", "timestamp": 1766187950127}, {"id": "530389286", "price": 12.257, "amount": 3.0, "side": "buy", "timestamp": 1766187951724}, {"id": "530389287", "price": 12.256, "amount": 75.0, "side": "sell", "timestamp": 1766187953184}, {"id": "530389288", "price": 12.256, "amount": 133.0, "side": "sell", "timestamp": 1766187961451}, {"id": "530389289", "price": 12.256, "amount": 1.0, "side": "sell", "timestamp": 1766187961607}, {"id": "530389290", "price": 12.256, "amount": 5.0, "side": "sell", "timestamp": 1766187962369}, {"id": "530389291", "price": 12.256, "amount": 1.0, "side": "sell", "timestamp": 1766187962619}, {"id": "530389292", "price": 12.257, "amount": 2.0, "side": "buy", "timestamp": 1766187963549}, {"id": "530389293", "price": 12.256, "amount": 1.0, "side": "sell", "timestamp": 1766187964238}, {"id": "530389294", "price": 12.257, "amount": 1.0, "side": "buy", "timestamp": 1766187964473}, {"id": "530389295", "price": 12.257, "amount": 2.0, "side": "buy", "timestamp": 1766187965006}, {"id": "530389296", "price": 12.257, "amount": 1.0, "side": "buy", "timestamp": 1766187971677}, {"id": "530389297", "price": 12.257, "amount": 390.0, "side": "buy", "timestamp": 1766187972431}, {"id": "530389298", "price": 12.257, "amount": 4.0, "side": "buy", "timestamp": 1766187975551}, {"id": "530389280", "price": 12.257, "amount": 822.0, "side": "sell", "timestamp": 1766187941640}, {"id": "530389281", "price": 12.256, "amount": 5.0, "side": "sell", "timestamp": 1766187942150}, {"id": "530389282", "price": 12.257, "amount": 1.0, "side": "buy", "timestamp": 1766187942312}, {"id": "530389283", "price": 12.257, "amount": 1.0, "side": "buy", "timestamp": 1766187944021}, {"id": "530389284", "price": 12.256, "amount": 88.0, "side": "sell", "timestamp": 1766187945468}, {"id": "530389285", "price": 12.256, "amount": 18.0, "side": "sell", "timestamp": 1766187950127}, {"id": "530389286", "price": 12.257, "amount": 3.0, "side": "buy", "timestamp": 1766187951724}, {"id": "530389287", "price": 12.256, "amount": 75.0, "side": "sell", "timestamp": 1766187953184}, {"id": "530389288", "price": 12.256, "amount": 133.0, "side": "sell", "timestamp": 1766187961451}, {"id": "530389289", "price": 12.256, "amount": 1.0, "side": "sell", "timestamp": 1766187961607}, {"id": "530389290", "price": 12.256, "amount": 5.0, "side": "sell", "timestamp": 1766187962369}, {"id": "530389291", "price": 12.256, "amount": 1.0, "side": "sell", "timestamp": 1766187962619}, {"id": "530389292", "price": 12.257, "amount": 2.0, "side": "buy", "timestamp": 1766187963549}, {"id": "530389293", "price": 12.256, "amount": 1.0, "side": "sell", "timestamp": 1766187964238}, {"id": "530389294", "price": 12.257, "amount": 1.0, "side": "buy", "timestamp": 1766187964473}, {"id": "530389295", "price": 12.257, "amount": 2.0, "side": "buy", "timestamp": 1766187965006}, {"id": "530389296", "price": 12.257, "amount": 1.0, "side": "buy", "timestamp": 1766187971677}, {"id": "530389297", "price": 12.257, "amount": 390.0, "side": "buy", "timestamp": 1766187972431}, {"id": "530389298", "price": 12.257, "amount": 4.0, "side": "buy", "timestamp": 1766187975551}, {"id": "530389299", "price": 12.256, "amount": 1.0, "side": "sell", "timestamp": 1766187979410}, {"id": "530389300", "price": 12.257, "amount": 1.0, "side": "buy", "timestamp": 1766187979758}, {"id": "530389301", "price": 12.257, "amount": 73.0, "side": "buy", "timestamp": 1766187981951}, {"id": "530389302", "price": 12.257, "amount": 2.0, "side": "buy", "timestamp": 1766187983691}, {"id": "530389303", "price": 12.257, "amount": 1.0, "side": "buy", "timestamp": 1766187983837}, {"id": "530389304", "price": 12.256, "amount": 4.0, "side": "sell", "timestamp": 1766187986940}, {"id": "530389305", "price": 12.257, "amount": 1.0, "side": "buy", "timestamp": 1766187988761}, {"id": "530389306", "price": 12.257, "amount": 1.0, "side": "buy", "timestamp": 1766187989908}, {"id": "530389307", "price": 12.257, "amount": 184.0, "side": "buy", "timestamp": 1766187990215}, {"id": "530389308", "price": 12.257, "amount": 1.0, "side": "buy", "timestamp": 1766187990371}, {"id": "530389309", "price": 12.256, "amount": 1.0, "side": "sell", "timestamp": 1766187993691}, {"id": "530389310", "price": 12.256, "amount": 4.0, "side": "sell", "timestamp": 1766187999109}, {"id": "530389311", "price": 12.256, "amount": 2.0, "side": "sell", "timestamp": 1766188004544}, {"id": "530389312", "price": 12.257, "amount": 3.0, "side": "buy", "timestamp": 1766188005183}, {"id": "530389313", "price": 12.256, "amount": 1.0, "side": "sell", "timestamp": 1766188006967}, {"id": "530389314", "price": 12.257, "amount": 1.0, "side": "buy", "timestamp": 1766188007670}, {"id": "530389315", "price": 12.256, "amount": 11.0, "side": "sell", "timestamp": 1766188009901}, {"id": "530389316", "price": 12.257, "amount": 34.0, "side": "buy", "timestamp": 1766188012006}, {"id": "530389317", "price": 12.256, "amount": 21.0, "side": "sell", "timestamp": 1766188012708}, {"id": "530389318", "price": 12.256, "amount": 43.0, "side": "sell", "timestamp": 1766188013448}, {"id": "530389319", "price": 12.256, "amount": 9.0, "side": "sell", "timestamp": 1766188015031}, {"id": "530389320", "price": 12.256, "amount": 529.0, "side": "sell", "timestamp": 1766188020070}, {"id": "530389321", "price": 12.255, "amount": 63.0, "side": "sell", "timestamp": 1766188020514}, {"id": "530389322", "price": 12.255, "amount": 3.0, "side": "sell", "timestamp": 1766188021035}, {"id": "530389323", "price": 12.256, "amount": 11.0, "side": "buy", "timestamp": 1766188022987}, {"id": "530389324", "price": 12.256, "amount": 1.0, "side": "buy", "timestamp": 1766188023546}, {"id": "530389325", "price": 12.256, "amount": 1.0, "side": "buy", "timestamp": 1766188024542}, {"id": "530389326", "price": 12.256, "amount": 1.0, "side": "buy", "timestamp": 1766188024889}, {"id": "530389327", "price": 12.255, "amount": 1.0, "side": "sell", "timestamp": 1766188025020}, {"id": "530389328", "price": 12.256, "amount": 1.0, "side": "buy", "timestamp": 1766188025126}, {"id": "530389329", "price": 12.256, "amount": 1.0, "side": "buy", "timestamp": 1766188025955}, {"id": "530389303", "price": 12.257, "amount": 1.0, "side": "buy", "timestamp": 1766187983837}, {"id": "530389304", "price": 12.256, "amount": 4.0, "side": "sell", "timestamp": 1766187986940}, {"id": "530389305", "price": 12.257, "amount": 1.0, "side": "buy", "timestamp": 1766187988761}, {"id": "530389306", "price": 12.257, "amount": 1.0, "side": "buy", "timestamp": 1766187989908}, {"id": "530389307", "price": 12.257, "amount": 184.0, "side": "buy", "timestamp": 1766187990215}, {"id": "530389308", "price": 12.257, "amount": 1.0, "side": "buy", "timestamp": 1766187990371}, {"id": "530389309", "price": 12.256, "amount": 1.0, "side": "sell", "timestamp": 1766187993691}, {"id": "530389310", "price": 12.256, "amount": 4.0, "side": "sell", "timestamp": 1766187999109}, {"id": "530389311", "price": 12.256, "amount": 2.0, "side": "sell", "timestamp": 1766188004544}, {"id": "530389312", "price": 12.257, "amount": 3.0, "side": "buy", "timestamp": 1766188005183}, {"id": "530389313", "price": 12.256, "amount": 1.0, "side": "sell", "timestamp": 1766188006967}, {"id": "530389314", "price": 12.257, "amount": 1.0, "side": "buy", "timestamp": 1766188007670}, {"id": "530389315", "price": 12.256, "amount": 11.0, "side": "sell", "timestamp": 1766188009901}, {"id": "530389316", "price": 12.257, "amount": 34.0, "side": "buy", "timestamp": 1766188012006}, {"id": "530389317", "price": 12.256, "amount": 21.0, "side": "sell", "timestamp": 1766188012708}, {"id": "530389318", "price": 12.256, "amount": 43.0, "side": "sell", "timestamp": 1766188013448}, {"id": "530389319", "price": 12.256, "amount": 9.0, "side": "sell", "timestamp": 1766188015031}, {"id": "530389320", "price": 12.256, "amount": 529.0, "side": "sell", "timestamp": 1766188020070}, {"id": "530389321", "price": 12.255, "amount": 63.0, "side": "sell", "timestamp": 1766188020514}, {"id": "530389322", "price": 12.255, "amount": 3.0, "side": "sell", "timestamp": 1766188021035}, {"id": "530389323", "price": 12.256, "amount": 11.0, "side": "buy", "timestamp": 1766188022987}, {"id": "530389324", "price": 12.256, "amount": 1.0, "side": "buy", "timestamp": 1766188023546}, {"id": "530389325", "price": 12.256, "amount": 1.0, "side": "buy", "timestamp": 1766188024542}, {"id": "530389326", "price": 12.256, "amount": 1.0, "side": "buy", "timestamp": 1766188024889}, {"id": "530389327", "price": 12.255, "amount": 1.0, "side": "sell", "timestamp": 1766188025020}, {"id": "530389328", "price": 12.256, "amount": 1.0, "side": "buy", "timestamp": 1766188025126}, {"id": "530389329", "price": 12.256, "amount": 1.0, "side": "buy", "timestamp": 1766188025955}, {"id": "530389330", "price": 12.256, "amount": 1.0, "side": "buy", "timestamp": 1766188029735}, {"id": "530389331", "price": 12.256, "amount": 958.0, "side": "buy", "timestamp": 1766188033612}, {"id": "530389332", "price": 12.255, "amount": 1.0, "side": "sell", "timestamp": 1766188034550}, {"id": "530389333", "price": 12.256, "amount": 50.0, "side": "buy", "timestamp": 1766188038092}, {"id": "530389334", "price": 12.256, "amount": 152.0, "side": "buy", "timestamp": 1766188042118}, {"id": "530389335", "price": 12.257, "amount": 1.0, "side": "buy", "timestamp": 1766188043675}, {"id": "530389336", "price": 12.257, "amount": 150.0, "side": "buy", "timestamp": 1766188050316}, {"id": "530389337", "price": 12.256, "amount": 44.0, "side": "sell", "timestamp": 1766188053138}, {"id": "530389338", "price": 12.256, "amount": 8.0, "side": "sell", "timestamp": 1766188053723}, {"id": "530389339", "price": 12.256, "amount": 1.0, "side": "sell", "timestamp": 1766188063229}, {"id": "530389340", "price": 12.257, "amount": 1.0, "side": "buy", "timestamp": 1766188065043}, {"id": "530389341", "price": 12.257, "amount": 1.0, "side": "buy", "timestamp": 1766188065888}, {"id": "530389342", "price": 12.257, "amount": 235.0, "side": "buy", "timestamp": 1766188066524}, {"id": "530389343", "price": 12.257, "amount": 1.0, "side": "sell", "timestamp": 1766188067167}, {"id": "530389344", "price": 12.258, "amount": 1.0, "side": "buy", "timestamp": 1766188068166}, {"id": "530389345", "price": 12.258, "amount": 83.0, "side": "buy", "timestamp": 1766188074934}, {"id": "530389346", "price": 12.259, "amount": 160.0, "side": "buy", "timestamp": 1766188076424}, {"id": "530389347", "price": 12.26, "amount": 27.0, "side": "buy", "timestamp": 1766188076434}, {"id": "530389348", "price": 12.261, "amount": 1.0, "side": "buy", "timestamp": 1766188077460}, {"id": "530389349", "price": 12.261, "amount": 84.0, "side": "buy", "timestamp": 1766188079197}, {"id": "530389350", "price": 12.261, "amount": 1.0, "side": "buy", "timestamp": 1766188079666}, {"id": "530389351", "price": 12.26, "amount": 4.0, "side": "sell", "timestamp": 1766188079811}, {"id": "530389352", "price": 12.261, "amount": 79.0, "side": "buy", "timestamp": 1766188081072}, {"id": "530389323", "price": 12.256, "amount": 11.0, "side": "buy", "timestamp": 1766188022987}, {"id": "530389324", "price": 12.256, "amount": 1.0, "side": "buy", "timestamp": 1766188023546}, {"id": "530389325", "price": 12.256, "amount": 1.0, "side": "buy", "timestamp": 1766188024542}, {"id": "530389326", "price": 12.256, "amount": 1.0, "side": "buy", "timestamp": 1766188024889}, {"id": "530389327", "price": 12.255, "amount": 1.0, "side": "sell", "timestamp": 1766188025020}, {"id": "530389328", "price": 12.256, "amount": 1.0, "side": "buy", "timestamp": 1766188025126}, {"id": "530389329", "price": 12.256, "amount": 1.0, "side": "buy", "timestamp": 1766188025955}, {"id": "530389330", "price": 12.256, "amount": 1.0, "side": "buy", "timestamp": 1766188029735}, {"id": "530389331", "price": 12.256, "amount": 958.0, "side": "buy", "timestamp": 1766188033612}, {"id": "530389332", "price": 12.255, "amount": 1.0, "side": "sell", "timestamp": 1766188034550}, {"id": "530389333", "price": 12.256, "amount": 50.0, "side": "buy", "timestamp": 1766188038092}, {"id": "530389334", "price": 12.256, "amount": 152.0, "side": "buy", "timestamp": 1766188042118}, {"id": "530389335", "price": 12.257, "amount": 1.0, "side": "buy", "timestamp": 1766188043675}, {"id": "530389336", "price": 12.257, "amount": 150.0, "side": "buy", "timestamp": 1766188050316}, {"id": "530389337", "price": 12.256, "amount": 44.0, "side": "sell", "timestamp": 1766188053138}, {"id": "530389338", "price": 12.256, "amount": 8.0, "side": "sell", "timestamp": 1766188053723}, {"id": "530389339", "price": 12.256, "amount": 1.0, "side": "sell", "timestamp": 1766188063229}, {"id": "530389340", "price": 12.257, "amount": 1.0, "side": "buy", "timestamp": 1766188065043}, {"id": "530389341", "price": 12.257, "amount": 1.0, "side": "buy", "timestamp": 1766188065888}, {"id": "530389342", "price": 12.257, "amount": 235.0, "side": "buy", "timestamp": 1766188066524}, {"id": "530389343", "price": 12.257, "amount": 1.0, "side": "sell", "timestamp": 1766188067167}, {"id": "530389344", "price": 12.258, "amount": 1.0, "side": "buy", "timestamp": 1766188068166}, {"id": "530389345", "price": 12.258, "amount": 83.0, "side": "buy", "timestamp": 1766188074934}, {"id": "530389346", "price": 12.259, "amount": 160.0, "side": "buy", "timestamp": 1766188076424}, {"id": "530389347", "price": 12.26, "amount": 27.0, "side": "buy", "timestamp": 1766188076434}, {"id": "530389348", "price": 12.261, "amount": 1.0, "side": "buy", "timestamp": 1766188077460}, {"id": "530389349", "price": 12.261, "amount": 84.0, "side": "buy", "timestamp": 1766188079197}, {"id": "530389350", "price": 12.261, "amount": 1.0, "side": "buy", "timestamp": 1766188079666}, {"id": "530389351", "price": 12.26, "amount": 4.0, "side": "sell", "timestamp": 1766188079811}, {"id": "530389352", "price": 12.261, "amount": 79.0, "side": "buy", "timestamp": 1766188081072}, {"id": "530389353", "price": 12.261, "amount": 1.0, "side": "sell", "timestamp": 1766188082716}, {"id": "530389354", "price": 12.261, "amount": 3.0, "side": "sell", "timestamp": 1766188083266}, {"id": "530389355", "price": 12.262, "amount": 8.0, "side": "buy", "timestamp": 1766188088207}, {"id": "530389356", "price": 12.262, "amount": 8.0, "side": "buy", "timestamp": 1766188088791}, {"id": "530389357", "price": 12.262, "amount": 1.0, "side": "buy", "timestamp": 1766188091932}, {"id": "530389358", "price": 12.262, "amount": 30.0, "side": "buy", "timestamp": 1766188101208}, {"id": "530389359", "price": 12.262, "amount": 2.0, "side": "buy", "timestamp": 1766188101965}, {"id": "530389360", "price": 12.261, "amount": 1.0, "side": "sell", "timestamp": 1766188107939}, {"id": "530389361", "price": 12.262, "amount": 3.0, "side": "buy", "timestamp": 1766188108781}, {"id": "530389362", "price": 12.262, "amount": 1.0, "side": "buy", "timestamp": 1766188109347}, {"id": "530389363", "price": 12.262, "amount": 5.0, "side": "buy", "timestamp": 1766188110347}, {"id": "530389364", "price": 12.261, "amount": 778.0, "side": "sell", "timestamp": 1766188112629}, {"id": "530389365", "price": 12.26, "amount": 472.0, "side": "sell", "timestamp": 1766188112632}, {"id": "530389366", "price": 12.26, "amount": 1.0, "side": "buy", "timestamp": 1766188114609}, {"id": "530389367", "price": 12.26, "amount": 1.0, "side": "buy", "timestamp": 1766188115682}, {"id": "530389368", "price": 12.26, "amount": 142.0, "side": "buy", "timestamp": 1766188124344}, {"id": "530389369", "price": 12.259, "amount": 1.0, "side": "sell", "timestamp": 1766188127125}, {"id": "530389370", "price": 12.259, "amount": 192.0, "side": "sell", "timestamp": 1766188130238}, {"id": "530389371", "price": 12.258, "amount": 266.0, "side": "sell", "timestamp": 1766188133811}, {"id": "530389372", "price": 12.257, "amount": 2.0, "side": "sell", "timestamp": 1766188134984}, {"id": "530389347", "price": 12.26, "amount": 27.0, "side": "buy", "timestamp": 1766188076434}, {"id": "530389348", "price": 12.261, "amount": 1.0, "side": "buy", "timestamp": 1766188077460}, {"id": "530389349", "price": 12.261, "amount": 84.0, "side": "buy", "timestamp": 1766188079197}, {"id": "530389350", "price": 12.261, "amount": 1.0, "side": "buy", "timestamp": 1766188079666}, {"id": "530389351", "price": 12.26, "amount": 4.0, "side": "sell", "timestamp": 1766188079811}, {"id": "530389352", "price": 12.261, "amount": 79.0, "side": "buy", "timestamp": 1766188081072}, {"id": "530389353", "price": 12.261, "amount": 1.0, "side": "sell", "timestamp": 1766188082716}, {"id": "530389354", "price": 12.261, "amount": 3.0, "side": "sell", "timestamp": 1766188083266}, {"id": "530389355", "price": 12.262, "amount": 8.0, "side": "buy", "timestamp": 1766188088207}, {"id": "530389356", "price": 12.262, "amount": 8.0, "side": "buy", "timestamp": 1766188088791}, {"id": "530389357", "price": 12.262, "amount": 1.0, "side": "buy", "timestamp": 1766188091932}, {"id": "530389358", "price": 12.262, "amount": 30.0, "side": "buy", "timestamp": 1766188101208}, {"id": "530389359", "price": 12.262, "amount": 2.0, "side": "buy", "timestamp": 1766188101965}, {"id": "530389360", "price": 12.261, "amount": 1.0, "side": "sell", "timestamp": 1766188107939}, {"id": "530389361", "price": 12.262, "amount": 3.0, "side": "buy", "timestamp": 1766188108781}, {"id": "530389362", "price": 12.262, "amount": 1.0, "side": "buy", "timestamp": 1766188109347}, {"id": "530389363", "price": 12.262, "amount": 5.0, "side": "buy", "timestamp": 1766188110347}, {"id": "530389364", "price": 12.261, "amount": 778.0, "side": "sell", "timestamp": 1766188112629}, {"id": "530389365", "price": 12.26, "amount": 472.0, "side": "sell", "timestamp": 1766188112632}, {"id": "530389366", "price": 12.26, "amount": 1.0, "side": "buy", "timestamp": 1766188114609}, {"id": "530389367", "price": 12.26, "amount": 1.0, "side": "buy", "timestamp": 1766188115682}, {"id": "530389368", "price": 12.26, "amount": 142.0, "side": "buy", "timestamp": 1766188124344}, {"id": "530389369", "price": 12.259, "amount": 1.0, "side": "sell", "timestamp": 1766188127125}, {"id": "530389370", "price": 12.259, "amount": 192.0, "side": "sell", "timestamp": 1766188130238}, {"id": "530389371", "price": 12.258, "amount": 266.0, "side": "sell", "timestamp": 1766188133811}, {"id": "530389372", "price": 12.257, "amount": 2.0, "side": "sell", "timestamp": 1766188134984}, {"id": "530389373", "price": 12.257, "amount": 1.0, "side": "sell", "timestamp": 1766188136179}, {"id": "530389374", "price": 12.258, "amount": 2.0, "side": "buy", "timestamp": 1766188136681}, {"id": "530389375", "price": 12.257, "amount": 2.0, "side": "sell", "timestamp": 1766188138621}, {"id": "530389376", "price": 12.257, "amount": 88.0, "side": "sell", "timestamp": 1766188140189}, {"id": "530389377", "price": 12.257, "amount": 59.0, "side": "sell", "timestamp": 1766188140895}, {"id": "530389378", "price": 12.256, "amount": 24.0, "side": "sell", "timestamp": 1766188140895}, {"id": "530389379", "price": 12.257, "amount": 1.0, "side": "buy", "timestamp": 1766188143598}, {"id": "530389380", "price": 12.256, "amount": 92.0, "side": "sell", "timestamp": 1766188143918}, {"id": "530389381", "price": 12.257, "amount": 1.0, "side": "buy", "timestamp": 1766188145176}, {"id": "530389382", "price": 12.257, "amount": 1.0, "side": "buy", "timestamp": 1766188145565}, {"id": "530389383", "price": 12.256, "amount": 16.0, "side": "sell", "timestamp": 1766188148218}, {"id": "530389384", "price": 12.257, "amount": 1.0, "side": "buy", "timestamp": 1766188151678}, {"id": "530389385", "price": 12.257, "amount": 255.0, "side": "buy", "timestamp": 1766188159893}, {"id": "530389386", "price": 12.257, "amount": 7.0, "side": "buy", "timestamp": 1766188160313}, {"id": "530389387", "price": 12.258, "amount": 162.0, "side": "buy", "timestamp": 1766188160805}, {"id": "530389388", "price": 12.258, "amount": 7.0, "side": "buy", "timestamp": 1766188163730}, {"id": "530389389", "price": 12.258, "amount": 7.0, "side": "buy", "timestamp": 1766188165870}, {"id": "530389390", "price": 12.258, "amount": 1.0, "side": "buy", "timestamp": 1766188166336}, {"id": "530389391", "price": 12.258, "amount": 1.0, "side": "buy", "timestamp": 1766188167571}, {"id": "530389392", "price": 12.258, "amount": 14.0, "side": "buy", "timestamp": 1766188168785}, {"id": "530389393", "price": 12.258, "amount": 6.0, "side": "buy", "timestamp": 1766188170197}, {"id": "530389394", "price": 12.258, "amount": 1.0, "side": "buy", "timestamp": 1766188181855}, {"id": "530389395", "price": 12.257, "amount": 1.0, "side": "sell", "timestamp": 1766188185480}, {"id": "530389396", "price": 12.258, "amount": 1.0, "side": "buy", "timestamp": 1766188187672}, {"id": "530389374", "price": 12.258, "amount": 2.0, "side": "buy", "timestamp": 1766188136681}, {"id": "530389375", "price": 12.257, "amount": 2.0, "side": "sell", "timestamp": 1766188138621}, {"id": "530389376", "price": 12.257, "amount": 88.0, "side": "sell", "timestamp": 1766188140189}, {"id": "530389377", "price": 12.257, "amount": 59.0, "side": "sell", "timestamp": 1766188140895}, {"id": "530389378", "price": 12.256, "amount": 24.0, "side": "sell", "timestamp": 1766188140895}, {"id": "530389379", "price": 12.257, "amount": 1.0, "side": "buy", "timestamp": 1766188143598}, {"id": "530389380", "price": 12.256, "amount": 92.0, "side": "sell", "timestamp": 1766188143918}, {"id": "530389381", "price": 12.257, "amount": 1.0, "side": "buy", "timestamp": 1766188145176}, {"id": "530389382", "price": 12.257, "amount": 1.0, "side": "buy", "timestamp": 1766188145565}, {"id": "530389383", "price": 12.256, "amount": 16.0, "side": "sell", "timestamp": 1766188148218}, {"id": "530389384", "price": 12.257, "amount": 1.0, "side": "buy", "timestamp": 1766188151678}, {"id": "530389385", "price": 12.257, "amount": 255.0, "side": "buy", "timestamp": 1766188159893}, {"id": "530389386", "price": 12.257, "amount": 7.0, "side": "buy", "timestamp": 1766188160313}, {"id": "530389387", "price": 12.258, "amount": 162.0, "side": "buy", "timestamp": 1766188160805}, {"id": "530389388", "price": 12.258, "amount": 7.0, "side": "buy", "timestamp": 1766188163730}, {"id": "530389389", "price": 12.258, "amount": 7.0, "side": "buy", "timestamp": 1766188165870}, {"id": "530389390", "price": 12.258, "amount": 1.0, "side": "buy", "timestamp": 1766188166336}, {"id": "530389391", "price": 12.258, "amount": 1.0, "side": "buy", "timestamp": 1766188167571}, {"id": "530389392", "price": 12.258, "amount": 14.0, "side": "buy", "timestamp": 1766188168785}, {"id": "530389393", "price": 12.258, "amount": 6.0, "side": "buy", "timestamp": 1766188170197}, {"id": "530389394", "price": 12.258, "amount": 1.0, "side": "buy", "timestamp": 1766188181855}, {"id": "530389395", "price": 12.257, "amount": 1.0, "side": "sell", "timestamp": 1766188185480}, {"id": "530389396", "price": 12.258, "amount": 1.0, "side": "buy", "timestamp": 1766188187672}, {"id": "530389397", "price": 12.258, "amount": 1.0, "side": "buy", "timestamp": 1766188196864}, {"id": "530389398", "price": 12.258, "amount": 89.0, "side": "buy", "timestamp": 1766188200379}, {"id": "530389399", "price": 12.257, "amount": 483.0, "side": "sell", "timestamp": 1766188202661}, {"id": "530389400", "price": 12.257, "amount": 1.0, "side": "buy", "timestamp": 1766188203359}, {"id": "530389401", "price": 12.256, "amount": 1.0, "side": "sell", "timestamp": 1766188203748}, {"id": "530389402", "price": 12.257, "amount": 2.0, "side": "buy", "timestamp": 1766188204968}, {"id": "530389403", "price": 12.257, "amount": 1.0, "side": "buy", "timestamp": 1766188205189}, {"id": "530389404", "price": 12.256, "amount": 1.0, "side": "sell", "timestamp": 1766188205465}, {"id": "530389405", "price": 12.257, "amount": 1.0, "side": "buy", "timestamp": 1766188205670}, {"id": "530389406", "price": 12.256, "amount": 5.0, "side": "sell", "timestamp": 1766188205895}, {"id": "530389407", "price": 12.256, "amount": 1.0, "side": "sell", "timestamp": 1766188209369}, {"id": "530389408", "price": 12.256, "amount": 2.0, "side": "sell", "timestamp": 1766188209613}, {"id": "530389409", "price": 12.257, "amount": 3.0, "side": "buy", "timestamp": 1766188212755}, {"id": "530389410", "price": 12.256, "amount": 511.0, "side": "sell", "timestamp": 1766188220514}, {"id": "530389411", "price": 12.256, "amount": 3.0, "side": "buy", "timestamp": 1766188220572}, {"id": "530389412", "price": 12.255, "amount": 77.0, "side": "sell", "timestamp": 1766188220722}, {"id": "530389413", "price": 12.255, "amount": 3.0, "side": "buy", "timestamp": 1766188220758}, {"id": "530389414", "price": 12.255, "amount": 6.0, "side": "buy", "timestamp": 1766188222147}, {"id": "530389415", "price": 12.255, "amount": 1.0, "side": "buy", "timestamp": 1766188223679}, {"id": "530389416", "price": 12.255, "amount": 22.0, "side": "buy", "timestamp": 1766188226758}, {"id": "530389417", "price": 12.255, "amount": 1.0, "side": "buy", "timestamp": 1766188226977}, {"id": "530389418", "price": 12.254, "amount": 1.0, "side": "sell", "timestamp": 1766188230946}, {"id": "530389419", "price": 12.255, "amount": 1.0, "side": "buy", "timestamp": 1766188235918}, {"id": "530389420", "price": 12.255, "amount": 2.0, "side": "buy", "timestamp": 1766188236527}, {"id": "530389421", "price": 12.254, "amount": 2.0, "side": "sell", "timestamp": 1766188236749}, {"id": "530389422", "price": 12.254, "amount": 1.0, "side": "sell", "timestamp": 1766188238820}, {"id": "530389423", "price": 12.255, "amount": 1.0, "side": "buy", "timestamp": 1766188240806}, {"id": "530389403", "price": 12.257, "amount": 1.0, "side": "buy", "timestamp": 1766188205189}, {"id": "530389404", "price": 12.256, "amount": 1.0, "side": "sell", "timestamp": 1766188205465}, {"id": "530389405", "price": 12.257, "amount": 1.0, "side": "buy", "timestamp": 1766188205670}, {"id": "530389406", "price": 12.256, "amount": 5.0, "side": "sell", "timestamp": 1766188205895}, {"id": "530389407", "price": 12.256, "amount": 1.0, "side": "sell", "timestamp": 1766188209369}, {"id": "530389408", "price": 12.256, "amount": 2.0, "side": "sell", "timestamp": 1766188209613}, {"id": "530389409", "price": 12.257, "amount": 3.0, "side": "buy", "timestamp": 1766188212755}, {"id": "530389410", "price": 12.256, "amount": 511.0, "side": "sell", "timestamp": 1766188220514}, {"id": "530389411", "price": 12.256, "amount": 3.0, "side": "buy", "timestamp": 1766188220572}, {"id": "530389412", "price": 12.255, "amount": 77.0, "side": "sell", "timestamp": 1766188220722}, {"id": "530389413", "price": 12.255, "amount": 3.0, "side": "buy", "timestamp": 1766188220758}, {"id": "530389414", "price": 12.255, "amount": 6.0, "side": "buy", "timestamp": 1766188222147}, {"id": "530389415", "price": 12.255, "amount": 1.0, "side": "buy", "timestamp": 1766188223679}, {"id": "530389416", "price": 12.255, "amount": 22.0, "side": "buy", "timestamp": 1766188226758}, {"id": "530389417", "price": 12.255, "amount": 1.0, "side": "buy", "timestamp": 1766188226977}, {"id": "530389418", "price": 12.254, "amount": 1.0, "side": "sell", "timestamp": 1766188230946}, {"id": "530389419", "price": 12.255, "amount": 1.0, "side": "buy", "timestamp": 1766188235918}, {"id": "530389420", "price": 12.255, "amount": 2.0, "side": "buy", "timestamp": 1766188236527}, {"id": "530389421", "price": 12.254, "amount": 2.0, "side": "sell", "timestamp": 1766188236749}, {"id": "530389422", "price": 12.254, "amount": 1.0, "side": "sell", "timestamp": 1766188238820}, {"id": "530389423", "price": 12.255, "amount": 1.0, "side": "buy", "timestamp": 1766188240806}, {"id": "530389424", "price": 12.254, "amount": 1.0, "side": "sell", "timestamp": 1766188241589}, {"id": "530389425", "price": 12.255, "amount": 1.0, "side": "buy", "timestamp": 1766188247296}, {"id": "530389426", "price": 12.254, "amount": 1.0, "side": "sell", "timestamp": 1766188250083}, {"id": "530389427", "price": 12.254, "amount": 1.0, "side": "sell", "timestamp": 1766188258978}, {"id": "530389428", "price": 12.254, "amount": 8.0, "side": "sell", "timestamp": 1766188259637}, {"id": "530389429", "price": 12.255, "amount": 1.0, "side": "buy", "timestamp": 1766188259677}, {"id": "530389430", "price": 12.255, "amount": 445.0, "side": "buy", "timestamp": 1766188260300}, {"id": "530389431", "price": 12.255, "amount": 1.0, "side": "sell", "timestamp": 1766188262072}, {"id": "530389432", "price": 12.256, "amount": 1.0, "side": "buy", "timestamp": 1766188263245}, {"id": "530389433", "price": 12.256, "amount": 1.0, "side": "buy", "timestamp": 1766188264807}, {"id": "530389434", "price": 12.255, "amount": 4.0, "side": "sell", "timestamp": 1766188265381}, {"id": "530389435", "price": 12.255, "amount": 163.0, "side": "sell", "timestamp": 1766188266655}, {"id": "530389436", "price": 12.256, "amount": 2.0, "side": "buy", "timestamp": 1766188267127}, {"id": "530389437", "price": 12.255, "amount": 1.0, "side": "sell", "timestamp": 1766188267620}, {"id": "530389438", "price": 12.256, "amount": 54.0, "side": "buy", "timestamp": 1766188269552}, {"id": "530389439", "price": 12.255, "amount": 16.0, "side": "sell", "timestamp": 1766188269660}, {"id": "530389440", "price": 12.255, "amount": 3.0, "side": "sell", "timestamp": 1766188269842}, {"id": "530389441", "price": 12.255, "amount": 1.0, "side": "sell", "timestamp": 1766188269967}, {"id": "530389442", "price": 12.256, "amount": 3.0, "side": "buy", "timestamp": 1766188273308}, {"id": "530389443", "price": 12.256, "amount": 314.0, "side": "buy", "timestamp": 1766188275229}, {"id": "530389444", "price": 12.256, "amount": 117.0, "side": "buy", "timestamp": 1766188277843}, {"id": "530389445", "price": 12.256, "amount": 18.0, "side": "buy", "timestamp": 1766188278633}, {"id": "530389446", "price": 12.255, "amount": 123.0, "side": "sell", "timestamp": 1766188280991}, {"id": "530389447", "price": 12.256, "amount": 2.0, "side": "buy", "timestamp": 1766188281076}, {"id": "530389448", "price": 12.255, "amount": 9.0, "side": "sell", "timestamp": 1766188281341}, {"id": "530389449", "price": 12.255, "amount": 200.0, "side": "buy", "timestamp": 1766188287940}, {"id": "530389450", "price": 12.254, "amount": 16.0, "side": "sell", "timestamp": 1766188288070}, {"id": "530389451", "price": 12.255, "amount": 1.0, "side": "buy", "timestamp": 1766188289422}, {"id": "530389452", "price": 12.254, "amount": 1.0, "side": "sell", "timestamp": 1766188292160}, {"id": "530389441", "price": 12.255, "amount": 1.0, "side": "sell", "timestamp": 1766188269967}, {"id": "530389442", "price": 12.256, "amount": 3.0, "side": "buy", "timestamp": 1766188273308}, {"id": "530389443", "price": 12.256, "amount": 314.0, "side": "buy", "timestamp": 1766188275229}, {"id": "530389444", "price": 12.256, "amount": 117.0, "side": "buy", "timestamp": 1766188277843}, {"id": "530389445", "price": 12.256, "amount": 18.0, "side": "buy", "timestamp": 1766188278633}, {"id": "530389446", "price": 12.255, "amount": 123.0, "side": "sell", "timestamp": 1766188280991}, {"id": "530389447", "price": 12.256, "amount": 2.0, "side": "buy", "timestamp": 1766188281076}, {"id": "530389448", "price": 12.255, "amount": 9.0, "side": "sell", "timestamp": 1766188281341}, {"id": "530389449", "price": 12.255, "amount": 200.0, "side": "buy", "timestamp": 1766188287940}, {"id": "530389450", "price": 12.254, "amount": 16.0, "side": "sell", "timestamp": 1766188288070}, {"id": "530389451", "price": 12.255, "amount": 1.0, "side": "buy", "timestamp": 1766188289422}, {"id": "530389452", "price": 12.254, "amount": 1.0, "side": "sell", "timestamp": 1766188292160}, {"id": "530389453", "price": 12.254, "amount": 2.0, "side": "sell", "timestamp": 1766188294528}, {"id": "530389454", "price": 12.255, "amount": 1.0, "side": "buy", "timestamp": 1766188295680}, {"id": "530389455", "price": 12.255, "amount": 454.0, "side": "buy", "timestamp": 1766188296770}, {"id": "530389456", "price": 12.254, "amount": 47.0, "side": "sell", "timestamp": 1766188303337}, {"id": "530389457", "price": 12.255, "amount": 2.0, "side": "buy", "timestamp": 1766188304111}, {"id": "530389458", "price": 12.254, "amount": 3.0, "side": "sell", "timestamp": 1766188304435}, {"id": "530389459", "price": 12.254, "amount": 262.0, "side": "sell", "timestamp": 1766188304821}, {"id": "530389460", "price": 12.253, "amount": 68.0, "side": "sell", "timestamp": 1766188304840}, {"id": "530389461", "price": 12.252, "amount": 455.0, "side": "sell", "timestamp": 1766188304840}, {"id": "530389462", "price": 12.251, "amount": 91.0, "side": "sell", "timestamp": 1766188304858}, {"id": "530389463", "price": 12.251, "amount": 1.0, "side": "sell", "timestamp": 1766188305004}, {"id": "530389464", "price": 12.25, "amount": 77.0, "side": "sell", "timestamp": 1766188305004}, {"id": "530389465", "price": 12.251, "amount": 1.0, "side": "buy", "timestamp": 1766188305052}, {"id": "530389466", "price": 12.25, "amount": 1.0, "side": "sell", "timestamp": 1766188305221}, {"id": "530389467", "price": 12.25, "amount": 108.0, "side": "sell", "timestamp": 1766188307106}, {"id": "530389468", "price": 12.249, "amount": 16.0, "side": "sell", "timestamp": 1766188307205}, {"id": "530389469", "price": 12.25, "amount": 1.0, "side": "buy", "timestamp": 1766188308884}, {"id": "530389470", "price": 12.249, "amount": 159.0, "side": "sell", "timestamp": 1766188313041}, {"id": "530389471", "price": 12.249, "amount": 190.0, "side": "sell", "timestamp": 1766188314287}, {"id": "530389472", "price": 12.249, "amount": 1.0, "side": "buy", "timestamp": 1766188316866}, {"id": "530389473", "price": 12.249, "amount": 1.0, "side": "buy", "timestamp": 1766188318897}, {"id": "530389474", "price": 12.249, "amount": 4.0, "side": "buy", "timestamp": 1766188323370}, {"id": "530389475", "price": 12.248, "amount": 18.0, "side": "sell", "timestamp": 1766188323434}, {"id": "530389476", "price": 12.249, "amount": 1.0, "side": "buy", "timestamp": 1766188324619}, {"id": "530389477", "price": 12.249, "amount": 8.0, "side": "buy", "timestamp": 1766188324940}, {"id": "530389478", "price": 12.249, "amount": 1.0, "side": "buy", "timestamp": 1766188325238}, {"id": "530389479", "price": 12.248, "amount": 5.0, "side": "sell", "timestamp": 1766188329749}, {"id": "530389480", "price": 12.248, "amount": 2.0, "side": "sell", "timestamp": 1766188329868}, {"id": "530389481", "price": 12.248, "amount": 3.0, "side": "sell", "timestamp": 1766188330097}, {"id": "530389482", "price": 12.249, "amount": 1.0, "side": "buy", "timestamp": 1766188330576}, {"id": "530389483", "price": 12.249, "amount": 1.0, "side": "buy", "timestamp": 1766188331676}, {"id": "530389484", "price": 12.249, "amount": 8.0, "side": "buy", "timestamp": 1766188333180}, {"id": "530389485", "price": 12.249, "amount": 1.0, "side": "buy", "timestamp": 1766188334799}, {"id": "530389486", "price": 12.248, "amount": 1.0, "side": "sell", "timestamp": 1766188338070}, {"id": "530389487", "price": 12.249, "amount": 2.0, "side": "buy", "timestamp": 1766188339240}, {"id": "530389488", "price": 12.249, "amount": 616.0, "side": "buy", "timestamp": 1766188340291}, {"id": "530389489", "price": 12.25, "amount": 3.0, "side": "buy", "timestamp": 1766188340298}, {"id": "530389490", "price": 12.249, "amount": 16.0, "side": "sell", "timestamp": 1766188340459}, {"id": "530389467", "price": 12.25, "amount": 108.0, "side": "sell", "timestamp": 1766188307106}, {"id": "530389468", "price": 12.249, "amount": 16.0, "side": "sell", "timestamp": 1766188307205}, {"id": "530389469", "price": 12.25, "amount": 1.0, "side": "buy", "timestamp": 1766188308884}, {"id": "530389470", "price": 12.249, "amount": 159.0, "side": "sell", "timestamp": 1766188313041}, {"id": "530389471", "price": 12.249, "amount": 190.0, "side": "sell", "timestamp": 1766188314287}, {"id": "530389472", "price": 12.249, "amount": 1.0, "side": "buy", "timestamp": 1766188316866}, {"id": "530389473", "price": 12.249, "amount": 1.0, "side": "buy", "timestamp": 1766188318897}, {"id": "530389474", "price": 12.249, "amount": 4.0, "side": "buy", "timestamp": 1766188323370}, {"id": "530389475", "price": 12.248, "amount": 18.0, "side": "sell", "timestamp": 1766188323434}, {"id": "530389476", "price": 12.249, "amount": 1.0, "side": "buy", "timestamp": 1766188324619}, {"id": "530389477", "price": 12.249, "amount": 8.0, "side": "buy", "timestamp": 1766188324940}, {"id": "530389478", "price": 12.249, "amount": 1.0, "side": "buy", "timestamp": 1766188325238}, {"id": "530389479", "price": 12.248, "amount": 5.0, "side": "sell", "timestamp": 1766188329749}, {"id": "530389480", "price": 12.248, "amount": 2.0, "side": "sell", "timestamp": 1766188329868}, {"id": "530389481", "price": 12.248, "amount": 3.0, "side": "sell", "timestamp": 1766188330097}, {"id": "530389482", "price": 12.249, "amount": 1.0, "side": "buy", "timestamp": 1766188330576}, {"id": "530389483", "price": 12.249, "amount": 1.0, "side": "buy", "timestamp": 1766188331676}, {"id": "530389484", "price": 12.249, "amount": 8.0, "side": "buy", "timestamp": 1766188333180}, {"id": "530389485", "price": 12.249, "amount": 1.0, "side": "buy", "timestamp": 1766188334799}, {"id": "530389486", "price": 12.248, "amount": 1.0, "side": "sell", "timestamp": 1766188338070}, {"id": "530389487", "price": 12.249, "amount": 2.0, "side": "buy", "timestamp": 1766188339240}, {"id": "530389488", "price": 12.249, "amount": 616.0, "side": "buy", "timestamp": 1766188340291}, {"id": "530389489", "price": 12.25, "amount": 3.0, "side": "buy", "timestamp": 1766188340298}, {"id": "530389490", "price": 12.249, "amount": 16.0, "side": "sell", "timestamp": 1766188340459}, {"id": "530389491", "price": 12.25, "amount": 85.0, "side": "buy", "timestamp": 1766188347107}, {"id": "530389492", "price": 12.25, "amount": 75.0, "side": "buy", "timestamp": 1766188350185}, {"id": "530389493", "price": 12.249, "amount": 1.0, "side": "sell", "timestamp": 1766188351846}, {"id": "530389494", "price": 12.25, "amount": 1.0, "side": "buy", "timestamp": 1766188352728}, {"id": "530389495", "price": 12.25, "amount": 2.0, "side": "buy", "timestamp": 1766188361551}, {"id": "530389496", "price": 12.249, "amount": 2.0, "side": "sell", "timestamp": 1766188363394}, {"id": "530389497", "price": 12.25, "amount": 1.0, "side": "buy", "timestamp": 1766188366371}, {"id": "530389498", "price": 12.25, "amount": 1.0, "side": "buy", "timestamp": 1766188367671}, {"id": "530389499", "price": 12.249, "amount": 1.0, "side": "sell", "timestamp": 1766188367781}, {"id": "530389500", "price": 12.249, "amount": 86.0, "side": "sell", "timestamp": 1766188369309}, {"id": "530389501", "price": 12.249, "amount": 2.0, "side": "sell", "timestamp": 1766188370789}, {"id": "530389502", "price": 12.25, "amount": 1.0, "side": "buy", "timestamp": 1766188375596}, {"id": "530389503", "price": 12.25, "amount": 65.0, "side": "buy", "timestamp": 1766188379114}, {"id": "530389504", "price": 12.249, "amount": 1.0, "side": "sell", "timestamp": 1766188382462}, {"id": "530389505", "price": 12.249, "amount": 2.0, "side": "sell", "timestamp": 1766188383375}, {"id": "530389506", "price": 12.25, "amount": 1.0, "side": "buy", "timestamp": 1766188384988}, {"id": "530389507", "price": 12.25, "amount": 1.0, "side": "buy", "timestamp": 1766188385250}, {"id": "530389508", "price": 12.249, "amount": 4.0, "side": "sell", "timestamp": 1766188385796}, {"id": "530389509", "price": 12.25, "amount": 3.0, "side": "buy", "timestamp": 1766188385808}, {"id": "530389510", "price": 12.25, "amount": 1.0, "side": "buy", "timestamp": 1766188386038}, {"id": "530389511", "price": 12.249, "amount": 2.0, "side": "sell", "timestamp": 1766188389804}, {"id": "530389512", "price": 12.249, "amount": 6.0, "side": "sell", "timestamp": 1766188389974}, {"id": "530389513", "price": 12.25, "amount": 2.0, "side": "buy", "timestamp": 1766188390999}, {"id": "530389514", "price": 12.249, "amount": 1.0, "side": "sell", "timestamp": 1766188394898}, {"id": "530389515", "price": 12.249, "amount": 1.0, "side": "sell", "timestamp": 1766188395011}, {"id": "530389516", "price": 12.25, "amount": 2.0, "side": "buy", "timestamp": 1766188398190}, {"id": "530389497", "price": 12.25, "amount": 1.0, "side": "buy", "timestamp": 1766188366371}, {"id": "530389498", "price": 12.25, "amount": 1.0, "side": "buy", "timestamp": 1766188367671}, {"id": "530389499", "price": 12.249, "amount": 1.0, "side": "sell", "timestamp": 1766188367781}, {"id": "530389500", "price": 12.249, "amount": 86.0, "side": "sell", "timestamp": 1766188369309}, {"id": "530389501", "price": 12.249, "amount": 2.0, "side": "sell", "timestamp": 1766188370789}, {"id": "530389502", "price": 12.25, "amount": 1.0, "side": "buy", "timestamp": 1766188375596}, {"id": "530389503", "price": 12.25, "amount": 65.0, "side": "buy", "timestamp": 1766188379114}, {"id": "530389504", "price": 12.249, "amount": 1.0, "side": "sell", "timestamp": 1766188382462}, {"id": "530389505", "price": 12.249, "amount": 2.0, "side": "sell", "timestamp": 1766188383375}, {"id": "530389506", "price": 12.25, "amount": 1.0, "side": "buy", "timestamp": 1766188384988}, {"id": "530389507", "price": 12.25, "amount": 1.0, "side": "buy", "timestamp": 1766188385250}, {"id": "530389508", "price": 12.249, "amount": 4.0, "side": "sell", "timestamp": 1766188385796}, {"id": "530389509", "price": 12.25, "amount": 3.0, "side": "buy", "timestamp": 1766188385808}, {"id": "530389510", "price": 12.25, "amount": 1.0, "side": "buy", "timestamp": 1766188386038}, {"id": "530389511", "price": 12.249, "amount": 2.0, "side": "sell", "timestamp": 1766188389804}, {"id": "530389512", "price": 12.249, "amount": 6.0, "side": "sell", "timestamp": 1766188389974}, {"id": "530389513", "price": 12.25, "amount": 2.0, "side": "buy", "timestamp": 1766188390999}, {"id": "530389514", "price": 12.249, "amount": 1.0, "side": "sell", "timestamp": 1766188394898}, {"id": "530389515", "price": 12.249, "amount": 1.0, "side": "sell", "timestamp": 1766188395011}, {"id": "530389516", "price": 12.25, "amount": 2.0, "side": "buy", "timestamp": 1766188398190}, {"id": "530389517", "price": 12.249, "amount": 1.0, "side": "sell", "timestamp": 1766188399797}, {"id": "530389518", "price": 12.249, "amount": 1.0, "side": "sell", "timestamp": 1766188399955}, {"id": "530389519", "price": 12.25, "amount": 1.0, "side": "buy", "timestamp": 1766188403666}, {"id": "530389520", "price": 12.249, "amount": 2.0, "side": "sell", "timestamp": 1766188404798}, {"id": "530389521", "price": 12.249, "amount": 1.0, "side": "sell", "timestamp": 1766188409817}, {"id": "530389522", "price": 12.249, "amount": 1.0, "side": "sell", "timestamp": 1766188410059}, {"id": "530389523", "price": 12.249, "amount": 1.0, "side": "sell", "timestamp": 1766188411525}, {"id": "530389524", "price": 12.249, "amount": 2.0, "side": "sell", "timestamp": 1766188414812}, {"id": "530389525", "price": 12.249, "amount": 1.0, "side": "sell", "timestamp": 1766188419486}, {"id": "530389526", "price": 12.249, "amount": 2.0, "side": "sell", "timestamp": 1766188420074}, {"id": "530389527", "price": 12.25, "amount": 1.0, "side": "buy", "timestamp": 1766188423528}, {"id": "530389528", "price": 12.249, "amount": 1.0, "side": "sell", "timestamp": 1766188424742}, {"id": "530389529", "price": 12.25, "amount": 880.0, "side": "buy", "timestamp": 1766188428426}, {"id": "530389530", "price": 12.25, "amount": 16.0, "side": "sell", "timestamp": 1766188428532}, {"id": "530389531", "price": 12.25, "amount": 1.0, "side": "sell", "timestamp": 1766188428819}, {"id": "530389532", "price": 12.251, "amount": 2.0, "side": "buy", "timestamp": 1766188433801}, {"id": "530389533", "price": 12.25, "amount": 98.0, "side": "sell", "timestamp": 1766188435231}, {"id": "530389534", "price": 12.251, "amount": 8.0, "side": "buy", "timestamp": 1766188439424}, {"id": "530389535", "price": 12.25, "amount": 48.0, "side": "sell", "timestamp": 1766188439669}, {"id": "530389536", "price": 12.25, "amount": 1.0, "side": "buy", "timestamp": 1766188439671}, {"id": "530389537", "price": 12.249, "amount": 553.0, "side": "sell", "timestamp": 1766188440087}, {"id": "530389538", "price": 12.249, "amount": 88.0, "side": "buy", "timestamp": 1766188440514}, {"id": "530389539", "price": 12.249, "amount": 1.0, "side": "buy", "timestamp": 1766188440779}, {"id": "530389540", "price": 12.249, "amount": 1.0, "side": "buy", "timestamp": 1766188442261}, {"id": "530389541", "price": 12.248, "amount": 1.0, "side": "sell", "timestamp": 1766188442325}, {"id": "530389542", "price": 12.248, "amount": 128.0, "side": "sell", "timestamp": 1766188443555}, {"id": "530389543", "price": 12.247, "amount": 18.0, "side": "sell", "timestamp": 1766188443658}, {"id": "530389544", "price": 12.248, "amount": 1.0, "side": "buy", "timestamp": 1766188445319}, {"id": "530389545", "price": 12.248, "amount": 1.0, "side": "buy", "timestamp": 1766188445586}, {"id": "530389546", "price": 12.248, "amount": 30.0, "side": "buy", "timestamp": 1766188448020}, {"id": "530389543", "price": 12.247, "amount": 18.0, "side": "sell", "timestamp": 1766188443658}, {"id": "530389544", "price": 12.248, "amount": 1.0, "side": "buy", "timestamp": 1766188445319}, {"id": "530389545", "price": 12.248, "amount": 1.0, "side": "buy", "timestamp": 1766188445586}, {"id": "530389546", "price": 12.248, "amount": 30.0, "side": "buy", "timestamp": 1766188448020}, {"id": "530389547", "price": 12.248, "amount": 745.0, "side": "buy", "timestamp": 1766188453387}, {"id": "530389548", "price": 12.248, "amount": 190.0, "side": "sell", "timestamp": 1766188454710}, {"id": "530389549", "price": 12.247, "amount": 99.0, "side": "sell", "timestamp": 1766188454714}, {"id": "530389550", "price": 12.246, "amount": 16.0, "side": "sell", "timestamp": 1766188454877}, {"id": "530389551", "price": 12.246, "amount": 51.0, "side": "sell", "timestamp": 1766188462945}, {"id": "530389552", "price": 12.245, "amount": 52.0, "side": "sell", "timestamp": 1766188464112}, {"id": "530389553", "price": 12.244, "amount": 165.0, "side": "sell", "timestamp": 1766188466331}, {"id": "530389554", "price": 12.243, "amount": 93.0, "side": "sell", "timestamp": 1766188466337}, {"id": "530389555", "price": 12.242, "amount": 252.0, "side": "sell", "timestamp": 1766188466337}, {"id": "530389556", "price": 12.241, "amount": 713.0, "side": "sell", "timestamp": 1766188467607}, {"id": "530389557", "price": 12.24, "amount": 49.0, "side": "sell", "timestamp": 1766188467741}, {"id": "530389558", "price": 12.24, "amount": 133.0, "side": "sell", "timestamp": 1766188467945}, {"id": "530389559", "price": 12.239, "amount": 16.0, "side": "sell", "timestamp": 1766188468004}, {"id": "530389560", "price": 12.24, "amount": 2.0, "side": "buy", "timestamp": 1766188470782}, {"id": "530389561", "price": 12.24, "amount": 497.0, "side": "buy", "timestamp": 1766188471144}, {"id": "530389562", "price": 12.24, "amount": 25.0, "side": "sell", "timestamp": 1766188471200}, {"id": "530389563", "price": 12.24, "amount": 1.0, "side": "sell", "timestamp": 1766188473796}, {"id": "530389564", "price": 12.24, "amount": 1.0, "side": "sell", "timestamp": 1766188474252}, {"id": "530389565", "price": 12.241, "amount": 7.0, "side": "buy", "timestamp": 1766188475605}, {"id": "530389566", "price": 12.241, "amount": 1.0, "side": "buy", "timestamp": 1766188475896}, {"id": "530389567", "price": 12.241, "amount": 2.0, "side": "buy", "timestamp": 1766188480005}, {"id": "530389568", "price": 12.241, "amount": 1.0, "side": "buy", "timestamp": 1766188481065}, {"id": "530389569", "price": 12.24, "amount": 1.0, "side": "sell", "timestamp": 1766188484590}, {"id": "530389570", "price": 12.241, "amount": 2.0, "side": "buy", "timestamp": 1766188485048}, {"id": "530389571", "price": 12.24, "amount": 261.0, "side": "sell", "timestamp": 1766188488867}, {"id": "530389572", "price": 12.241, "amount": 968.0, "side": "buy", "timestamp": 1766188489106}, {"id": "530389573", "price": 12.242, "amount": 152.0, "side": "buy", "timestamp": 1766188489108}, {"id": "530389574", "price": 12.242, "amount": 16.0, "side": "sell", "timestamp": 1766188489215}, {"id": "530389575", "price": 12.243, "amount": 34.0, "side": "buy", "timestamp": 1766188489913}, {"id": "530389576", "price": 12.244, "amount": 9.0, "side": "buy", "timestamp": 1766188489913}, {"id": "530389577", "price": 12.243, "amount": 1475.0, "side": "sell", "timestamp": 1766188490806}, {"id": "530389578", "price": 12.242, "amount": 239.0, "side": "sell", "timestamp": 1766188490873}, {"id": "530389579", "price": 12.242, "amount": 381.0, "side": "buy", "timestamp": 1766188496830}, {"id": "530389580", "price": 12.243, "amount": 1.0, "side": "buy", "timestamp": 1766188499936}, {"id": "530389581", "price": 12.242, "amount": 1.0, "side": "sell", "timestamp": 1766188500143}, {"id": "530389582", "price": 12.243, "amount": 8.0, "side": "buy", "timestamp": 1766188500272}, {"id": "530389583", "price": 12.243, "amount": 1.0, "side": "buy", "timestamp": 1766188501240}, {"id": "530389584", "price": 12.243, "amount": 1.0, "side": "buy", "timestamp": 1766188501694}, {"id": "530389585", "price": 12.242, "amount": 63.0, "side": "sell", "timestamp": 1766188501892}, {"id": "530389586", "price": 12.243, "amount": 1.0, "side": "buy", "timestamp": 1766188502477}, {"id": "530389587", "price": 12.242, "amount": 171.0, "side": "sell", "timestamp": 1766188503280}, {"id": "530389588", "price": 12.243, "amount": 2.0, "side": "buy", "timestamp": 1766188503352}, {"id": "530389589", "price": 12.242, "amount": 3.0, "side": "sell", "timestamp": 1766188503470}, {"id": "530389590", "price": 12.243, "amount": 1.0, "side": "buy", "timestamp": 1766188503590}, {"id": "530389591", "price": 12.243, "amount": 1.0, "side": "buy", "timestamp": 1766188504265}, {"id": "530389592", "price": 12.243, "amount": 1.0, "side": "buy", "timestamp": 1766188504999}, {"id": "530389574", "price": 12.242, "amount": 16.0, "side": "sell", "timestamp": 1766188489215}, {"id": "530389575", "price": 12.243, "amount": 34.0, "side": "buy", "timestamp": 1766188489913}, {"id": "530389576", "price": 12.244, "amount": 9.0, "side": "buy", "timestamp": 1766188489913}, {"id": "530389577", "price": 12.243, "amount": 1475.0, "side": "sell", "timestamp": 1766188490806}, {"id": "530389578", "price": 12.242, "amount": 239.0, "side": "sell", "timestamp": 1766188490873}, {"id": "530389579", "price": 12.242, "amount": 381.0, "side": "buy", "timestamp": 1766188496830}, {"id": "530389580", "price": 12.243, "amount": 1.0, "side": "buy", "timestamp": 1766188499936}, {"id": "530389581", "price": 12.242, "amount": 1.0, "side": "sell", "timestamp": 1766188500143}, {"id": "530389582", "price": 12.243, "amount": 8.0, "side": "buy", "timestamp": 1766188500272}, {"id": "530389583", "price": 12.243, "amount": 1.0, "side": "buy", "timestamp": 1766188501240}, {"id": "530389584", "price": 12.243, "amount": 1.0, "side": "buy", "timestamp": 1766188501694}, {"id": "530389585", "price": 12.242, "amount": 63.0, "side": "sell", "timestamp": 1766188501892}, {"id": "530389586", "price": 12.243, "amount": 1.0, "side": "buy", "timestamp": 1766188502477}, {"id": "530389587", "price": 12.242, "amount": 171.0, "side": "sell", "timestamp": 1766188503280}, {"id": "530389588", "price": 12.243, "amount": 2.0, "side": "buy", "timestamp": 1766188503352}, {"id": "530389589", "price": 12.242, "amount": 3.0, "side": "sell", "timestamp": 1766188503470}, {"id": "530389590", "price": 12.243, "amount": 1.0, "side": "buy", "timestamp": 1766188503590}, {"id": "530389591", "price": 12.243, "amount": 1.0, "side": "buy", "timestamp": 1766188504265}, {"id": "530389592", "price": 12.243, "amount": 1.0, "side": "buy", "timestamp": 1766188504999}, {"id": "530389593", "price": 12.243, "amount": 3.0, "side": "buy", "timestamp": 1766188507378}, {"id": "530389594", "price": 12.243, "amount": 233.0, "side": "buy", "timestamp": 1766188508198}, {"id": "530389595", "price": 12.242, "amount": 1.0, "side": "sell", "timestamp": 1766188509775}, {"id": "530389596", "price": 12.242, "amount": 1.0, "side": "sell", "timestamp": 1766188511637}, {"id": "530389597", "price": 12.243, "amount": 1.0, "side": "buy", "timestamp": 1766188511676}, {"id": "530389598", "price": 12.243, "amount": 1.0, "side": "buy", "timestamp": 1766188514252}, {"id": "530389599", "price": 12.242, "amount": 1.0, "side": "sell", "timestamp": 1766188520040}, {"id": "530389600", "price": 12.243, "amount": 1.0, "side": "buy", "timestamp": 1766188526325}, {"id": "530389601", "price": 12.243, "amount": 1.0, "side": "buy", "timestamp": 1766188530104}, {"id": "530389602", "price": 12.243, "amount": 39.0, "side": "buy", "timestamp": 1766188530217}, {"id": "530389603", "price": 12.242, "amount": 749.0, "side": "sell", "timestamp": 1766188535069}, {"id": "530389604", "price": 12.241, "amount": 1107.0, "side": "sell", "timestamp": 1766188535069}, {"id": "530389605", "price": 12.24, "amount": 14.0, "side": "sell", "timestamp": 1766188535120}, {"id": "530389606", "price": 12.241, "amount": 403.0, "side": "buy", "timestamp": 1766188535191}, {"id": "530389607", "price": 12.241, "amount": 16.0, "side": "sell", "timestamp": 1766188535878}, {"id": "530389608", "price": 12.242, "amount": 6.0, "side": "buy", "timestamp": 1766188537059}, {"id": "530389609", "price": 12.242, "amount": 4.0, "side": "buy", "timestamp": 1766188538418}, {"id": "530389610", "price": 12.242, "amount": 428.0, "side": "buy", "timestamp": 1766188539836}, {"id": "530389611", "price": 12.242, "amount": 2.0, "side": "sell", "timestamp": 1766188541553}, {"id": "530389612", "price": 12.243, "amount": 7.0, "side": "buy", "timestamp": 1766188542493}, {"id": "530389613", "price": 12.242, "amount": 232.0, "side": "sell", "timestamp": 1766188543897}, {"id": "530389614", "price": 12.242, "amount": 1.0, "side": "sell", "timestamp": 1766188544458}, {"id": "530389615", "price": 12.242, "amount": 1.0, "side": "sell", "timestamp": 1766188546277}, {"id": "530389616", "price": 12.243, "amount": 340.0, "side": "buy", "timestamp": 1766188547587}, {"id": "530389617", "price": 12.244, "amount": 1.0, "side": "buy", "timestamp": 1766188547672}, {"id": "530389618", "price": 12.243, "amount": 50.0, "side": "sell", "timestamp": 1766188552213}, {"id": "530389619", "price": 12.243, "amount": 1.0, "side": "sell", "timestamp": 1766188552847}, {"id": "530389620", "price": 12.244, "amount": 74.0, "side": "buy", "timestamp": 1766188553106}, {"id": "530389621", "price": 12.244, "amount": 3.0, "side": "buy", "timestamp": 1766188553527}, {"id": "530389622", "price": 12.244, "amount": 2.0, "side": "buy", "timestamp": 1766188555070}, {"id": "530389623", "price": 12.244, "amount": 52.0, "side": "buy", "timestamp": 1766188556959}, {"id": "530389612", "price": 12.243, "amount": 7.0, "side": "buy", "timestamp": 1766188542493}, {"id": "530389613", "price": 12.242, "amount": 232.0, "side": "sell", "timestamp": 1766188543897}, {"id": "530389614", "price": 12.242, "amount": 1.0, "side": "sell", "timestamp": 1766188544458}, {"id": "530389615", "price": 12.242, "amount": 1.0, "side": "sell", "timestamp": 1766188546277}, {"id": "530389616", "price": 12.243, "amount": 340.0, "side": "buy", "timestamp": 1766188547587}, {"id": "530389617", "price": 12.244, "amount": 1.0, "side": "buy", "timestamp": 1766188547672}, {"id": "530389618", "price": 12.243, "amount": 50.0, "side": "sell", "timestamp": 1766188552213}, {"id": "530389619", "price": 12.243, "amount": 1.0, "side": "sell", "timestamp": 1766188552847}, {"id": "530389620", "price": 12.244, "amount": 74.0, "side": "buy", "timestamp": 1766188553106}, {"id": "530389621", "price": 12.244, "amount": 3.0, "side": "buy", "timestamp": 1766188553527}, {"id": "530389622", "price": 12.244, "amount": 2.0, "side": "buy", "timestamp": 1766188555070}, {"id": "530389623", "price": 12.244, "amount": 52.0, "side": "buy", "timestamp": 1766188556959}, {"id": "530389624", "price": 12.244, "amount": 2.0, "side": "buy", "timestamp": 1766188559666}, {"id": "530389625", "price": 12.244, "amount": 123.0, "side": "buy", "timestamp": 1766188560198}, {"id": "530389626", "price": 12.245, "amount": 108.0, "side": "buy", "timestamp": 1766188560198}, {"id": "530389627", "price": 12.245, "amount": 1.0, "side": "buy", "timestamp": 1766188560627}, {"id": "530389628", "price": 12.244, "amount": 1.0, "side": "sell", "timestamp": 1766188560904}, {"id": "530389629", "price": 12.244, "amount": 2.0, "side": "sell", "timestamp": 1766188562615}, {"id": "530389630", "price": 12.244, "amount": 2.0, "side": "sell", "timestamp": 1766188563386}, {"id": "530389631", "price": 12.245, "amount": 2.0, "side": "buy", "timestamp": 1766188564359}, {"id": "530389632", "price": 12.245, "amount": 125.0, "side": "buy", "timestamp": 1766188565311}, {"id": "530389633", "price": 12.245, "amount": 267.0, "side": "buy", "timestamp": 1766188565538}, {"id": "530389634", "price": 12.246, "amount": 23.0, "side": "buy", "timestamp": 1766188565545}, {"id": "530389635", "price": 12.247, "amount": 59.0, "side": "buy", "timestamp": 1766188565548}, {"id": "530389636", "price": 12.248, "amount": 148.0, "side": "buy", "timestamp": 1766188565584}, {"id": "530389637", "price": 12.249, "amount": 142.0, "side": "buy", "timestamp": 1766188565600}, {"id": "530389638", "price": 12.248, "amount": 40.0, "side": "sell", "timestamp": 1766188565803}, {"id": "530389639", "price": 12.248, "amount": 60.0, "side": "sell", "timestamp": 1766188568544}, {"id": "530389640", "price": 12.249, "amount": 4.0, "side": "buy", "timestamp": 1766188569716}, {"id": "530389641", "price": 12.249, "amount": 2.0, "side": "buy", "timestamp": 1766188569826}, {"id": "530389642", "price": 12.248, "amount": 3.0, "side": "sell", "timestamp": 1766188571301}, {"id": "530389643", "price": 12.248, "amount": 268.0, "side": "sell", "timestamp": 1766188572087}, {"id": "530389644", "price": 12.248, "amount": 1.0, "side": "buy", "timestamp": 1766188576920}, {"id": "530389645", "price": 12.247, "amount": 1.0, "side": "sell", "timestamp": 1766188577874}, {"id": "530389646", "price": 12.248, "amount": 1.0, "side": "buy", "timestamp": 1766188580328}, {"id": "530389647", "price": 12.248, "amount": 1.0, "side": "buy", "timestamp": 1766188583678}, {"id": "530389648", "price": 12.248, "amount": 4.0, "side": "buy", "timestamp": 1766188587760}, {"id": "530389649", "price": 12.248, "amount": 190.0, "side": "buy", "timestamp": 1766188589093}, {"id": "530389650", "price": 12.248, "amount": 1.0, "side": "sell", "timestamp": 1766188594993}, {"id": "530389651", "price": 12.248, "amount": 1.0, "side": "sell", "timestamp": 1766188595341}, {"id": "530389652", "price": 12.249, "amount": 13.0, "side": "buy", "timestamp": 1766188596343}, {"id": "530389653", "price": 12.248, "amount": 15.0, "side": "sell", "timestamp": 1766188598619}, {"id": "530389654", "price": 12.248, "amount": 2.0, "side": "sell", "timestamp": 1766188598837}, {"id": "530389655", "price": 12.249, "amount": 1.0, "side": "buy", "timestamp": 1766188599148}, {"id": "530389656", "price": 12.249, "amount": 53.0, "side": "buy", "timestamp": 1766188603731}, {"id": "530389657", "price": 12.249, "amount": 2.0, "side": "buy", "timestamp": 1766188607103}, {"id": "530389658", "price": 12.248, "amount": 10.0, "side": "sell", "timestamp": 1766188607670}, {"id": "530389659", "price": 12.249, "amount": 105.0, "side": "buy", "timestamp": 1766188610130}, {"id": "530389660", "price": 12.249, "amount": 2.0, "side": "buy", "timestamp": 1766188610340}, {"id": "530389661", "price": 12.248, "amount": 17.0, "side": "sell", "timestamp": 1766188611990}, {"id": "530389639", "price": 12.248, "amount": 60.0, "side": "sell", "timestamp": 1766188568544}, {"id": "530389640", "price": 12.249, "amount": 4.0, "side": "buy", "timestamp": 1766188569716}, {"id": "530389641", "price": 12.249, "amount": 2.0, "side": "buy", "timestamp": 1766188569826}, {"id": "530389642", "price": 12.248, "amount": 3.0, "side": "sell", "timestamp": 1766188571301}, {"id": "530389643", "price": 12.248, "amount": 268.0, "side": "sell", "timestamp": 1766188572087}, {"id": "530389644", "price": 12.248, "amount": 1.0, "side": "buy", "timestamp": 1766188576920}, {"id": "530389645", "price": 12.247, "amount": 1.0, "side": "sell", "timestamp": 1766188577874}, {"id": "530389646", "price": 12.248, "amount": 1.0, "side": "buy", "timestamp": 1766188580328}, {"id": "530389647", "price": 12.248, "amount": 1.0, "side": "buy", "timestamp": 1766188583678}, {"id": "530389648", "price": 12.248, "amount": 4.0, "side": "buy", "timestamp": 1766188587760}, {"id": "530389649", "price": 12.248, "amount": 190.0, "side": "buy", "timestamp": 1766188589093}, {"id": "530389650", "price": 12.248, "amount": 1.0, "side": "sell", "timestamp": 1766188594993}, {"id": "530389651", "price": 12.248, "amount": 1.0, "side": "sell", "timestamp": 1766188595341}, {"id": "530389652", "price": 12.249, "amount": 13.0, "side": "buy", "timestamp": 1766188596343}, {"id": "530389653", "price": 12.248, "amount": 15.0, "side": "sell", "timestamp": 1766188598619}, {"id": "530389654", "price": 12.248, "amount": 2.0, "side": "sell", "timestamp": 1766188598837}, {"id": "530389655", "price": 12.249, "amount": 1.0, "side": "buy", "timestamp": 1766188599148}, {"id": "530389656", "price": 12.249, "amount": 53.0, "side": "buy", "timestamp": 1766188603731}, {"id": "530389657", "price": 12.249, "amount": 2.0, "side": "buy", "timestamp": 1766188607103}, {"id": "530389658", "price": 12.248, "amount": 10.0, "side": "sell", "timestamp": 1766188607670}, {"id": "530389659", "price": 12.249, "amount": 105.0, "side": "buy", "timestamp": 1766188610130}, {"id": "530389660", "price": 12.249, "amount": 2.0, "side": "buy", "timestamp": 1766188610340}, {"id": "530389661", "price": 12.248, "amount": 17.0, "side": "sell", "timestamp": 1766188611990}, {"id": "530389662", "price": 12.249, "amount": 50.0, "side": "buy", "timestamp": 1766188615215}, {"id": "530389663", "price": 12.25, "amount": 188.0, "side": "buy", "timestamp": 1766188615308}, {"id": "530389664", "price": 12.251, "amount": 88.0, "side": "buy", "timestamp": 1766188615334}, {"id": "530389665", "price": 12.25, "amount": 23.0, "side": "sell", "timestamp": 1766188616313}, {"id": "530389666", "price": 12.25, "amount": 17.0, "side": "sell", "timestamp": 1766188618670}, {"id": "530389667", "price": 12.251, "amount": 1.0, "side": "buy", "timestamp": 1766188619679}, {"id": "530389668", "price": 12.25, "amount": 10.0, "side": "sell", "timestamp": 1766188620948}, {"id": "530389669", "price": 12.251, "amount": 89.0, "side": "buy", "timestamp": 1766188620996}, {"id": "530389670", "price": 12.25, "amount": 2.0, "side": "sell", "timestamp": 1766188623451}, {"id": "530389671", "price": 12.251, "amount": 6.0, "side": "buy", "timestamp": 1766188624201}, {"id": "530389672", "price": 12.251, "amount": 2.0, "side": "buy", "timestamp": 1766188624933}, {"id": "530389673", "price": 12.25, "amount": 1.0, "side": "sell", "timestamp": 1766188627124}, {"id": "530389674", "price": 12.251, "amount": 1.0, "side": "buy", "timestamp": 1766188628161}, {"id": "530389675", "price": 12.25, "amount": 2.0, "side": "sell", "timestamp": 1766188629713}, {"id": "530389676", "price": 12.25, "amount": 1.0, "side": "sell", "timestamp": 1766188629955}, {"id": "530389677", "price": 12.25, "amount": 704.0, "side": "sell", "timestamp": 1766188633522}, {"id": "530389678", "price": 12.25, "amount": 1.0, "side": "buy", "timestamp": 1766188637982}, {"id": "530389679", "price": 12.25, "amount": 1.0, "side": "buy", "timestamp": 1766188641291}, {"id": "530389680", "price": 12.25, "amount": 1.0, "side": "buy", "timestamp": 1766188645027}, {"id": "530389681", "price": 12.25, "amount": 49.0, "side": "sell", "timestamp": 1766188645030}, {"id": "530389682", "price": 12.249, "amount": 85.0, "side": "sell", "timestamp": 1766188645030}, {"id": "530389683", "price": 12.249, "amount": 13.0, "side": "sell", "timestamp": 1766188652626}, {"id": "530389684", "price": 12.25, "amount": 1.0, "side": "buy", "timestamp": 1766188653810}, {"id": "530389685", "price": 12.25, "amount": 30.0, "side": "buy", "timestamp": 1766188655594}, {"id": "530389686", "price": 12.25, "amount": 6.0, "side": "buy", "timestamp": 1766188659801}, {"id": "530389687", "price": 12.25, "amount": 2.0, "side": "buy", "timestamp": 1766188664580}, {"id": "530389688", "price": 12.25, "amount": 1.0, "side": "buy", "timestamp": 1766188664743}, {"id": "530389670", "price": 12.25, "amount": 2.0, "side": "sell", "timestamp": 1766188623451}, {"id": "530389671", "price": 12.251, "amount": 6.0, "side": "buy", "timestamp": 1766188624201}, {"id": "530389672", "price": 12.251, "amount": 2.0, "side": "buy", "timestamp": 1766188624933}, {"id": "530389673", "price": 12.25, "amount": 1.0, "side": "sell", "timestamp": 1766188627124}, {"id": "530389674", "price": 12.251, "amount": 1.0, "side": "buy", "timestamp": 1766188628161}, {"id": "530389675", "price": 12.25, "amount": 2.0, "side": "sell", "timestamp": 1766188629713}, {"id": "530389676", "price": 12.25, "amount": 1.0, "side": "sell", "timestamp": 1766188629955}, {"id": "530389677", "price": 12.25, "amount": 704.0, "side": "sell", "timestamp": 1766188633522}, {"id": "530389678", "price": 12.25, "amount": 1.0, "side": "buy", "timestamp": 1766188637982}, {"id": "530389679", "price": 12.25, "amount": 1.0, "side": "buy", "timestamp": 1766188641291}, {"id": "530389680", "price": 12.25, "amount": 1.0, "side": "buy", "timestamp": 1766188645027}, {"id": "530389681", "price": 12.25, "amount": 49.0, "side": "sell", "timestamp": 1766188645030}, {"id": "530389682", "price": 12.249, "amount": 85.0, "side": "sell", "timestamp": 1766188645030}, {"id": "530389683", "price": 12.249, "amount": 13.0, "side": "sell", "timestamp": 1766188652626}, {"id": "530389684", "price": 12.25, "amount": 1.0, "side": "buy", "timestamp": 1766188653810}, {"id": "530389685", "price": 12.25, "amount": 30.0, "side": "buy", "timestamp": 1766188655594}, {"id": "530389686", "price": 12.25, "amount": 6.0, "side": "buy", "timestamp": 1766188659801}, {"id": "530389687", "price": 12.25, "amount": 2.0, "side": "buy", "timestamp": 1766188664580}, {"id": "530389688", "price": 12.25, "amount": 1.0, "side": "buy", "timestamp": 1766188664743}, {"id": "530389689", "price": 12.249, "amount": 413.0, "side": "sell", "timestamp": 1766188669536}, {"id": "530389690", "price": 12.25, "amount": 12.0, "side": "buy", "timestamp": 1766188670411}, {"id": "530389691", "price": 12.249, "amount": 2.0, "side": "sell", "timestamp": 1766188671757}, {"id": "530389692", "price": 12.25, "amount": 8.0, "side": "buy", "timestamp": 1766188673954}, {"id": "530389693", "price": 12.249, "amount": 3.0, "side": "sell", "timestamp": 1766188679322}, {"id": "530389694", "price": 12.25, "amount": 91.0, "side": "buy", "timestamp": 1766188680805}, {"id": "530389695", "price": 12.249, "amount": 4.0, "side": "sell", "timestamp": 1766188681138}, {"id": "530389696", "price": 12.249, "amount": 17.0, "side": "sell", "timestamp": 1766188682560}, {"id": "530389697", "price": 12.25, "amount": 3.0, "side": "buy", "timestamp": 1766188684271}, {"id": "530389698", "price": 12.25, "amount": 1.0, "side": "buy", "timestamp": 1766188684735}, {"id": "530389699", "price": 12.25, "amount": 1.0, "side": "buy", "timestamp": 1766188685006}, {"id": "530389700", "price": 12.25, "amount": 1.0, "side": "buy", "timestamp": 1766188685571}, {"id": "530389701", "price": 12.25, "amount": 5.0, "side": "buy", "timestamp": 1766188685940}, {"id": "530389702", "price": 12.249, "amount": 1.0, "side": "sell", "timestamp": 1766188689984}, {"id": "530389703", "price": 12.25, "amount": 1.0, "side": "buy", "timestamp": 1766188691668}, {"id": "530389704", "price": 12.25, "amount": 2.0, "side": "buy", "timestamp": 1766188692999}, {"id": "530389705", "price": 12.25, "amount": 11.0, "side": "buy", "timestamp": 1766188695307}, {"id": "530389706", "price": 12.25, "amount": 480.0, "side": "buy", "timestamp": 1766188697289}, {"id": "530389707", "price": 12.251, "amount": 137.0, "side": "buy", "timestamp": 1766188697299}, {"id": "530389708", "price": 12.251, "amount": 1.0, "side": "buy", "timestamp": 1766188697599}, {"id": "530389709", "price": 12.25, "amount": 852.0, "side": "sell", "timestamp": 1766188705072}, {"id": "530389710", "price": 12.249, "amount": 15.0, "side": "sell", "timestamp": 1766188709063}, {"id": "530389711", "price": 12.249, "amount": 10.0, "side": "sell", "timestamp": 1766188711300}, {"id": "530389712", "price": 12.249, "amount": 1.0, "side": "sell", "timestamp": 1766188712098}, {"id": "530389713", "price": 12.249, "amount": 1085.0, "side": "sell", "timestamp": 1766188712253}, {"id": "530389714", "price": 12.248, "amount": 1143.0, "side": "sell", "timestamp": 1766188712260}, {"id": "530389715", "price": 12.247, "amount": 162.0, "side": "sell", "timestamp": 1766188712306}, {"id": "530389716", "price": 12.247, "amount": 32.0, "side": "sell", "timestamp": 1766188712544}, {"id": "530389717", "price": 12.247, "amount": 27.0, "side": "sell", "timestamp": 1766188716229}, {"id": "530389718", "price": 12.247, "amount": 32.0, "side": "sell", "timestamp": 1766188718157}, {"id": "530389719", "price": 12.248, "amount": 3.0, "side": "buy", "timestamp": 1766188718531}, {"id": "530389708", "price": 12.251, "amount": 1.0, "side": "buy", "timestamp": 1766188697599}, {"id": "530389709", "price": 12.25, "amount": 852.0, "side": "sell", "timestamp": 1766188705072}, {"id": "530389710", "price": 12.249, "amount": 15.0, "side": "sell", "timestamp": 1766188709063}, {"id": "530389711", "price": 12.249, "amount": 10.0, "side": "sell", "timestamp": 1766188711300}, {"id": "530389712", "price": 12.249, "amount": 1.0, "side": "sell", "timestamp": 1766188712098}, {"id": "530389713", "price": 12.249, "amount": 1085.0, "side": "sell", "timestamp": 1766188712253}, {"id": "530389714", "price": 12.248, "amount": 1143.0, "side": "sell", "timestamp": 1766188712260}, {"id": "530389715", "price": 12.247, "amount": 162.0, "side": "sell", "timestamp": 1766188712306}, {"id": "530389716", "price": 12.247, "amount": 32.0, "side": "sell", "timestamp": 1766188712544}, {"id": "530389717", "price": 12.247, "amount": 27.0, "side": "sell", "timestamp": 1766188716229}, {"id": "530389718", "price": 12.247, "amount": 32.0, "side": "sell", "timestamp": 1766188718157}, {"id": "530389719", "price": 12.248, "amount": 3.0, "side": "buy", "timestamp": 1766188718531}, {"id": "530389720", "price": 12.247, "amount": 10.0, "side": "sell", "timestamp": 1766188724217}, {"id": "530389721", "price": 12.248, "amount": 1.0, "side": "buy", "timestamp": 1766188727679}, {"id": "530389722", "price": 12.248, "amount": 2360.0, "side": "buy", "timestamp": 1766188728680}, {"id": "530389723", "price": 12.249, "amount": 2544.0, "side": "buy", "timestamp": 1766188728680}, {"id": "530389724", "price": 12.25, "amount": 1681.0, "side": "buy", "timestamp": 1766188728680}, {"id": "530389725", "price": 12.251, "amount": 1703.0, "side": "buy", "timestamp": 1766188728680}, {"id": "530389726", "price": 12.252, "amount": 504.0, "side": "buy", "timestamp": 1766188728680}, {"id": "530389727", "price": 12.253, "amount": 1266.0, "side": "buy", "timestamp": 1766188728680}, {"id": "530389728", "price": 12.254, "amount": 1069.0, "side": "buy", "timestamp": 1766188728680}, {"id": "530389729", "price": 12.255, "amount": 1933.0, "side": "buy", "timestamp": 1766188728680}, {"id": "530389730", "price": 12.256, "amount": 675.0, "side": "buy", "timestamp": 1766188728680}, {"id": "530389731", "price": 12.255, "amount": 7.0, "side": "sell", "timestamp": 1766188728682}, {"id": "530389732", "price": 12.254, "amount": 3.0, "side": "sell", "timestamp": 1766188728682}, {"id": "530389733", "price": 12.255, "amount": 168.0, "side": "sell", "timestamp": 1766188728684}, {"id": "530389734", "price": 12.253, "amount": 305.0, "side": "sell", "timestamp": 1766188728685}, {"id": "530389735", "price": 12.252, "amount": 718.0, "side": "sell", "timestamp": 1766188728687}, {"id": "530389736", "price": 12.252, "amount": 540.0, "side": "buy", "timestamp": 1766188728829}, {"id": "530389737", "price": 12.251, "amount": 10.0, "side": "sell", "timestamp": 1766188728946}, {"id": "530389738", "price": 12.251, "amount": 15.0, "side": "sell", "timestamp": 1766188729907}, {"id": "530389739", "price": 12.251, "amount": 415.0, "side": "sell", "timestamp": 1766188741139}, {"id": "530389740", "price": 12.25, "amount": 69.0, "side": "sell", "timestamp": 1766188744992}, {"id": "530389741", "price": 12.251, "amount": 1.0, "side": "buy", "timestamp": 1766188749836}, {"id": "530389742", "price": 12.25, "amount": 11.0, "side": "sell", "timestamp": 1766188750006}, {"id": "530389743", "price": 12.25, "amount": 206.0, "side": "sell", "timestamp": 1766188752738}, {"id": "530389744", "price": 12.25, "amount": 53.0, "side": "sell", "timestamp": 1766188754159}, {"id": "530389745", "price": 12.25, "amount": 1.0, "side": "sell", "timestamp": 1766188754863}, {"id": "530389746", "price": 12.25, "amount": 1.0, "side": "sell", "timestamp": 1766188755266}, {"id": "530389747", "price": 12.25, "amount": 32.0, "side": "sell", "timestamp": 1766188759733}, {"id": "530389748", "price": 12.25, "amount": 1.0, "side": "sell", "timestamp": 1766188759863}, {"id": "530389749", "price": 12.251, "amount": 1.0, "side": "buy", "timestamp": 1766188761794}, {"id": "530389750", "price": 12.25, "amount": 2.0, "side": "sell", "timestamp": 1766188762383}, {"id": "530389751", "price": 12.251, "amount": 12.0, "side": "buy", "timestamp": 1766188762402}, {"id": "530389752", "price": 12.251, "amount": 1.0, "side": "buy", "timestamp": 1766188763671}, {"id": "530389753", "price": 12.25, "amount": 1.0, "side": "sell", "timestamp": 1766188764990}, {"id": "530389754", "price": 12.251, "amount": 5.0, "side": "buy", "timestamp": 1766188768329}, {"id": "530389755", "price": 12.25, "amount": 1.0, "side": "sell", "timestamp": 1766188770073}, {"id": "530389756", "price": 12.25, "amount": 17.0, "side": "sell", "timestamp": 1766188770683}, {"id": "530389757", "price": 12.25, "amount": 1.0, "side": "sell", "timestamp": 1766188774900}]