[{"symbol": "DOGEUSDT", "bids": [[0.13794, 218481.0], [0.13793, 564682.0], [0.13792, 565843.0], [0.13791, 1016417.0], [0.1379, 909401.0], [0.13789, 711628.0], [0.13788, 881601.0], [0.13787, 986259.0], [0.13786, 901453.0], [0.13785, 1008785.0], [0.13784, 559385.0], [0.13783, 825506.0], [0.13782, 746326.0], [0.13781, 476525.0], [0.1378, 634697.0], [0.13779, 1628692.0], [0.13778, 717547.0], [0.13777, 341272.0], [0.13776, 734366.0], [0.13775, 719733.0]], "asks": [[0.13795, 40544.0], [0.13796, 113631.0], [0.13797, 263315.0], [0.13798, 321099.0], [0.13799, 469232.0], [0.138, 974452.0], [0.13801, 584849.0], [0.13802, 326063.0], [0.13803, 422226.0], [0.13804, 548212.0], [0.13805, 650924.0], [0.13806, 486457.0], [0.13807, 578065.0], [0.13808, 706182.0], [0.13809, 714688.0], [0.1381, 228978.0], [0.13811, 554941.0], [0.13812, 819611.0], [0.13813, 610912.0], [0.13814, 481703.0]], "timestamp": "2025-12-11T10:53:19.217376+00:00"}, {"symbol": "DOGEUSDT", "bids": [[0.13797, 231314.0], [0.13796, 494231.0], [0.13795, 607616.0], [0.13794, 768631.0], [0.13793, 891928.0], [0.13792, 822415.0], [0.13791, 1144060.0], [0.1379, 773715.0], [0.13789, 561657.0], [0.13788, 565978.0], [0.13787, 389869.0], [0.13786, 467188.0], [0.13785, 596511.0], [0.13784, 510267.0], [0.13783, 884006.0], [0.13782, 1952775.0], [0.13781, 595484.0], [0.1378, 645439.0], [0.13779, 690888.0], [0.13778, 397006.0]], "asks": [[0.13798, 155647.0], [0.13799, 164892.0], [0.138, 505638.0], [0.13801, 167962.0], [0.13802, 655044.0], [0.13803, 735469.0], [0.13804, 485745.0], [0.13805, 643488.0], [0.13806, 397611.0], [0.13807, 553915.0], [0.13808, 666417.0], [0.13809, 534162.0], [0.1381, 354765.0], [0.13811, 434890.0], [0.13812, 644722.0], [0.13813, 612643.0], [0.13814, 474574.0], [0.13815, 342682.0], [0.13816, 1284080.0], [0.13817, 1108647.0]], "timestamp": "2025-12-11T10:54:12.219216+00:00"}, {"symbol": "DOGEUSDT", "bids": [[0.13802, 27530.0], [0.13801, 184073.0], [0.138, 445124.0], [0.13799, 701201.0], [0.13798, 758840.0], [0.13797, 689666.0], [0.13796, 799367.0], [0.13795, 944012.0], [0.13794, 587075.0], [0.13793, 266372.0], [0.13792, 383401.0], [0.13791, 799011.0], [0.1379, 377730.0], [0.13789, 518019.0], [0.13788, 771788.0], [0.13787, 1634788.0], [0.13786, 621057.0], [0.13785, 888726.0], [0.13784, 508611.0], [0.13783, 810665.0]], "asks": [[0.13803, 350258.0], [0.13804, 240963.0], [0.13805, 433259.0], [0.13806, 405864.0], [0.13807, 567095.0], [0.13808, 809997.0], [0.13809, 425366.0], [0.1381, 396052.0], [0.13811, 340862.0], [0.13812, 733374.0], [0.13813, 635940.0], [0.13814, 335818.0], [0.13815, 645713.0], [0.13816, 516177.0], [0.13817, 1035605.0], [0.13818, 901881.0], [0.13819, 400673.0], [0.1382, 548365.0], [0.13821, 354300.0], [0.13822, 434555.0]], "timestamp": "2025-12-11T10:55:05.062537+00:00"}, {"symbol": "DOGEUSDT", "bids": [[0.13794, 15296.0], [0.13793, 307731.0], [0.13792, 589803.0], [0.13791, 860326.0], [0.1379, 776868.0], [0.13789, 709718.0], [0.13788, 783295.0], [0.13787, 671669.0], [0.13786, 620044.0], [0.13785, 726637.0], [0.13784, 350357.0], [0.13783, 740304.0], [0.13782, 615725.0], [0.13781, 494684.0], [0.1378, 1212428.0], [0.13779, 776227.0], [0.13778, 623756.0], [0.13777, 628590.0], [0.13776, 702981.0], [0.13775, 839009.0]], "asks": [[0.13795, 284946.0], [0.13796, 207662.0], [0.13797, 408146.0], [0.13798, 531348.0], [0.13799, 1247837.0], [0.138, 613272.0], [0.13801, 389066.0], [0.13802, 424305.0], [0.13803, 262431.0], [0.13804, 570998.0], [0.13805, 581083.0], [0.13806, 431770.0], [0.13807, 583899.0], [0.13808, 935563.0], [0.13809, 447387.0], [0.1381, 873075.0], [0.13811, 241715.0], [0.13812, 564873.0], [0.13813, 867527.0], [0.13814, 363665.0]], "timestamp": "2025-12-11T10:55:57.122436+00:00"}, {"symbol": "DOGEUSDT", "bids": [[0.13797, 155651.0], [0.13796, 396845.0], [0.13795, 549031.0], [0.13794, 807128.0], [0.13793, 565466.0], [0.13792, 1022808.0], [0.13791, 1396160.0], [0.1379, 860632.0], [0.13789, 371538.0], [0.13788, 894888.0], [0.13787, 228770.0], [0.13786, 359181.0], [0.13785, 539128.0], [0.13784, 574115.0], [0.13783, 1687821.0], [0.13782, 1001704.0], [0.13781, 264227.0], [0.1378, 336268.0], [0.13779, 920038.0], [0.13778, 471329.0]], "asks": [[0.13798, 154662.0], [0.13799, 373614.0], [0.138, 384989.0], [0.13801, 317778.0], [0.13802, 714848.0], [0.13803, 436019.0], [0.13804, 692541.0], [0.13805, 593376.0], [0.13806, 469403.0], [0.13807, 633329.0], [0.13808, 1068864.0], [0.13809, 435567.0], [0.1381, 544129.0], [0.13811, 352492.0], [0.13812, 620061.0], [0.13813, 864021.0], [0.13814, 299720.0], [0.13815, 804898.0], [0.13816, 771595.0], [0.13817, 1509517.0]], "timestamp": "2025-12-11T10:56:49.054778+00:00"}, {"symbol": "DOGEUSDT", "bids": [[0.13798, 299561.0], [0.13797, 606147.0], [0.13796, 337364.0], [0.13795, 289659.0], [0.13794, 1028692.0], [0.13793, 711695.0], [0.13792, 1194870.0], [0.13791, 1022477.0], [0.1379, 700094.0], [0.13789, 555438.0], [0.13788, 883207.0], [0.13787, 395810.0], [0.13786, 505843.0], [0.13785, 669071.0], [0.13784, 654046.0], [0.13783, 1649504.0], [0.13782, 828673.0], [0.13781, 386653.0], [0.1378, 467485.0], [0.13779, 935257.0]], "asks": [[0.13799, 79063.0], [0.138, 105687.0], [0.13801, 360514.0], [0.13802, 526234.0], [0.13803, 434461.0], [0.13804, 835067.0], [0.13805, 523822.0], [0.13806, 354835.0], [0.13807, 457323.0], [0.13808, 780617.0], [0.13809, 589329.0], [0.1381, 488842.0], [0.13811, 349222.0], [0.13812, 615092.0], [0.13813, 899099.0], [0.13814, 520842.0], [0.13815, 358313.0], [0.13816, 483654.0], [0.13817, 786713.0], [0.13818, 1944143.0]], "timestamp": "2025-12-11T10:57:41.932306+00:00"}, {"symbol": "DOGEUSDT", "bids": [[0.13801, 303059.0], [0.138, 552100.0], [0.13799, 684636.0], [0.13798, 726998.0], [0.13797, 1355291.0], [0.13796, 565532.0], [0.13795, 500372.0], [0.13794, 719163.0], [0.13793, 370638.0], [0.13792, 645965.0], [0.13791, 993135.0], [0.1379, 638091.0], [0.13789, 784727.0], [0.13788, 1974305.0], [0.13787, 480665.0], [0.13786, 461468.0], [0.13785, 637263.0], [0.13784, 652360.0], [0.13783, 612120.0], [0.13782, 1065000.0]], "asks": [[0.13802, 32070.0], [0.13803, 200518.0], [0.13804, 194864.0], [0.13805, 357877.0], [0.13806, 438006.0], [0.13807, 893090.0], [0.13808, 518828.0], [0.13809, 425995.0], [0.1381, 558905.0], [0.13811, 206471.0], [0.13812, 551596.0], [0.13813, 574667.0], [0.13814, 443920.0], [0.13815, 407077.0], [0.13816, 466365.0], [0.13817, 497288.0], [0.13818, 935208.0], [0.13819, 486808.0], [0.1382, 1039333.0], [0.13821, 549096.0]], "timestamp": "2025-12-11T10:58:41.508230+00:00"}, {"symbol": "DOGEUSDT", "bids": [[0.13798, 19485.0], [0.13797, 226106.0], [0.13796, 292067.0], [0.13795, 318814.0], [0.13794, 927645.0], [0.13793, 440309.0], [0.13792, 790633.0], [0.13791, 846472.0], [0.1379, 368095.0], [0.13789, 648778.0], [0.13788, 928468.0], [0.13787, 455303.0], [0.13786, 607418.0], [0.13785, 1097445.0], [0.13784, 1404862.0], [0.13783, 679561.0], [0.13782, 1119984.0], [0.13781, 459311.0], [0.1378, 609718.0], [0.13779, 1041703.0]], "asks": [[0.13799, 641410.0], [0.138, 580434.0], [0.13801, 460506.0], [0.13802, 438086.0], [0.13803, 675843.0], [0.13804, 708782.0], [0.13805, 416430.0], [0.13806, 378186.0], [0.13807, 526207.0], [0.13808, 422895.0], [0.13809, 472124.0], [0.1381, 750411.0], [0.13811, 500708.0], [0.13812, 476274.0], [0.13813, 465050.0], [0.13814, 430515.0], [0.13815, 538196.0], [0.13816, 1133353.0], [0.13817, 483419.0], [0.13818, 951931.0]], "timestamp": "2025-12-11T10:59:39.185361+00:00"}, {"symbol": "DOGEUSDT", "bids": [[0.1379, 48231.0], [0.13789, 163705.0], [0.13788, 396834.0], [0.13787, 411753.0], [0.13786, 1060253.0], [0.13785, 720145.0], [0.13784, 399337.0], [0.13783, 817708.0], [0.13782, 625136.0], [0.13781, 468406.0], [0.1378, 525265.0], [0.13779, 688705.0], [0.13778, 498834.0], [0.13777, 921242.0], [0.13776, 1575082.0], [0.13775, 825440.0], [0.13774, 521449.0], [0.13773, 963945.0], [0.13772, 604089.0], [0.13771, 915637.0]], "asks": [[0.13791, 185292.0], [0.13792, 341005.0], [0.13793, 335624.0], [0.13794, 680968.0], [0.13795, 1100464.0], [0.13796, 617837.0], [0.13797, 587697.0], [0.13798, 622071.0], [0.13799, 272860.0], [0.138, 429476.0], [0.13801, 515022.0], [0.13802, 391456.0], [0.13803, 528738.0], [0.13804, 510739.0], [0.13805, 399522.0], [0.13806, 622971.0], [0.13807, 553227.0], [0.13808, 682208.0], [0.13809, 693810.0], [0.1381, 653766.0]], "timestamp": "2025-12-11T11:00:36.801216+00:00"}, {"symbol": "DOGEUSDT", "bids": [[0.13788, 260475.0], [0.13787, 565138.0], [0.13786, 607998.0], [0.13785, 596726.0], [0.13784, 776688.0], [0.13783, 690834.0], [0.13782, 572095.0], [0.13781, 473109.0], [0.1378, 441219.0], [0.13779, 580861.0], [0.13778, 588188.0], [0.13777, 681524.0], [0.13776, 852782.0], [0.13775, 1230772.0], [0.13774, 704065.0], [0.13773, 1207486.0], [0.13772, 481337.0], [0.13771, 599007.0], [0.1377, 599653.0], [0.13769, 865933.0]], "asks": [[0.13789, 138875.0], [0.1379, 151807.0], [0.13791, 393269.0], [0.13792, 472140.0], [0.13793, 490762.0], [0.13794, 809297.0], [0.13795, 700826.0], [0.13796, 361456.0], [0.13797, 419488.0], [0.13798, 766476.0], [0.13799, 431161.0], [0.138, 680008.0], [0.13801, 689138.0], [0.13802, 500555.0], [0.13803, 556480.0], [0.13804, 714714.0], [0.13805, 760618.0], [0.13806, 668633.0], [0.13807, 533061.0], [0.13808, 471400.0]], "timestamp": "2025-12-11T11:01:33.224692+00:00"}, {"symbol": "DOGEUSDT", "bids": [[0.13783, 173050.0], [0.13782, 242133.0], [0.13781, 363230.0], [0.1378, 896704.0], [0.13779, 928286.0], [0.13778, 1103378.0], [0.13777, 594789.0], [0.13776, 731476.0], [0.13775, 391465.0], [0.13774, 706217.0], [0.13773, 990166.0], [0.13772, 404561.0], [0.13771, 650664.0], [0.1377, 959809.0], [0.13769, 935603.0], [0.13768, 1090683.0], [0.13767, 2155670.0], [0.13766, 520249.0], [0.13765, 732057.0], [0.13764, 612022.0]], "asks": [[0.13784, 179320.0], [0.13785, 201082.0], [0.13786, 387448.0], [0.13787, 317401.0], [0.13788, 711873.0], [0.13789, 969884.0], [0.1379, 539844.0], [0.13791, 811166.0], [0.13792, 775805.0], [0.13793, 618467.0], [0.13794, 460135.0], [0.13795, 833075.0], [0.13796, 494563.0], [0.13797, 521552.0], [0.13798, 551580.0], [0.13799, 253284.0], [0.138, 489784.0], [0.13801, 714423.0], [0.13802, 551121.0], [0.13803, 634013.0]], "timestamp": "2025-12-11T11:02:33.179395+00:00"}, {"symbol": "DOGEUSDT", "bids": [[0.1378, 204383.0], [0.13779, 452960.0], [0.13778, 679990.0], [0.13777, 363933.0], [0.13776, 621680.0], [0.13775, 455943.0], [0.13774, 462480.0], [0.13773, 975339.0], [0.13772, 412531.0], [0.13771, 576232.0], [0.1377, 745630.0], [0.13769, 724285.0], [0.13768, 523089.0], [0.13767, 731016.0], [0.13766, 1368866.0], [0.13765, 908709.0], [0.13764, 1050847.0], [0.13763, 774135.0], [0.13762, 727675.0], [0.13761, 723223.0]], "asks": [[0.13781, 306341.0], [0.13782, 368280.0], [0.13783, 733193.0], [0.13784, 445300.0], [0.13785, 672894.0], [0.13786, 709006.0], [0.13787, 512030.0], [0.13788, 605775.0], [0.13789, 819522.0], [0.1379, 422395.0], [0.13791, 624503.0], [0.13792, 775507.0], [0.13793, 452848.0], [0.13794, 529668.0], [0.13795, 713060.0], [0.13796, 311801.0], [0.13797, 630782.0], [0.13798, 845416.0], [0.13799, 516220.0], [0.138, 909335.0]], "timestamp": "2025-12-11T11:03:34.472964+00:00"}, {"symbol": "DOGEUSDT", "bids": [[0.1379, 76704.0], [0.13789, 114259.0], [0.13788, 242685.0], [0.13787, 455014.0], [0.13786, 756489.0], [0.13785, 1077264.0], [0.13784, 571914.0], [0.13783, 697382.0], [0.13782, 754318.0], [0.13781, 903171.0], [0.1378, 663497.0], [0.13779, 600842.0], [0.13778, 513901.0], [0.13777, 2299319.0], [0.13776, 990403.0], [0.13775, 653974.0], [0.13774, 526203.0], [0.13773, 953350.0], [0.13772, 263550.0], [0.13771, 702882.0]], "asks": [[0.13791, 283765.0], [0.13792, 219920.0], [0.13793, 284350.0], [0.13794, 398807.0], [0.13795, 581595.0], [0.13796, 355757.0], [0.13797, 641816.0], [0.13798, 504634.0], [0.13799, 260024.0], [0.138, 535330.0], [0.13801, 774849.0], [0.13802, 481739.0], [0.13803, 378041.0], [0.13804, 687734.0], [0.13805, 363469.0], [0.13806, 622960.0], [0.13807, 656750.0], [0.13808, 1234658.0], [0.13809, 650060.0], [0.1381, 747673.0]], "timestamp": "2025-12-11T11:04:31.921813+00:00"}, {"symbol": "DOGEUSDT", "bids": [[0.13796, 321831.0], [0.13795, 277725.0], [0.13794, 303227.0], [0.13793, 368053.0], [0.13792, 855334.0], [0.13791, 898869.0], [0.1379, 849630.0], [0.13789, 785580.0], [0.13788, 885957.0], [0.13787, 417874.0], [0.13786, 649976.0], [0.13785, 780864.0], [0.13784, 408158.0], [0.13783, 901218.0], [0.13782, 943212.0], [0.13781, 1127828.0], [0.1378, 1403928.0], [0.13779, 999682.0], [0.13778, 415599.0], [0.13777, 840091.0]], "asks": [[0.13797, 41726.0], [0.13798, 90677.0], [0.13799, 311900.0], [0.138, 506903.0], [0.13801, 703154.0], [0.13802, 945663.0], [0.13803, 654095.0], [0.13804, 973110.0], [0.13805, 583889.0], [0.13806, 737885.0], [0.13807, 373909.0], [0.13808, 493229.0], [0.13809, 690989.0], [0.1381, 301955.0], [0.13811, 484361.0], [0.13812, 420856.0], [0.13813, 520965.0], [0.13814, 567728.0], [0.13815, 478481.0], [0.13816, 557539.0]], "timestamp": "2025-12-11T11:05:28.901900+00:00"}, {"symbol": "DOGEUSDT", "bids": [[0.13794, 139166.0], [0.13793, 372792.0], [0.13792, 868902.0], [0.13791, 676234.0], [0.1379, 810447.0], [0.13789, 1124521.0], [0.13788, 977166.0], [0.13787, 459116.0], [0.13786, 764867.0], [0.13785, 497766.0], [0.13784, 408961.0], [0.13783, 780025.0], [0.13782, 829469.0], [0.13781, 624939.0], [0.1378, 600682.0], [0.13779, 1659585.0], [0.13778, 391873.0], [0.13777, 1105869.0], [0.13776, 805417.0], [0.13775, 616155.0]], "asks": [[0.13795, 282228.0], [0.13796, 131683.0], [0.13797, 380170.0], [0.13798, 281700.0], [0.13799, 479784.0], [0.138, 727598.0], [0.13801, 330899.0], [0.13802, 347155.0], [0.13803, 506810.0], [0.13804, 389171.0], [0.13805, 362667.0], [0.13806, 639373.0], [0.13807, 423625.0], [0.13808, 429401.0], [0.13809, 606008.0], [0.1381, 307500.0], [0.13811, 601330.0], [0.13812, 557932.0], [0.13813, 785940.0], [0.13814, 1190071.0]], "timestamp": "2025-12-11T11:06:27.371381+00:00"}, {"symbol": "DOGEUSDT", "bids": [[0.138, 313765.0], [0.13799, 359007.0], [0.13798, 523145.0], [0.13797, 860689.0], [0.13796, 773812.0], [0.13795, 1032784.0], [0.13794, 799270.0], [0.13793, 561922.0], [0.13792, 523518.0], [0.13791, 816266.0], [0.1379, 555241.0], [0.13789, 1307566.0], [0.13788, 1260888.0], [0.13787, 530164.0], [0.13786, 950381.0], [0.13785, 1587591.0], [0.13784, 259077.0], [0.13783, 407896.0], [0.13782, 1046044.0], [0.13781, 793259.0]], "asks": [[0.13801, 12226.0], [0.13802, 256118.0], [0.13803, 247117.0], [0.13804, 430290.0], [0.13805, 311586.0], [0.13806, 700862.0], [0.13807, 549480.0], [0.13808, 427177.0], [0.13809, 592609.0], [0.1381, 264608.0], [0.13811, 546943.0], [0.13812, 460287.0], [0.13813, 359995.0], [0.13814, 657631.0], [0.13815, 490607.0], [0.13816, 461041.0], [0.13817, 709796.0], [0.13818, 829004.0], [0.13819, 313609.0], [0.1382, 611305.0]], "timestamp": "2025-12-11T11:07:22.019513+00:00"}, {"symbol": "DOGEUSDT", "bids": [[0.13803, 362570.0], [0.13802, 280056.0], [0.13801, 350448.0], [0.138, 264661.0], [0.13799, 646671.0], [0.13798, 863103.0], [0.13797, 944971.0], [0.13796, 546148.0], [0.13795, 605384.0], [0.13794, 619954.0], [0.13793, 485882.0], [0.13792, 532471.0], [0.13791, 793039.0], [0.1379, 1514384.0], [0.13789, 1389460.0], [0.13788, 1181988.0], [0.13787, 437535.0], [0.13786, 774328.0], [0.13785, 625686.0], [0.13784, 277940.0]], "asks": [[0.13804, 154704.0], [0.13805, 196406.0], [0.13806, 585419.0], [0.13807, 452835.0], [0.13808, 895436.0], [0.13809, 488183.0], [0.1381, 756001.0], [0.13811, 790608.0], [0.13812, 261109.0], [0.13813, 245498.0], [0.13814, 625468.0], [0.13815, 545088.0], [0.13816, 272829.0], [0.13817, 558595.0], [0.13818, 925481.0], [0.13819, 353257.0], [0.1382, 656974.0], [0.13821, 541334.0], [0.13822, 907796.0], [0.13823, 1749222.0]], "timestamp": "2025-12-11T11:08:21.872497+00:00"}, {"symbol": "DOGEUSDT", "bids": [[0.13797, 27783.0], [0.13796, 76391.0], [0.13795, 239262.0], [0.13794, 229838.0], [0.13793, 508988.0], [0.13792, 694061.0], [0.13791, 791752.0], [0.1379, 753704.0], [0.13789, 901021.0], [0.13788, 941256.0], [0.13787, 503739.0], [0.13786, 704051.0], [0.13785, 1026732.0], [0.13784, 587775.0], [0.13783, 862251.0], [0.13782, 1561317.0], [0.13781, 1117812.0], [0.1378, 621200.0], [0.13779, 585726.0], [0.13778, 448528.0]], "asks": [[0.13798, 391606.0], [0.13799, 312280.0], [0.138, 312526.0], [0.13801, 532823.0], [0.13802, 832481.0], [0.13803, 605940.0], [0.13804, 681502.0], [0.13805, 302179.0], [0.13806, 484264.0], [0.13807, 585897.0], [0.13808, 281650.0], [0.13809, 559731.0], [0.1381, 689837.0], [0.13811, 705261.0], [0.13812, 409819.0], [0.13813, 626417.0], [0.13814, 746917.0], [0.13815, 608994.0], [0.13816, 370620.0], [0.13817, 1623557.0]], "timestamp": "2025-12-11T11:09:21.526764+00:00"}, {"symbol": "DOGEUSDT", "bids": [[0.13799, 647821.0], [0.13798, 174498.0], [0.13797, 115816.0], [0.13796, 414258.0], [0.13795, 714466.0], [0.13794, 966767.0], [0.13793, 649418.0], [0.13792, 717312.0], [0.13791, 591798.0], [0.1379, 387781.0], [0.13789, 782618.0], [0.13788, 860763.0], [0.13787, 610236.0], [0.13786, 983654.0], [0.13785, 587740.0], [0.13784, 521554.0], [0.13783, 686208.0], [0.13782, 654786.0], [0.13781, 1120804.0], [0.1378, 681987.0]], "asks": [[0.138, 24720.0], [0.13801, 159022.0], [0.13802, 374523.0], [0.13803, 263819.0], [0.13804, 724548.0], [0.13805, 270923.0], [0.13806, 582943.0], [0.13807, 500151.0], [0.13808, 266620.0], [0.13809, 603726.0], [0.1381, 757017.0], [0.13811, 772255.0], [0.13812, 351335.0], [0.13813, 674898.0], [0.13814, 768161.0], [0.13815, 606905.0], [0.13816, 343849.0], [0.13817, 905198.0], [0.13818, 765639.0], [0.13819, 253262.0]], "timestamp": "2025-12-11T11:10:18.952793+00:00"}, {"symbol": "DOGEUSDT", "bids": [[0.13802, 279194.0], [0.13801, 348483.0], [0.138, 700762.0], [0.13799, 788758.0], [0.13798, 770750.0], [0.13797, 638201.0], [0.13796, 277586.0], [0.13795, 414731.0], [0.13794, 647540.0], [0.13793, 817477.0], [0.13792, 852458.0], [0.13791, 917015.0], [0.1379, 954824.0], [0.13789, 1589476.0], [0.13788, 781397.0], [0.13787, 554829.0], [0.13786, 1026939.0], [0.13785, 897155.0], [0.13784, 402907.0], [0.13783, 765755.0]], "asks": [[0.13803, 212642.0], [0.13804, 210708.0], [0.13805, 200353.0], [0.13806, 415103.0], [0.13807, 558047.0], [0.13808, 655183.0], [0.13809, 330163.0], [0.1381, 447028.0], [0.13811, 989618.0], [0.13812, 380827.0], [0.13813, 266071.0], [0.13814, 777385.0], [0.13815, 587986.0], [0.13816, 374157.0], [0.13817, 508363.0], [0.13818, 547919.0], [0.13819, 235116.0], [0.1382, 542653.0], [0.13821, 1232373.0], [0.13822, 642112.0]], "timestamp": "2025-12-11T11:11:14.947823+00:00"}, {"symbol": "DOGEUSDT", "bids": [[0.13794, 56024.0], [0.13793, 92842.0], [0.13792, 251002.0], [0.13791, 298233.0], [0.1379, 481522.0], [0.13789, 918311.0], [0.13788, 1014492.0], [0.13787, 457770.0], [0.13786, 489198.0], [0.13785, 685739.0], [0.13784, 385911.0], [0.13783, 703932.0], [0.13782, 923269.0], [0.13781, 824288.0], [0.1378, 584224.0], [0.13779, 1511828.0], [0.13778, 417745.0], [0.13777, 736158.0], [0.13776, 1095596.0], [0.13775, 905449.0]], "asks": [[0.13795, 245082.0], [0.13796, 281950.0], [0.13797, 444526.0], [0.13798, 766564.0], [0.13799, 923769.0], [0.138, 572373.0], [0.13801, 895222.0], [0.13802, 374345.0], [0.13803, 703426.0], [0.13804, 776420.0], [0.13805, 441185.0], [0.13806, 526851.0], [0.13807, 576804.0], [0.13808, 494864.0], [0.13809, 272859.0], [0.1381, 525007.0], [0.13811, 1048378.0], [0.13812, 514541.0], [0.13813, 509192.0], [0.13814, 1780077.0]], "timestamp": "2025-12-11T11:12:11.997384+00:00"}, {"symbol": "DOGEUSDT", "bids": [[0.13793, 18048.0], [0.13792, 56660.0], [0.13791, 76705.0], [0.1379, 280595.0], [0.13789, 800375.0], [0.13788, 1000423.0], [0.13787, 574958.0], [0.13786, 573636.0], [0.13785, 717403.0], [0.13784, 468342.0], [0.13783, 525071.0], [0.13782, 964853.0], [0.13781, 880313.0], [0.1378, 432065.0], [0.13779, 619771.0], [0.13778, 409850.0], [0.13777, 920430.0], [0.13776, 1911342.0], [0.13775, 931188.0], [0.13774, 648658.0]], "asks": [[0.13794, 630828.0], [0.13795, 451553.0], [0.13796, 461382.0], [0.13797, 474808.0], [0.13798, 794460.0], [0.13799, 538875.0], [0.138, 593351.0], [0.13801, 646086.0], [0.13802, 407504.0], [0.13803, 546832.0], [0.13804, 648151.0], [0.13805, 215555.0], [0.13806, 478592.0], [0.13807, 574835.0], [0.13808, 532409.0], [0.13809, 241594.0], [0.1381, 553186.0], [0.13811, 1755837.0], [0.13812, 520478.0], [0.13813, 535173.0]], "timestamp": "2025-12-11T11:13:08.888413+00:00"}, {"symbol": "DOGEUSDT", "bids": [[0.13793, 67831.0], [0.13792, 120588.0], [0.13791, 549511.0], [0.1379, 724099.0], [0.13789, 883239.0], [0.13788, 780197.0], [0.13787, 481433.0], [0.13786, 599087.0], [0.13785, 677992.0], [0.13784, 403375.0], [0.13783, 532259.0], [0.13782, 973022.0], [0.13781, 720402.0], [0.1378, 1353955.0], [0.13779, 622186.0], [0.13778, 460015.0], [0.13777, 1153136.0], [0.13776, 878600.0], [0.13775, 896233.0], [0.13774, 688327.0]], "asks": [[0.13794, 178696.0], [0.13795, 253407.0], [0.13796, 277600.0], [0.13797, 245355.0], [0.13798, 803016.0], [0.13799, 575979.0], [0.138, 459600.0], [0.13801, 768113.0], [0.13802, 347534.0], [0.13803, 497092.0], [0.13804, 598594.0], [0.13805, 290338.0], [0.13806, 580096.0], [0.13807, 625811.0], [0.13808, 629462.0], [0.13809, 276717.0], [0.1381, 398118.0], [0.13811, 1021337.0], [0.13812, 1027181.0], [0.13813, 709533.0]], "timestamp": "2025-12-11T11:14:05.610266+00:00"}, {"symbol": "DOGEUSDT", "bids": [[0.13784, 99416.0], [0.13783, 163224.0], [0.13782, 220110.0], [0.13781, 442806.0], [0.1378, 598309.0], [0.13779, 995569.0], [0.13778, 483361.0], [0.13777, 706840.0], [0.13776, 694604.0], [0.13775, 285557.0], [0.13774, 490776.0], [0.13773, 825604.0], [0.13772, 1667792.0], [0.13771, 857097.0], [0.1377, 662537.0], [0.13769, 940258.0], [0.13768, 530751.0], [0.13767, 751046.0], [0.13766, 806834.0], [0.13765, 1189189.0]], "asks": [[0.13785, 314241.0], [0.13786, 239236.0], [0.13787, 334292.0], [0.13788, 256969.0], [0.13789, 858367.0], [0.1379, 442780.0], [0.13791, 563814.0], [0.13792, 872056.0], [0.13793, 313848.0], [0.13794, 472251.0], [0.13795, 767717.0], [0.13796, 194982.0], [0.13797, 389537.0], [0.13798, 532401.0], [0.13799, 512572.0], [0.138, 437428.0], [0.13801, 714034.0], [0.13802, 1019630.0], [0.13803, 693622.0], [0.13804, 667207.0]], "timestamp": "2025-12-11T11:15:02.430967+00:00"}, {"symbol": "DOGEUSDT", "bids": [[0.13785, 154904.0], [0.13784, 413283.0], [0.13783, 409736.0], [0.13782, 759177.0], [0.13781, 1177105.0], [0.1378, 1136832.0], [0.13779, 963578.0], [0.13778, 431640.0], [0.13777, 567278.0], [0.13776, 630350.0], [0.13775, 263774.0], [0.13774, 486018.0], [0.13773, 846821.0], [0.13772, 620232.0], [0.13771, 1477827.0], [0.1377, 605226.0], [0.13769, 601642.0], [0.13768, 982466.0], [0.13767, 454643.0], [0.13766, 719531.0]], "asks": [[0.13786, 102819.0], [0.13787, 257699.0], [0.13788, 368814.0], [0.13789, 574397.0], [0.1379, 678050.0], [0.13791, 545538.0], [0.13792, 646838.0], [0.13793, 273984.0], [0.13794, 574781.0], [0.13795, 732323.0], [0.13796, 362184.0], [0.13797, 475807.0], [0.13798, 543169.0], [0.13799, 601217.0], [0.138, 497002.0], [0.13801, 665392.0], [0.13802, 619816.0], [0.13803, 789232.0], [0.13804, 1199727.0], [0.13805, 356994.0]], "timestamp": "2025-12-11T11:16:00.558096+00:00"}, {"symbol": "DOGEUSDT", "bids": [[0.13779, 53855.0], [0.13778, 115714.0], [0.13777, 319215.0], [0.13776, 457300.0], [0.13775, 662529.0], [0.13774, 760065.0], [0.13773, 1044057.0], [0.13772, 518268.0], [0.13771, 702523.0], [0.1377, 807429.0], [0.13769, 741089.0], [0.13768, 753712.0], [0.13767, 479675.0], [0.13766, 799392.0], [0.13765, 715929.0], [0.13764, 1622604.0], [0.13763, 753766.0], [0.13762, 1264539.0], [0.13761, 1156859.0], [0.1376, 609561.0]], "asks": [[0.1378, 347231.0], [0.13781, 342357.0], [0.13782, 288962.0], [0.13783, 545945.0], [0.13784, 777153.0], [0.13785, 625358.0], [0.13786, 976886.0], [0.13787, 625019.0], [0.13788, 692995.0], [0.13789, 563633.0], [0.1379, 599546.0], [0.13791, 712262.0], [0.13792, 538628.0], [0.13793, 269377.0], [0.13794, 406184.0], [0.13795, 771058.0], [0.13796, 426446.0], [0.13797, 426295.0], [0.13798, 748142.0], [0.13799, 427222.0]], "timestamp": "2025-12-11T11:16:57.670770+00:00"}, {"symbol": "DOGEUSDT", "bids": [[0.13777, 6725.0], [0.13776, 233723.0], [0.13775, 510151.0], [0.13774, 451030.0], [0.13773, 852913.0], [0.13772, 663037.0], [0.13771, 667446.0], [0.1377, 821051.0], [0.13769, 654290.0], [0.13768, 382403.0], [0.13767, 701035.0], [0.13766, 1286954.0], [0.13765, 815981.0], [0.13764, 850169.0], [0.13763, 1623671.0], [0.13762, 696764.0], [0.13761, 735336.0], [0.1376, 637110.0], [0.13759, 748921.0], [0.13758, 1071181.0]], "asks": [[0.13778, 335771.0], [0.13779, 302348.0], [0.1378, 322588.0], [0.13781, 527407.0], [0.13782, 571977.0], [0.13783, 677698.0], [0.13784, 664627.0], [0.13785, 461448.0], [0.13786, 433258.0], [0.13787, 414737.0], [0.13788, 500956.0], [0.13789, 583926.0], [0.1379, 693593.0], [0.13791, 564187.0], [0.13792, 463539.0], [0.13793, 244306.0], [0.13794, 572887.0], [0.13795, 778990.0], [0.13796, 697168.0], [0.13797, 1144525.0]], "timestamp": "2025-12-11T11:17:53.871741+00:00"}, {"symbol": "DOGEUSDT", "bids": [[0.13777, 178732.0], [0.13776, 164870.0], [0.13775, 319946.0], [0.13774, 624646.0], [0.13773, 975492.0], [0.13772, 766719.0], [0.13771, 898716.0], [0.1377, 555747.0], [0.13769, 469372.0], [0.13768, 783187.0], [0.13767, 563668.0], [0.13766, 617644.0], [0.13765, 768090.0], [0.13764, 996193.0], [0.13763, 1828205.0], [0.13762, 439970.0], [0.13761, 455439.0], [0.1376, 556199.0], [0.13759, 826527.0], [0.13758, 923340.0]], "asks": [[0.13778, 401329.0], [0.13779, 336386.0], [0.1378, 229259.0], [0.13781, 528873.0], [0.13782, 613484.0], [0.13783, 619393.0], [0.13784, 326940.0], [0.13785, 379178.0], [0.13786, 530734.0], [0.13787, 472671.0], [0.13788, 438144.0], [0.13789, 560984.0], [0.1379, 409074.0], [0.13791, 562536.0], [0.13792, 546965.0], [0.13793, 480354.0], [0.13794, 594792.0], [0.13795, 749865.0], [0.13796, 542643.0], [0.13797, 1306323.0]], "timestamp": "2025-12-11T11:18:50.786740+00:00"}, {"symbol": "DOGEUSDT", "bids": [[0.13779, 225716.0], [0.13778, 252342.0], [0.13777, 299270.0], [0.13776, 679628.0], [0.13775, 908676.0], [0.13774, 1053743.0], [0.13773, 749807.0], [0.13772, 757105.0], [0.13771, 948392.0], [0.1377, 667898.0], [0.13769, 544236.0], [0.13768, 910077.0], [0.13767, 595113.0], [0.13766, 842411.0], [0.13765, 1591580.0], [0.13764, 855529.0], [0.13763, 690083.0], [0.13762, 732788.0], [0.13761, 467251.0], [0.1376, 515421.0]], "asks": [[0.1378, 271464.0], [0.13781, 107319.0], [0.13782, 227577.0], [0.13783, 578164.0], [0.13784, 532879.0], [0.13785, 402895.0], [0.13786, 536033.0], [0.13787, 679963.0], [0.13788, 439500.0], [0.13789, 447215.0], [0.1379, 345631.0], [0.13791, 556528.0], [0.13792, 658832.0], [0.13793, 243093.0], [0.13794, 540596.0], [0.13795, 941672.0], [0.13796, 443270.0], [0.13797, 635360.0], [0.13798, 1721742.0], [0.13799, 409206.0]], "timestamp": "2025-12-11T11:19:48.403671+00:00"}, {"symbol": "DOGEUSDT", "bids": [[0.13786, 96257.0], [0.13785, 162220.0], [0.13784, 289157.0], [0.13783, 313676.0], [0.13782, 767513.0], [0.13781, 844146.0], [0.1378, 1227354.0], [0.13779, 850566.0], [0.13778, 650643.0], [0.13777, 636252.0], [0.13776, 724630.0], [0.13775, 439992.0], [0.13774, 735954.0], [0.13773, 482296.0], [0.13772, 1607183.0], [0.13771, 921263.0], [0.1377, 968663.0], [0.13769, 808104.0], [0.13768, 1002661.0], [0.13767, 1145060.0]], "asks": [[0.13787, 352775.0], [0.13788, 255964.0], [0.13789, 467153.0], [0.1379, 369958.0], [0.13791, 638534.0], [0.13792, 412822.0], [0.13793, 369780.0], [0.13794, 445012.0], [0.13795, 728672.0], [0.13796, 368184.0], [0.13797, 442454.0], [0.13798, 615383.0], [0.13799, 591688.0], [0.138, 464389.0], [0.13801, 1232086.0], [0.13802, 217286.0], [0.13803, 806278.0], [0.13804, 537816.0], [0.13805, 357495.0], [0.13806, 1113890.0]], "timestamp": "2025-12-11T11:20:46.965725+00:00"}, {"symbol": "DOGEUSDT", "bids": [[0.1379, 3342.0], [0.13789, 207217.0], [0.13788, 256036.0], [0.13787, 632083.0], [0.13786, 895190.0], [0.13785, 1084692.0], [0.13784, 1305800.0], [0.13783, 1416709.0], [0.13782, 981269.0], [0.13781, 775374.0], [0.1378, 703621.0], [0.13779, 291117.0], [0.13778, 276264.0], [0.13777, 722852.0], [0.13776, 1117271.0], [0.13775, 710655.0], [0.13774, 1073707.0], [0.13773, 347672.0], [0.13772, 1498869.0], [0.13771, 706333.0]], "asks": [[0.13791, 250232.0], [0.13792, 274512.0], [0.13793, 312908.0], [0.13794, 424176.0], [0.13795, 706750.0], [0.13796, 458031.0], [0.13797, 406730.0], [0.13798, 739375.0], [0.13799, 578788.0], [0.138, 625089.0], [0.13801, 830733.0], [0.13802, 469394.0], [0.13803, 495723.0], [0.13804, 562456.0], [0.13805, 494568.0], [0.13806, 491947.0], [0.13807, 631835.0], [0.13808, 899910.0], [0.13809, 384563.0], [0.1381, 753385.0]], "timestamp": "2025-12-11T11:21:43.190374+00:00"}, {"symbol": "DOGEUSDT", "bids": [[0.13786, 92053.0], [0.13785, 146826.0], [0.13784, 289514.0], [0.13783, 265886.0], [0.13782, 710041.0], [0.13781, 740661.0], [0.1378, 789798.0], [0.13779, 345250.0], [0.13778, 435437.0], [0.13777, 683698.0], [0.13776, 752741.0], [0.13775, 734755.0], [0.13774, 673325.0], [0.13773, 640244.0], [0.13772, 768076.0], [0.13771, 1429062.0], [0.1377, 576822.0], [0.13769, 668668.0], [0.13768, 1244541.0], [0.13767, 557279.0]], "asks": [[0.13787, 177883.0], [0.13788, 257722.0], [0.13789, 1016984.0], [0.1379, 735679.0], [0.13791, 956288.0], [0.13792, 1095906.0], [0.13793, 898777.0], [0.13794, 571045.0], [0.13795, 904710.0], [0.13796, 401884.0], [0.13797, 400967.0], [0.13798, 604704.0], [0.13799, 619205.0], [0.138, 448344.0], [0.13801, 533220.0], [0.13802, 384534.0], [0.13803, 649614.0], [0.13804, 748232.0], [0.13805, 472558.0], [0.13806, 655547.0]], "timestamp": "2025-12-11T11:22:41.158417+00:00"}, {"symbol": "DOGEUSDT", "bids": [[0.13807, 139549.0], [0.13806, 147910.0], [0.13805, 276919.0], [0.13804, 517763.0], [0.13803, 852642.0], [0.13802, 947415.0], [0.13801, 1262233.0], [0.138, 865437.0], [0.13799, 776841.0], [0.13798, 636963.0], [0.13797, 490077.0], [0.13796, 314752.0], [0.13795, 542177.0], [0.13794, 604126.0], [0.13793, 719388.0], [0.13792, 1876015.0], [0.13791, 373064.0], [0.1379, 277932.0], [0.13789, 993082.0], [0.13788, 727593.0]], "asks": [[0.13808, 231388.0], [0.13809, 129774.0], [0.1381, 372393.0], [0.13811, 1012198.0], [0.13812, 463577.0], [0.13813, 595138.0], [0.13814, 677264.0], [0.13815, 617999.0], [0.13816, 342067.0], [0.13817, 559517.0], [0.13818, 761195.0], [0.13819, 564427.0], [0.1382, 389199.0], [0.13821, 446647.0], [0.13822, 591994.0], [0.13823, 338800.0], [0.13824, 447466.0], [0.13825, 987876.0], [0.13826, 1059082.0], [0.13827, 1167941.0]], "timestamp": "2025-12-11T11:23:44.031475+00:00"}, {"symbol": "DOGEUSDT", "bids": [[0.13798, 86745.0], [0.13797, 20295.0], [0.13796, 243741.0], [0.13795, 457101.0], [0.13794, 800694.0], [0.13793, 841158.0], [0.13792, 1005192.0], [0.13791, 398403.0], [0.1379, 466744.0], [0.13789, 823593.0], [0.13788, 895451.0], [0.13787, 390695.0], [0.13786, 938276.0], [0.13785, 722703.0], [0.13784, 477921.0], [0.13783, 604867.0], [0.13782, 839978.0], [0.13781, 1334162.0], [0.1378, 1270239.0], [0.13779, 339646.0]], "asks": [[0.13799, 254588.0], [0.138, 303245.0], [0.13801, 784480.0], [0.13802, 574847.0], [0.13803, 625017.0], [0.13804, 691318.0], [0.13805, 874801.0], [0.13806, 539378.0], [0.13807, 433665.0], [0.13808, 608957.0], [0.13809, 368910.0], [0.1381, 576797.0], [0.13811, 1108871.0], [0.13812, 304563.0], [0.13813, 248514.0], [0.13814, 554857.0], [0.13815, 705338.0], [0.13816, 713734.0], [0.13817, 1404703.0], [0.13818, 658446.0]], "timestamp": "2025-12-11T11:24:54.725668+00:00"}, {"symbol": "DOGEUSDT", "bids": [[0.13795, 25763.0], [0.13794, 150096.0], [0.13793, 225278.0], [0.13792, 341307.0], [0.13791, 1005508.0], [0.1379, 480145.0], [0.13789, 769106.0], [0.13788, 569554.0], [0.13787, 414701.0], [0.13786, 538078.0], [0.13785, 296604.0], [0.13784, 571552.0], [0.13783, 646500.0], [0.13782, 628495.0], [0.13781, 1468974.0], [0.1378, 703551.0], [0.13779, 544525.0], [0.13778, 1126858.0], [0.13777, 741821.0], [0.13776, 819026.0]], "asks": [[0.13796, 489419.0], [0.13797, 172783.0], [0.13798, 309810.0], [0.13799, 650675.0], [0.138, 478352.0], [0.13801, 500281.0], [0.13802, 872652.0], [0.13803, 527230.0], [0.13804, 398336.0], [0.13805, 719926.0], [0.13806, 569857.0], [0.13807, 578303.0], [0.13808, 687028.0], [0.13809, 323297.0], [0.1381, 819794.0], [0.13811, 860409.0], [0.13812, 504636.0], [0.13813, 439614.0], [0.13814, 640623.0], [0.13815, 1435945.0]], "timestamp": "2025-12-11T11:25:53.707250+00:00"}, {"symbol": "DOGEUSDT", "bids": [[0.138, 236830.0], [0.13799, 378962.0], [0.13798, 258767.0], [0.13797, 379182.0], [0.13796, 927042.0], [0.13795, 780920.0], [0.13794, 586776.0], [0.13793, 532871.0], [0.13792, 877066.0], [0.13791, 498458.0], [0.1379, 600377.0], [0.13789, 933562.0], [0.13788, 859098.0], [0.13787, 509500.0], [0.13786, 1374743.0], [0.13785, 335703.0], [0.13784, 436790.0], [0.13783, 583363.0], [0.13782, 1208030.0], [0.13781, 418478.0]], "asks": [[0.13801, 55251.0], [0.13802, 172885.0], [0.13803, 316245.0], [0.13804, 552802.0], [0.13805, 915093.0], [0.13806, 720000.0], [0.13807, 837350.0], [0.13808, 548385.0], [0.13809, 255274.0], [0.1381, 457256.0], [0.13811, 1096605.0], [0.13812, 525730.0], [0.13813, 476710.0], [0.13814, 529455.0], [0.13815, 489939.0], [0.13816, 440367.0], [0.13817, 480476.0], [0.13818, 638493.0], [0.13819, 586102.0], [0.1382, 702501.0]], "timestamp": "2025-12-11T11:26:50.649106+00:00"}, {"symbol": "DOGEUSDT", "bids": [[0.13806, 54573.0], [0.13805, 175090.0], [0.13804, 468934.0], [0.13803, 437501.0], [0.13802, 1184929.0], [0.13801, 1176485.0], [0.138, 787739.0], [0.13799, 334681.0], [0.13798, 529630.0], [0.13797, 534977.0], [0.13796, 453407.0], [0.13795, 722853.0], [0.13794, 880424.0], [0.13793, 502802.0], [0.13792, 1242521.0], [0.13791, 1368545.0], [0.1379, 749848.0], [0.13789, 839013.0], [0.13788, 652031.0], [0.13787, 1051438.0]], "asks": [[0.13807, 280830.0], [0.13808, 272897.0], [0.13809, 355862.0], [0.1381, 692928.0], [0.13811, 843634.0], [0.13812, 512079.0], [0.13813, 386448.0], [0.13814, 753180.0], [0.13815, 512010.0], [0.13816, 369674.0], [0.13817, 530162.0], [0.13818, 656747.0], [0.13819, 583885.0], [0.1382, 418209.0], [0.13821, 572521.0], [0.13822, 575809.0], [0.13823, 509762.0], [0.13824, 1302163.0], [0.13825, 823805.0], [0.13826, 443347.0]], "timestamp": "2025-12-11T11:27:48.852957+00:00"}, {"symbol": "DOGEUSDT", "bids": [[0.13802, 54508.0], [0.13801, 206576.0], [0.138, 419544.0], [0.13799, 253196.0], [0.13798, 800103.0], [0.13797, 769156.0], [0.13796, 629594.0], [0.13795, 591422.0], [0.13794, 426327.0], [0.13793, 452018.0], [0.13792, 841275.0], [0.13791, 633559.0], [0.1379, 1006681.0], [0.13789, 1062066.0], [0.13788, 831619.0], [0.13787, 1402187.0], [0.13786, 582171.0], [0.13785, 293327.0], [0.13784, 456062.0], [0.13783, 657172.0]], "asks": [[0.13803, 125787.0], [0.13804, 262851.0], [0.13805, 520497.0], [0.13806, 555810.0], [0.13807, 1229695.0], [0.13808, 740887.0], [0.13809, 468529.0], [0.1381, 573397.0], [0.13811, 950856.0], [0.13812, 332096.0], [0.13813, 377891.0], [0.13814, 769897.0], [0.13815, 613505.0], [0.13816, 274630.0], [0.13817, 504297.0], [0.13818, 627958.0], [0.13819, 622944.0], [0.1382, 1547721.0], [0.13821, 599723.0], [0.13822, 1002414.0]], "timestamp": "2025-12-11T11:28:50.798765+00:00"}, {"symbol": "DOGEUSDT", "bids": [[0.13802, 362647.0], [0.13801, 259171.0], [0.138, 373581.0], [0.13799, 310683.0], [0.13798, 777390.0], [0.13797, 664570.0], [0.13796, 795717.0], [0.13795, 741858.0], [0.13794, 525592.0], [0.13793, 711919.0], [0.13792, 844218.0], [0.13791, 418825.0], [0.1379, 594781.0], [0.13789, 1041956.0], [0.13788, 1362267.0], [0.13787, 623642.0], [0.13786, 696620.0], [0.13785, 374304.0], [0.13784, 647338.0], [0.13783, 891471.0]], "asks": [[0.13803, 39774.0], [0.13804, 173363.0], [0.13805, 195628.0], [0.13806, 427775.0], [0.13807, 626744.0], [0.13808, 803921.0], [0.13809, 509883.0], [0.1381, 570063.0], [0.13811, 931225.0], [0.13812, 442628.0], [0.13813, 588057.0], [0.13814, 660197.0], [0.13815, 511771.0], [0.13816, 254312.0], [0.13817, 524454.0], [0.13818, 647989.0], [0.13819, 541528.0], [0.1382, 790390.0], [0.13821, 936130.0], [0.13822, 1854124.0]], "timestamp": "2025-12-11T11:29:49.950741+00:00"}, {"symbol": "DOGEUSDT", "bids": [[0.1382, 175526.0], [0.13819, 254290.0], [0.13818, 534619.0], [0.13817, 796319.0], [0.13816, 820196.0], [0.13815, 645023.0], [0.13814, 907705.0], [0.13813, 302879.0], [0.13812, 597511.0], [0.13811, 745758.0], [0.1381, 1079585.0], [0.13809, 479342.0], [0.13808, 375081.0], [0.13807, 1149785.0], [0.13806, 494915.0], [0.13805, 1062146.0], [0.13804, 668792.0], [0.13803, 868555.0], [0.13802, 815486.0], [0.13801, 644489.0]], "asks": [[0.13821, 203950.0], [0.13822, 298006.0], [0.13823, 543354.0], [0.13824, 812645.0], [0.13825, 537159.0], [0.13826, 985608.0], [0.13827, 645821.0], [0.13828, 427126.0], [0.13829, 413831.0], [0.1383, 708855.0], [0.13831, 354534.0], [0.13832, 403166.0], [0.13833, 516305.0], [0.13834, 596948.0], [0.13835, 481003.0], [0.13836, 448945.0], [0.13837, 1024433.0], [0.13838, 637712.0], [0.13839, 590030.0], [0.1384, 401791.0]], "timestamp": "2025-12-11T11:30:53.567462+00:00"}, {"symbol": "DOGEUSDT", "bids": [[0.1382, 132579.0], [0.13819, 478759.0], [0.13818, 630047.0], [0.13817, 649949.0], [0.13816, 914295.0], [0.13815, 546975.0], [0.13814, 597772.0], [0.13813, 662559.0], [0.13812, 572779.0], [0.13811, 551449.0], [0.1381, 873600.0], [0.13809, 594933.0], [0.13808, 578741.0], [0.13807, 690454.0], [0.13806, 774024.0], [0.13805, 1174770.0], [0.13804, 712655.0], [0.13803, 764478.0], [0.13802, 1021693.0], [0.13801, 962418.0]], "asks": [[0.13821, 161472.0], [0.13822, 116931.0], [0.13823, 225425.0], [0.13824, 310757.0], [0.13825, 919726.0], [0.13826, 316347.0], [0.13827, 738609.0], [0.13828, 606129.0], [0.13829, 309529.0], [0.1383, 316152.0], [0.13831, 749753.0], [0.13832, 238802.0], [0.13833, 493443.0], [0.13834, 802635.0], [0.13835, 470142.0], [0.13836, 664127.0], [0.13837, 888486.0], [0.13838, 799048.0], [0.13839, 1080539.0], [0.1384, 457816.0]], "timestamp": "2025-12-11T11:31:57.708331+00:00"}, {"symbol": "DOGEUSDT", "bids": [[0.13821, 357718.0], [0.1382, 309519.0], [0.13819, 428596.0], [0.13818, 637968.0], [0.13817, 642858.0], [0.13816, 870332.0], [0.13815, 580939.0], [0.13814, 776792.0], [0.13813, 754369.0], [0.13812, 643717.0], [0.13811, 492005.0], [0.1381, 851486.0], [0.13809, 654534.0], [0.13808, 1247209.0], [0.13807, 769988.0], [0.13806, 506420.0], [0.13805, 321579.0], [0.13804, 631067.0], [0.13803, 795263.0], [0.13802, 1017564.0]], "asks": [[0.13822, 14485.0], [0.13823, 97323.0], [0.13824, 187001.0], [0.13825, 510176.0], [0.13826, 522221.0], [0.13827, 853840.0], [0.13828, 604053.0], [0.13829, 240374.0], [0.1383, 355053.0], [0.13831, 763825.0], [0.13832, 376547.0], [0.13833, 564223.0], [0.13834, 623371.0], [0.13835, 453391.0], [0.13836, 534290.0], [0.13837, 821189.0], [0.13838, 342549.0], [0.13839, 390969.0], [0.1384, 510940.0], [0.13841, 1405261.0]], "timestamp": "2025-12-11T11:32:57.624513+00:00"}, {"symbol": "DOGEUSDT", "bids": [[0.13821, 195308.0], [0.1382, 155837.0], [0.13819, 309023.0], [0.13818, 500689.0], [0.13817, 938107.0], [0.13816, 877129.0], [0.13815, 912604.0], [0.13814, 734855.0], [0.13813, 896646.0], [0.13812, 725271.0], [0.13811, 439760.0], [0.1381, 355188.0], [0.13809, 506660.0], [0.13808, 505850.0], [0.13807, 935712.0], [0.13806, 995609.0], [0.13805, 453694.0], [0.13804, 1272890.0], [0.13803, 339317.0], [0.13802, 692335.0]], "asks": [[0.13822, 123288.0], [0.13823, 169484.0], [0.13824, 196648.0], [0.13825, 546785.0], [0.13826, 532290.0], [0.13827, 489054.0], [0.13828, 709693.0], [0.13829, 308479.0], [0.1383, 453490.0], [0.13831, 727100.0], [0.13832, 359832.0], [0.13833, 509306.0], [0.13834, 538027.0], [0.13835, 502226.0], [0.13836, 384176.0], [0.13837, 942492.0], [0.13838, 350242.0], [0.13839, 526352.0], [0.1384, 1204014.0], [0.13841, 661042.0]], "timestamp": "2025-12-11T11:33:55.241764+00:00"}, {"symbol": "DOGEUSDT", "bids": [[0.13815, 30085.0], [0.13814, 71165.0], [0.13813, 241910.0], [0.13812, 299772.0], [0.13811, 818400.0], [0.1381, 527352.0], [0.13809, 603369.0], [0.13808, 628245.0], [0.13807, 885574.0], [0.13806, 441114.0], [0.13805, 300660.0], [0.13804, 511072.0], [0.13803, 422379.0], [0.13802, 1436175.0], [0.13801, 1288096.0], [0.138, 422140.0], [0.13799, 389587.0], [0.13798, 683386.0], [0.13797, 1024827.0], [0.13796, 1535117.0]], "asks": [[0.13816, 200715.0], [0.13817, 271968.0], [0.13818, 514528.0], [0.13819, 850941.0], [0.1382, 364477.0], [0.13821, 316482.0], [0.13822, 783073.0], [0.13823, 604168.0], [0.13824, 279236.0], [0.13825, 555217.0], [0.13826, 394247.0], [0.13827, 552798.0], [0.13828, 573665.0], [0.13829, 223797.0], [0.1383, 410265.0], [0.13831, 865472.0], [0.13832, 1323633.0], [0.13833, 529461.0], [0.13834, 623412.0], [0.13835, 479337.0]], "timestamp": "2025-12-11T11:34:52.708316+00:00"}, {"symbol": "DOGEUSDT", "bids": [[0.13815, 170994.0], [0.13814, 134938.0], [0.13813, 179980.0], [0.13812, 561061.0], [0.13811, 651972.0], [0.1381, 860111.0], [0.13809, 450448.0], [0.13808, 548693.0], [0.13807, 858509.0], [0.13806, 579907.0], [0.13805, 529044.0], [0.13804, 544540.0], [0.13803, 615089.0], [0.13802, 1405696.0], [0.13801, 1050487.0], [0.138, 424382.0], [0.13799, 465753.0], [0.13798, 663059.0], [0.13797, 970103.0], [0.13796, 1568884.0]], "asks": [[0.13816, 233733.0], [0.13817, 398870.0], [0.13818, 155342.0], [0.13819, 522205.0], [0.1382, 436872.0], [0.13821, 439519.0], [0.13822, 631651.0], [0.13823, 661108.0], [0.13824, 397020.0], [0.13825, 586871.0], [0.13826, 251906.0], [0.13827, 540809.0], [0.13828, 591270.0], [0.13829, 268492.0], [0.1383, 480364.0], [0.13831, 827770.0], [0.13832, 443282.0], [0.13833, 783984.0], [0.13834, 629244.0], [0.13835, 470595.0]], "timestamp": "2025-12-11T11:35:50.807821+00:00"}, {"symbol": "DOGEUSDT", "bids": [[0.13814, 365884.0], [0.13813, 540693.0], [0.13812, 242516.0], [0.13811, 282695.0], [0.1381, 837348.0], [0.13809, 551942.0], [0.13808, 406299.0], [0.13807, 1117831.0], [0.13806, 675711.0], [0.13805, 356574.0], [0.13804, 602455.0], [0.13803, 360541.0], [0.13802, 667681.0], [0.13801, 1054880.0], [0.138, 555264.0], [0.13799, 1243563.0], [0.13798, 660242.0], [0.13797, 894792.0], [0.13796, 1507842.0], [0.13795, 1006622.0]], "asks": [[0.13815, 90682.0], [0.13816, 180795.0], [0.13817, 209796.0], [0.13818, 574166.0], [0.13819, 812792.0], [0.1382, 221164.0], [0.13821, 373980.0], [0.13822, 576655.0], [0.13823, 550714.0], [0.13824, 322093.0], [0.13825, 706695.0], [0.13826, 289205.0], [0.13827, 565462.0], [0.13828, 575230.0], [0.13829, 272589.0], [0.1383, 669107.0], [0.13831, 1336893.0], [0.13832, 325397.0], [0.13833, 825349.0], [0.13834, 1330548.0]], "timestamp": "2025-12-11T11:36:51.427405+00:00"}, {"symbol": "DOGEUSDT", "bids": [[0.13827, 263089.0], [0.13826, 204161.0], [0.13825, 384778.0], [0.13824, 544723.0], [0.13823, 965753.0], [0.13822, 1034060.0], [0.13821, 1048089.0], [0.1382, 796242.0], [0.13819, 715866.0], [0.13818, 649591.0], [0.13817, 332690.0], [0.13816, 645530.0], [0.13815, 386659.0], [0.13814, 477864.0], [0.13813, 637069.0], [0.13812, 1535341.0], [0.13811, 885672.0], [0.1381, 1103975.0], [0.13809, 690495.0], [0.13808, 732043.0]], "asks": [[0.13828, 2933.0], [0.13829, 154765.0], [0.1383, 253217.0], [0.13831, 640094.0], [0.13832, 448050.0], [0.13833, 579621.0], [0.13834, 551310.0], [0.13835, 437625.0], [0.13836, 507138.0], [0.13837, 756483.0], [0.13838, 484323.0], [0.13839, 519540.0], [0.1384, 265164.0], [0.13841, 644704.0], [0.13842, 678395.0], [0.13843, 373468.0], [0.13844, 552720.0], [0.13845, 1098300.0], [0.13846, 869062.0], [0.13847, 1064745.0]], "timestamp": "2025-12-11T11:37:51.132308+00:00"}, {"symbol": "DOGEUSDT", "bids": [[0.13822, 2836.0], [0.13821, 72332.0], [0.1382, 242251.0], [0.13819, 458194.0], [0.13818, 784372.0], [0.13817, 561966.0], [0.13816, 781337.0], [0.13815, 395285.0], [0.13814, 465536.0], [0.13813, 691401.0], [0.13812, 596273.0], [0.13811, 628900.0], [0.1381, 907991.0], [0.13809, 728338.0], [0.13808, 770851.0], [0.13807, 931375.0], [0.13806, 974811.0], [0.13805, 1626525.0], [0.13804, 852596.0], [0.13803, 910002.0]], "asks": [[0.13823, 607792.0], [0.13824, 221066.0], [0.13825, 344335.0], [0.13826, 759921.0], [0.13827, 835586.0], [0.13828, 428811.0], [0.13829, 636767.0], [0.1383, 615457.0], [0.13831, 498768.0], [0.13832, 759894.0], [0.13833, 413790.0], [0.13834, 410271.0], [0.13835, 707461.0], [0.13836, 311573.0], [0.13837, 458996.0], [0.13838, 528957.0], [0.13839, 927754.0], [0.1384, 573475.0], [0.13841, 1212123.0], [0.13842, 502118.0]], "timestamp": "2025-12-11T11:38:50.851476+00:00"}, {"symbol": "DOGEUSDT", "bids": [[0.13822, 80888.0], [0.13821, 301299.0], [0.1382, 355011.0], [0.13819, 429669.0], [0.13818, 613439.0], [0.13817, 950092.0], [0.13816, 666913.0], [0.13815, 566838.0], [0.13814, 365418.0], [0.13813, 747802.0], [0.13812, 616128.0], [0.13811, 767909.0], [0.1381, 864746.0], [0.13809, 1356752.0], [0.13808, 738041.0], [0.13807, 863312.0], [0.13806, 857228.0], [0.13805, 418507.0], [0.13804, 827644.0], [0.13803, 677116.0]], "asks": [[0.13823, 155068.0], [0.13824, 228085.0], [0.13825, 232203.0], [0.13826, 737528.0], [0.13827, 878307.0], [0.13828, 393034.0], [0.13829, 676717.0], [0.1383, 350338.0], [0.13831, 396839.0], [0.13832, 526228.0], [0.13833, 451824.0], [0.13834, 505937.0], [0.13835, 604094.0], [0.13836, 394811.0], [0.13837, 453858.0], [0.13838, 650896.0], [0.13839, 918375.0], [0.1384, 568992.0], [0.13841, 528223.0], [0.13842, 1783197.0]], "timestamp": "2025-12-11T11:39:48.796167+00:00"}, {"symbol": "DOGEUSDT", "bids": [[0.13818, 146952.0], [0.13817, 213443.0], [0.13816, 360732.0], [0.13815, 410933.0], [0.13814, 743159.0], [0.13813, 786478.0], [0.13812, 627823.0], [0.13811, 734171.0], [0.1381, 663184.0], [0.13809, 376351.0], [0.13808, 735103.0], [0.13807, 975760.0], [0.13806, 513826.0], [0.13805, 715121.0], [0.13804, 918398.0], [0.13803, 648879.0], [0.13802, 970006.0], [0.13801, 1729925.0], [0.138, 531400.0], [0.13799, 858497.0]], "asks": [[0.13819, 224852.0], [0.1382, 572413.0], [0.13821, 468969.0], [0.13822, 298866.0], [0.13823, 931496.0], [0.13824, 639955.0], [0.13825, 528533.0], [0.13826, 941434.0], [0.13827, 689766.0], [0.13828, 347635.0], [0.13829, 777623.0], [0.1383, 516440.0], [0.13831, 476768.0], [0.13832, 511489.0], [0.13833, 317818.0], [0.13834, 378549.0], [0.13835, 908802.0], [0.13836, 377450.0], [0.13837, 1190203.0], [0.13838, 596934.0]], "timestamp": "2025-12-11T11:40:47.001076+00:00"}, {"symbol": "DOGEUSDT", "bids": [[0.13813, 52507.0], [0.13812, 189629.0], [0.13811, 255431.0], [0.1381, 442788.0], [0.13809, 678949.0], [0.13808, 806846.0], [0.13807, 917291.0], [0.13806, 959128.0], [0.13805, 776685.0], [0.13804, 894692.0], [0.13803, 710864.0], [0.13802, 1201266.0], [0.13801, 747635.0], [0.138, 596364.0], [0.13799, 456836.0], [0.13798, 769022.0], [0.13797, 720435.0], [0.13796, 812093.0], [0.13795, 719921.0], [0.13794, 1619878.0]], "asks": [[0.13814, 245831.0], [0.13815, 214106.0], [0.13816, 424509.0], [0.13817, 446895.0], [0.13818, 655102.0], [0.13819, 875391.0], [0.1382, 822678.0], [0.13821, 590216.0], [0.13822, 635342.0], [0.13823, 625939.0], [0.13824, 361469.0], [0.13825, 373008.0], [0.13826, 550860.0], [0.13827, 533383.0], [0.13828, 300238.0], [0.13829, 655927.0], [0.1383, 549399.0], [0.13831, 636373.0], [0.13832, 596160.0], [0.13833, 1100490.0]], "timestamp": "2025-12-11T11:41:43.957425+00:00"}, {"symbol": "DOGEUSDT", "bids": [[0.13807, 64921.0], [0.13806, 9605.0], [0.13805, 315185.0], [0.13804, 545876.0], [0.13803, 598703.0], [0.13802, 699023.0], [0.13801, 1061294.0], [0.138, 824667.0], [0.13799, 539387.0], [0.13798, 694741.0], [0.13797, 662514.0], [0.13796, 741584.0], [0.13795, 847722.0], [0.13794, 637275.0], [0.13793, 496542.0], [0.13792, 1258539.0], [0.13791, 548031.0], [0.1379, 388402.0], [0.13789, 1031137.0], [0.13788, 1500697.0]], "asks": [[0.13808, 520137.0], [0.13809, 600772.0], [0.1381, 533511.0], [0.13811, 589964.0], [0.13812, 869413.0], [0.13813, 911011.0], [0.13814, 430946.0], [0.13815, 822796.0], [0.13816, 1121670.0], [0.13817, 536828.0], [0.13818, 442764.0], [0.13819, 619952.0], [0.1382, 366544.0], [0.13821, 386921.0], [0.13822, 662767.0], [0.13823, 673739.0], [0.13824, 619458.0], [0.13825, 510432.0], [0.13826, 503952.0], [0.13827, 529294.0]], "timestamp": "2025-12-11T11:42:41.775803+00:00"}, {"symbol": "DOGEUSDT", "bids": [[0.13806, 215782.0], [0.13805, 505276.0], [0.13804, 372561.0], [0.13803, 701568.0], [0.13802, 766882.0], [0.13801, 1059425.0], [0.138, 606924.0], [0.13799, 366954.0], [0.13798, 662249.0], [0.13797, 545807.0], [0.13796, 476996.0], [0.13795, 688431.0], [0.13794, 408435.0], [0.13793, 649811.0], [0.13792, 1846580.0], [0.13791, 402560.0], [0.1379, 499286.0], [0.13789, 374388.0], [0.13788, 955549.0], [0.13787, 820901.0]], "asks": [[0.13807, 40786.0], [0.13808, 126667.0], [0.13809, 327921.0], [0.1381, 548674.0], [0.13811, 506438.0], [0.13812, 762531.0], [0.13813, 571781.0], [0.13814, 331387.0], [0.13815, 444404.0], [0.13816, 749817.0], [0.13817, 338884.0], [0.13818, 546945.0], [0.13819, 653330.0], [0.1382, 456814.0], [0.13821, 407657.0], [0.13822, 636448.0], [0.13823, 653921.0], [0.13824, 508018.0], [0.13825, 618221.0], [0.13826, 1474636.0]], "timestamp": "2025-12-11T11:43:38.065920+00:00"}, {"symbol": "DOGEUSDT", "bids": [[0.13816, 240845.0], [0.13815, 284672.0], [0.13814, 378187.0], [0.13813, 589725.0], [0.13812, 803374.0], [0.13811, 673111.0], [0.1381, 876054.0], [0.13809, 368477.0], [0.13808, 483324.0], [0.13807, 767498.0], [0.13806, 374283.0], [0.13805, 551271.0], [0.13804, 505390.0], [0.13803, 746857.0], [0.13802, 1386649.0], [0.13801, 1242751.0], [0.138, 910590.0], [0.13799, 966830.0], [0.13798, 1206284.0], [0.13797, 619651.0]], "asks": [[0.13817, 239292.0], [0.13818, 91842.0], [0.13819, 175925.0], [0.1382, 279574.0], [0.13821, 638463.0], [0.13822, 743080.0], [0.13823, 758361.0], [0.13824, 320449.0], [0.13825, 264051.0], [0.13826, 501271.0], [0.13827, 670374.0], [0.13828, 457973.0], [0.13829, 470125.0], [0.1383, 361930.0], [0.13831, 482050.0], [0.13832, 500097.0], [0.13833, 408050.0], [0.13834, 778895.0], [0.13835, 1539439.0], [0.13836, 311441.0]], "timestamp": "2025-12-11T11:44:37.335577+00:00"}, {"symbol": "DOGEUSDT", "bids": [[0.13816, 91474.0], [0.13815, 139317.0], [0.13814, 284246.0], [0.13813, 679106.0], [0.13812, 821116.0], [0.13811, 930774.0], [0.1381, 1036117.0], [0.13809, 544330.0], [0.13808, 436898.0], [0.13807, 753231.0], [0.13806, 360212.0], [0.13805, 601191.0], [0.13804, 602841.0], [0.13803, 727879.0], [0.13802, 1564323.0], [0.13801, 879821.0], [0.138, 1210892.0], [0.13799, 865764.0], [0.13798, 1188576.0], [0.13797, 632061.0]], "asks": [[0.13817, 284963.0], [0.13818, 114871.0], [0.13819, 278029.0], [0.1382, 451788.0], [0.13821, 564888.0], [0.13822, 874003.0], [0.13823, 649142.0], [0.13824, 327719.0], [0.13825, 284019.0], [0.13826, 721098.0], [0.13827, 636364.0], [0.13828, 364464.0], [0.13829, 525790.0], [0.1383, 354407.0], [0.13831, 514855.0], [0.13832, 763047.0], [0.13833, 556835.0], [0.13834, 629932.0], [0.13835, 1629840.0], [0.13836, 296474.0]], "timestamp": "2025-12-11T11:45:35.909710+00:00"}, {"symbol": "DOGEUSDT", "bids": [[0.13806, 129584.0], [0.13805, 127378.0], [0.13804, 447116.0], [0.13803, 268571.0], [0.13802, 607032.0], [0.13801, 807541.0], [0.138, 664115.0], [0.13799, 670634.0], [0.13798, 537341.0], [0.13797, 602387.0], [0.13796, 701007.0], [0.13795, 1083224.0], [0.13794, 534291.0], [0.13793, 489359.0], [0.13792, 977156.0], [0.13791, 779300.0], [0.1379, 367794.0], [0.13789, 603893.0], [0.13788, 1767985.0], [0.13787, 758061.0]], "asks": [[0.13807, 418520.0], [0.13808, 270278.0], [0.13809, 447759.0], [0.1381, 586787.0], [0.13811, 632128.0], [0.13812, 784990.0], [0.13813, 717579.0], [0.13814, 421470.0], [0.13815, 531717.0], [0.13816, 769246.0], [0.13817, 563458.0], [0.13818, 447997.0], [0.13819, 436396.0], [0.1382, 236779.0], [0.13821, 481200.0], [0.13822, 703630.0], [0.13823, 826519.0], [0.13824, 1506142.0], [0.13825, 543085.0], [0.13826, 995976.0]], "timestamp": "2025-12-11T11:46:35.754923+00:00"}, {"symbol": "DOGEUSDT", "bids": [[0.13816, 354020.0], [0.13815, 265365.0], [0.13814, 319478.0], [0.13813, 289898.0], [0.13812, 883071.0], [0.13811, 942106.0], [0.1381, 1236872.0], [0.13809, 539412.0], [0.13808, 489771.0], [0.13807, 491491.0], [0.13806, 232307.0], [0.13805, 555653.0], [0.13804, 711019.0], [0.13803, 1203747.0], [0.13802, 652598.0], [0.13801, 1002894.0], [0.138, 864578.0], [0.13799, 698159.0], [0.13798, 968142.0], [0.13797, 626973.0]], "asks": [[0.13817, 20151.0], [0.13818, 176049.0], [0.13819, 127754.0], [0.1382, 212596.0], [0.13821, 392760.0], [0.13822, 810184.0], [0.13823, 860380.0], [0.13824, 341087.0], [0.13825, 274972.0], [0.13826, 575034.0], [0.13827, 574345.0], [0.13828, 287656.0], [0.13829, 613989.0], [0.1383, 362264.0], [0.13831, 623285.0], [0.13832, 708759.0], [0.13833, 418960.0], [0.13834, 494667.0], [0.13835, 1085808.0], [0.13836, 744026.0]], "timestamp": "2025-12-11T11:47:34.971008+00:00"}, {"symbol": "DOGEUSDT", "bids": [[0.13814, 16663.0], [0.13813, 96890.0], [0.13812, 342984.0], [0.13811, 410468.0], [0.1381, 642766.0], [0.13809, 491482.0], [0.13808, 622771.0], [0.13807, 634596.0], [0.13806, 424145.0], [0.13805, 693700.0], [0.13804, 735674.0], [0.13803, 510767.0], [0.13802, 752652.0], [0.13801, 890350.0], [0.138, 802470.0], [0.13799, 557405.0], [0.13798, 824072.0], [0.13797, 1251417.0], [0.13796, 589638.0], [0.13795, 834592.0]], "asks": [[0.13815, 522659.0], [0.13816, 455036.0], [0.13817, 201195.0], [0.13818, 404120.0], [0.13819, 869198.0], [0.1382, 383700.0], [0.13821, 473113.0], [0.13822, 635715.0], [0.13823, 657575.0], [0.13824, 336831.0], [0.13825, 363530.0], [0.13826, 607804.0], [0.13827, 619702.0], [0.13828, 441808.0], [0.13829, 548939.0], [0.1383, 913644.0], [0.13831, 504491.0], [0.13832, 687538.0], [0.13833, 1043979.0], [0.13834, 771702.0]], "timestamp": "2025-12-11T11:48:31.747222+00:00"}, {"symbol": "DOGEUSDT", "bids": [[0.13807, 12487.0], [0.13806, 24928.0], [0.13805, 291024.0], [0.13804, 474497.0], [0.13803, 522113.0], [0.13802, 605685.0], [0.13801, 673279.0], [0.138, 758528.0], [0.13799, 472026.0], [0.13798, 575227.0], [0.13797, 636454.0], [0.13796, 613512.0], [0.13795, 835349.0], [0.13794, 741124.0], [0.13793, 767857.0], [0.13792, 1179198.0], [0.13791, 695848.0], [0.1379, 567388.0], [0.13789, 1853704.0], [0.13788, 1224427.0]], "asks": [[0.13808, 585229.0], [0.13809, 356754.0], [0.1381, 472203.0], [0.13811, 637272.0], [0.13812, 702518.0], [0.13813, 827790.0], [0.13814, 297672.0], [0.13815, 646712.0], [0.13816, 597260.0], [0.13817, 382657.0], [0.13818, 460839.0], [0.13819, 629722.0], [0.1382, 384156.0], [0.13821, 332793.0], [0.13822, 694132.0], [0.13823, 653813.0], [0.13824, 423248.0], [0.13825, 718850.0], [0.13826, 485707.0], [0.13827, 1302762.0]], "timestamp": "2025-12-11T11:49:28.749257+00:00"}, {"symbol": "DOGEUSDT", "bids": [[0.13802, 109950.0], [0.13801, 367402.0], [0.138, 284187.0], [0.13799, 408500.0], [0.13798, 855643.0], [0.13797, 595129.0], [0.13796, 1073255.0], [0.13795, 626533.0], [0.13794, 429359.0], [0.13793, 373582.0], [0.13792, 979015.0], [0.13791, 642623.0], [0.1379, 434462.0], [0.13789, 444161.0], [0.13788, 821120.0], [0.13787, 721097.0], [0.13786, 1624658.0], [0.13785, 473901.0], [0.13784, 717442.0], [0.13783, 1046756.0]], "asks": [[0.13803, 159378.0], [0.13804, 234658.0], [0.13805, 458307.0], [0.13806, 861484.0], [0.13807, 1192353.0], [0.13808, 707355.0], [0.13809, 844435.0], [0.1381, 481507.0], [0.13811, 619793.0], [0.13812, 711823.0], [0.13813, 268838.0], [0.13814, 306151.0], [0.13815, 679659.0], [0.13816, 808085.0], [0.13817, 328080.0], [0.13818, 563982.0], [0.13819, 761599.0], [0.1382, 537598.0], [0.13821, 645549.0], [0.13822, 596551.0]], "timestamp": "2025-12-11T11:50:25.700013+00:00"}, {"symbol": "DOGEUSDT", "bids": [[0.13795, 167744.0], [0.13794, 168327.0], [0.13793, 270004.0], [0.13792, 375271.0], [0.13791, 801856.0], [0.1379, 788390.0], [0.13789, 530827.0], [0.13788, 785914.0], [0.13787, 766744.0], [0.13786, 324409.0], [0.13785, 379697.0], [0.13784, 624649.0], [0.13783, 829063.0], [0.13782, 856314.0], [0.13781, 1102312.0], [0.1378, 763389.0], [0.13779, 1057847.0], [0.13778, 625625.0], [0.13777, 530998.0], [0.13776, 1580826.0]], "asks": [[0.13796, 90543.0], [0.13797, 143945.0], [0.13798, 626848.0], [0.13799, 806948.0], [0.138, 989020.0], [0.13801, 651209.0], [0.13802, 1036407.0], [0.13803, 735331.0], [0.13804, 427060.0], [0.13805, 499525.0], [0.13806, 594468.0], [0.13807, 457385.0], [0.13808, 508695.0], [0.13809, 496529.0], [0.1381, 510391.0], [0.13811, 851534.0], [0.13812, 712773.0], [0.13813, 223504.0], [0.13814, 432637.0], [0.13815, 1572862.0]], "timestamp": "2025-12-11T11:51:23.359080+00:00"}, {"symbol": "DOGEUSDT", "bids": [[0.1381, 58690.0], [0.13809, 184652.0], [0.13808, 406736.0], [0.13807, 770667.0], [0.13806, 1083509.0], [0.13805, 914605.0], [0.13804, 666743.0], [0.13803, 533258.0], [0.13802, 703961.0], [0.13801, 825328.0], [0.138, 397883.0], [0.13799, 541662.0], [0.13798, 467527.0], [0.13797, 604985.0], [0.13796, 1122437.0], [0.13795, 975048.0], [0.13794, 1274285.0], [0.13793, 794306.0], [0.13792, 728499.0], [0.13791, 527066.0]], "asks": [[0.13811, 344457.0], [0.13812, 400378.0], [0.13813, 552979.0], [0.13814, 322238.0], [0.13815, 655480.0], [0.13816, 454230.0], [0.13817, 343589.0], [0.13818, 568034.0], [0.13819, 776061.0], [0.1382, 233751.0], [0.13821, 566213.0], [0.13822, 702141.0], [0.13823, 614587.0], [0.13824, 467394.0], [0.13825, 324726.0], [0.13826, 695585.0], [0.13827, 648870.0], [0.13828, 420186.0], [0.13829, 562895.0], [0.1383, 756848.0]], "timestamp": "2025-12-11T11:52:20.126304+00:00"}, {"symbol": "DOGEUSDT", "bids": [[0.138, 201662.0], [0.13799, 233992.0], [0.13798, 600130.0], [0.13797, 630939.0], [0.13796, 1406657.0], [0.13795, 718152.0], [0.13794, 557259.0], [0.13793, 800188.0], [0.13792, 610759.0], [0.13791, 653491.0], [0.1379, 644696.0], [0.13789, 535392.0], [0.13788, 895138.0], [0.13787, 719141.0], [0.13786, 385373.0], [0.13785, 560630.0], [0.13784, 1314755.0], [0.13783, 2126030.0], [0.13782, 848329.0], [0.13781, 588045.0]], "asks": [[0.13801, 126620.0], [0.13802, 161977.0], [0.13803, 235830.0], [0.13804, 492744.0], [0.13805, 665079.0], [0.13806, 738290.0], [0.13807, 830782.0], [0.13808, 243441.0], [0.13809, 514516.0], [0.1381, 532400.0], [0.13811, 524761.0], [0.13812, 613690.0], [0.13813, 469531.0], [0.13814, 385367.0], [0.13815, 825820.0], [0.13816, 681923.0], [0.13817, 376014.0], [0.13818, 515732.0], [0.13819, 672960.0], [0.1382, 1201954.0]], "timestamp": "2025-12-11T11:53:16.857415+00:00"}, {"symbol": "DOGEUSDT", "bids": [[0.1381, 11176.0], [0.13809, 86009.0], [0.13808, 248757.0], [0.13807, 395262.0], [0.13806, 1002823.0], [0.13805, 695319.0], [0.13804, 926482.0], [0.13803, 1056956.0], [0.13802, 1151733.0], [0.13801, 613550.0], [0.138, 859105.0], [0.13799, 795759.0], [0.13798, 875641.0], [0.13797, 807127.0], [0.13796, 1297196.0], [0.13795, 639130.0], [0.13794, 704427.0], [0.13793, 620494.0], [0.13792, 378079.0], [0.13791, 1373300.0]], "asks": [[0.13811, 305498.0], [0.13812, 376182.0], [0.13813, 528106.0], [0.13814, 379264.0], [0.13815, 617959.0], [0.13816, 542439.0], [0.13817, 431679.0], [0.13818, 412766.0], [0.13819, 633364.0], [0.1382, 265825.0], [0.13821, 643997.0], [0.13822, 729911.0], [0.13823, 863219.0], [0.13824, 448642.0], [0.13825, 319973.0], [0.13826, 540283.0], [0.13827, 666915.0], [0.13828, 420186.0], [0.13829, 605756.0], [0.1383, 747722.0]], "timestamp": "2025-12-11T11:54:13.111709+00:00"}, {"symbol": "DOGEUSDT", "bids": [[0.13807, 132206.0], [0.13806, 242556.0], [0.13805, 626902.0], [0.13804, 448702.0], [0.13803, 836048.0], [0.13802, 974104.0], [0.13801, 718938.0], [0.138, 522896.0], [0.13799, 556256.0], [0.13798, 517337.0], [0.13797, 680831.0], [0.13796, 1062185.0], [0.13795, 729772.0], [0.13794, 658543.0], [0.13793, 982159.0], [0.13792, 557711.0], [0.13791, 1353276.0], [0.1379, 862350.0], [0.13789, 693577.0], [0.13788, 784808.0]], "asks": [[0.13808, 154580.0], [0.13809, 115364.0], [0.1381, 445748.0], [0.13811, 240912.0], [0.13812, 686342.0], [0.13813, 612877.0], [0.13814, 389349.0], [0.13815, 648933.0], [0.13816, 453406.0], [0.13817, 316716.0], [0.13818, 459556.0], [0.13819, 788337.0], [0.1382, 355403.0], [0.13821, 481182.0], [0.13822, 696820.0], [0.13823, 750113.0], [0.13824, 625989.0], [0.13825, 561927.0], [0.13826, 645625.0], [0.13827, 706687.0]], "timestamp": "2025-12-11T11:55:09.613170+00:00"}, {"symbol": "DOGEUSDT", "bids": [[0.13799, 463558.0], [0.13798, 538443.0], [0.13797, 443554.0], [0.13796, 460154.0], [0.13795, 860203.0], [0.13794, 903305.0], [0.13793, 614365.0], [0.13792, 621021.0], [0.13791, 880708.0], [0.1379, 361785.0], [0.13789, 506315.0], [0.13788, 703874.0], [0.13787, 850879.0], [0.13786, 637937.0], [0.13785, 1412912.0], [0.13784, 1026046.0], [0.13783, 1086475.0], [0.13782, 718868.0], [0.13781, 774252.0], [0.1378, 650630.0]], "asks": [[0.138, 19896.0], [0.13801, 38213.0], [0.13802, 153624.0], [0.13803, 396825.0], [0.13804, 929523.0], [0.13805, 506380.0], [0.13806, 530841.0], [0.13807, 667860.0], [0.13808, 211314.0], [0.13809, 315744.0], [0.1381, 516975.0], [0.13811, 564279.0], [0.13812, 507189.0], [0.13813, 475132.0], [0.13814, 472337.0], [0.13815, 896904.0], [0.13816, 752711.0], [0.13817, 330600.0], [0.13818, 398809.0], [0.13819, 1305372.0]], "timestamp": "2025-12-11T11:56:05.676660+00:00"}, {"symbol": "DOGEUSDT", "bids": [[0.13793, 132735.0], [0.13792, 256179.0], [0.13791, 315786.0], [0.1379, 517932.0], [0.13789, 638369.0], [0.13788, 930775.0], [0.13787, 871095.0], [0.13786, 670937.0], [0.13785, 642703.0], [0.13784, 742379.0], [0.13783, 683010.0], [0.13782, 706627.0], [0.13781, 575610.0], [0.1378, 711254.0], [0.13779, 863373.0], [0.13778, 1175020.0], [0.13777, 485840.0], [0.13776, 831241.0], [0.13775, 2343289.0], [0.13774, 670217.0]], "asks": [[0.13794, 101372.0], [0.13795, 291172.0], [0.13796, 480284.0], [0.13797, 760343.0], [0.13798, 1025090.0], [0.13799, 822974.0], [0.138, 648384.0], [0.13801, 438294.0], [0.13802, 291652.0], [0.13803, 573287.0], [0.13804, 438600.0], [0.13805, 316762.0], [0.13806, 712767.0], [0.13807, 646630.0], [0.13808, 237756.0], [0.13809, 473304.0], [0.1381, 688853.0], [0.13811, 814783.0], [0.13812, 616043.0], [0.13813, 676086.0]], "timestamp": "2025-12-11T11:57:00.583432+00:00"}, {"symbol": "DOGEUSDT", "bids": [[0.13803, 134112.0], [0.13802, 250425.0], [0.13801, 245100.0], [0.138, 612978.0], [0.13799, 612381.0], [0.13798, 870036.0], [0.13797, 914385.0], [0.13796, 838237.0], [0.13795, 634567.0], [0.13794, 817191.0], [0.13793, 664231.0], [0.13792, 842603.0], [0.13791, 1061257.0], [0.1379, 1050424.0], [0.13789, 1262608.0], [0.13788, 699136.0], [0.13787, 596125.0], [0.13786, 332524.0], [0.13785, 766158.0], [0.13784, 1007619.0]], "asks": [[0.13804, 35953.0], [0.13805, 180298.0], [0.13806, 328448.0], [0.13807, 803438.0], [0.13808, 588692.0], [0.13809, 486716.0], [0.1381, 527354.0], [0.13811, 549892.0], [0.13812, 592876.0], [0.13813, 446647.0], [0.13814, 308741.0], [0.13815, 597390.0], [0.13816, 538823.0], [0.13817, 326201.0], [0.13818, 500394.0], [0.13819, 766267.0], [0.1382, 523416.0], [0.13821, 565385.0], [0.13822, 1269108.0], [0.13823, 793101.0]], "timestamp": "2025-12-11T11:57:59.337754+00:00"}, {"symbol": "DOGEUSDT", "bids": [[0.13809, 43585.0], [0.13808, 198633.0], [0.13807, 342570.0], [0.13806, 787192.0], [0.13805, 1315076.0], [0.13804, 911315.0], [0.13803, 588347.0], [0.13802, 566898.0], [0.13801, 626249.0], [0.138, 767700.0], [0.13799, 439650.0], [0.13798, 517701.0], [0.13797, 721777.0], [0.13796, 670137.0], [0.13795, 920133.0], [0.13794, 1179787.0], [0.13793, 849899.0], [0.13792, 1846002.0], [0.13791, 1122264.0], [0.1379, 590212.0]], "asks": [[0.1381, 222817.0], [0.13811, 332568.0], [0.13812, 380085.0], [0.13813, 496317.0], [0.13814, 643628.0], [0.13815, 545902.0], [0.13816, 673886.0], [0.13817, 327687.0], [0.13818, 406075.0], [0.13819, 619837.0], [0.1382, 330947.0], [0.13821, 665377.0], [0.13822, 765994.0], [0.13823, 689883.0], [0.13824, 367485.0], [0.13825, 600813.0], [0.13826, 591036.0], [0.13827, 923081.0], [0.13828, 452346.0], [0.13829, 1210468.0]], "timestamp": "2025-12-11T11:58:58.052438+00:00"}, {"symbol": "DOGEUSDT", "bids": [[0.13792, 437006.0], [0.13791, 120785.0], [0.1379, 135785.0], [0.13789, 373664.0], [0.13788, 511252.0], [0.13787, 629661.0], [0.13786, 583903.0], [0.13785, 508937.0], [0.13784, 599457.0], [0.13783, 696884.0], [0.13782, 567854.0], [0.13781, 710554.0], [0.1378, 589563.0], [0.13779, 589616.0], [0.13778, 628297.0], [0.13777, 799194.0], [0.13776, 920637.0], [0.13775, 1034460.0], [0.13774, 528015.0], [0.13773, 1102649.0]], "asks": [[0.13793, 227412.0], [0.13794, 222952.0], [0.13795, 408071.0], [0.13796, 680490.0], [0.13797, 730112.0], [0.13798, 494471.0], [0.13799, 645779.0], [0.138, 630225.0], [0.13801, 860611.0], [0.13802, 337146.0], [0.13803, 544260.0], [0.13804, 549122.0], [0.13805, 508371.0], [0.13806, 630146.0], [0.13807, 582851.0], [0.13808, 1504222.0], [0.13809, 825713.0], [0.1381, 310267.0], [0.13811, 303319.0], [0.13812, 435327.0]], "timestamp": "2025-12-11T11:59:53.346620+00:00"}, {"symbol": "DOGEUSDT", "bids": [[0.13783, 261702.0], [0.13782, 410234.0], [0.13781, 665661.0], [0.1378, 843386.0], [0.13779, 709034.0], [0.13778, 541210.0], [0.13777, 822391.0], [0.13776, 1039483.0], [0.13775, 539600.0], [0.13774, 642695.0], [0.13773, 304226.0], [0.13772, 630318.0], [0.13771, 688196.0], [0.1377, 467536.0], [0.13769, 363505.0], [0.13768, 868091.0], [0.13767, 1565484.0], [0.13766, 546388.0], [0.13765, 782609.0], [0.13764, 913480.0]], "asks": [[0.13784, 84561.0], [0.13785, 153477.0], [0.13786, 293301.0], [0.13787, 395073.0], [0.13788, 513197.0], [0.13789, 499848.0], [0.1379, 581371.0], [0.13791, 416131.0], [0.13792, 651695.0], [0.13793, 499798.0], [0.13794, 427866.0], [0.13795, 550038.0], [0.13796, 658826.0], [0.13797, 513624.0], [0.13798, 831044.0], [0.13799, 712240.0], [0.138, 429682.0], [0.13801, 1177012.0], [0.13802, 274753.0], [0.13803, 773864.0]], "timestamp": "2025-12-11T12:00:51.231556+00:00"}, {"symbol": "DOGEUSDT", "bids": [[0.13791, 159585.0], [0.1379, 204517.0], [0.13789, 391713.0], [0.13788, 455387.0], [0.13787, 498171.0], [0.13786, 817344.0], [0.13785, 599928.0], [0.13784, 932105.0], [0.13783, 660994.0], [0.13782, 462321.0], [0.13781, 554484.0], [0.1378, 632327.0], [0.13779, 331678.0], [0.13778, 671342.0], [0.13777, 832833.0], [0.13776, 1439560.0], [0.13775, 911544.0], [0.13774, 724360.0], [0.13773, 506891.0], [0.13772, 940421.0]], "asks": [[0.13792, 86273.0], [0.13793, 135484.0], [0.13794, 202637.0], [0.13795, 341990.0], [0.13796, 760718.0], [0.13797, 620435.0], [0.13798, 372147.0], [0.13799, 541410.0], [0.138, 593855.0], [0.13801, 592324.0], [0.13802, 527537.0], [0.13803, 566349.0], [0.13804, 504075.0], [0.13805, 433483.0], [0.13806, 555760.0], [0.13807, 666239.0], [0.13808, 1455790.0], [0.13809, 775264.0], [0.1381, 214063.0], [0.13811, 377618.0]], "timestamp": "2025-12-11T12:01:48.321066+00:00"}, {"symbol": "DOGEUSDT", "bids": [[0.13792, 195865.0], [0.13791, 263526.0], [0.1379, 499623.0], [0.13789, 732171.0], [0.13788, 745610.0], [0.13787, 680778.0], [0.13786, 856449.0], [0.13785, 771282.0], [0.13784, 518607.0], [0.13783, 308964.0], [0.13782, 340350.0], [0.13781, 716389.0], [0.1378, 581185.0], [0.13779, 628794.0], [0.13778, 740821.0], [0.13777, 1021711.0], [0.13776, 2034346.0], [0.13775, 809347.0], [0.13774, 487815.0], [0.13773, 536005.0]], "asks": [[0.13793, 35672.0], [0.13794, 72731.0], [0.13795, 252949.0], [0.13796, 196438.0], [0.13797, 701203.0], [0.13798, 675293.0], [0.13799, 689671.0], [0.138, 725635.0], [0.13801, 691414.0], [0.13802, 569799.0], [0.13803, 673470.0], [0.13804, 501666.0], [0.13805, 625119.0], [0.13806, 604268.0], [0.13807, 474803.0], [0.13808, 823002.0], [0.13809, 890287.0], [0.1381, 264453.0], [0.13811, 505919.0], [0.13812, 1359235.0]], "timestamp": "2025-12-11T12:02:44.969011+00:00"}, {"symbol": "DOGEUSDT", "bids": [[0.13787, 244586.0], [0.13786, 279714.0], [0.13785, 691574.0], [0.13784, 574520.0], [0.13783, 651925.0], [0.13782, 749008.0], [0.13781, 875851.0], [0.1378, 674890.0], [0.13779, 403940.0], [0.13778, 546897.0], [0.13777, 470086.0], [0.13776, 969189.0], [0.13775, 702883.0], [0.13774, 453802.0], [0.13773, 1306804.0], [0.13772, 494964.0], [0.13771, 729759.0], [0.1377, 761981.0], [0.13769, 811499.0], [0.13768, 962114.0]], "asks": [[0.13788, 81719.0], [0.13789, 111914.0], [0.1379, 198638.0], [0.13791, 390824.0], [0.13792, 710175.0], [0.13793, 667002.0], [0.13794, 910732.0], [0.13795, 455590.0], [0.13796, 514461.0], [0.13797, 788570.0], [0.13798, 438903.0], [0.13799, 547773.0], [0.138, 690538.0], [0.13801, 699631.0], [0.13802, 422408.0], [0.13803, 1008355.0], [0.13804, 349784.0], [0.13805, 453371.0], [0.13806, 718540.0], [0.13807, 1104270.0]], "timestamp": "2025-12-11T12:03:42.473458+00:00"}, {"symbol": "DOGEUSDT", "bids": [[0.13781, 147464.0], [0.1378, 208920.0], [0.13779, 179360.0], [0.13778, 376695.0], [0.13777, 733140.0], [0.13776, 795463.0], [0.13775, 758799.0], [0.13774, 758391.0], [0.13773, 555017.0], [0.13772, 729160.0], [0.13771, 717899.0], [0.1377, 842135.0], [0.13769, 932085.0], [0.13768, 754808.0], [0.13767, 448440.0], [0.13766, 952683.0], [0.13765, 1515726.0], [0.13764, 1024334.0], [0.13763, 967936.0], [0.13762, 832797.0]], "asks": [[0.13782, 172715.0], [0.13783, 338488.0], [0.13784, 374413.0], [0.13785, 746752.0], [0.13786, 787988.0], [0.13787, 976526.0], [0.13788, 1023356.0], [0.13789, 849458.0], [0.1379, 612591.0], [0.13791, 546693.0], [0.13792, 411108.0], [0.13793, 497730.0], [0.13794, 558302.0], [0.13795, 309090.0], [0.13796, 505221.0], [0.13797, 687390.0], [0.13798, 724743.0], [0.13799, 1194918.0], [0.138, 630111.0], [0.13801, 693887.0]], "timestamp": "2025-12-11T12:04:40.069508+00:00"}, {"symbol": "DOGEUSDT", "bids": [[0.13782, 245681.0], [0.13781, 630199.0], [0.1378, 453935.0], [0.13779, 549724.0], [0.13778, 499209.0], [0.13777, 490532.0], [0.13776, 654708.0], [0.13775, 707425.0], [0.13774, 1115030.0], [0.13773, 854475.0], [0.13772, 578351.0], [0.13771, 424741.0], [0.1377, 763528.0], [0.13769, 536451.0], [0.13768, 575040.0], [0.13767, 821997.0], [0.13766, 748159.0], [0.13765, 1520517.0], [0.13764, 969387.0], [0.13763, 410259.0]], "asks": [[0.13783, 12061.0], [0.13784, 83189.0], [0.13785, 105186.0], [0.13786, 416411.0], [0.13787, 388634.0], [0.13788, 669506.0], [0.13789, 591557.0], [0.1379, 378978.0], [0.13791, 613222.0], [0.13792, 424957.0], [0.13793, 627294.0], [0.13794, 574912.0], [0.13795, 520351.0], [0.13796, 481093.0], [0.13797, 694304.0], [0.13798, 703690.0], [0.13799, 358567.0], [0.138, 648014.0], [0.13801, 1218088.0], [0.13802, 854448.0]], "timestamp": "2025-12-11T12:05:36.987921+00:00"}, {"symbol": "DOGEUSDT", "bids": [[0.13777, 38387.0], [0.13776, 157895.0], [0.13775, 114846.0], [0.13774, 356482.0], [0.13773, 545342.0], [0.13772, 691419.0], [0.13771, 790608.0], [0.1377, 842717.0], [0.13769, 597232.0], [0.13768, 469452.0], [0.13767, 686466.0], [0.13766, 558982.0], [0.13765, 521429.0], [0.13764, 851319.0], [0.13763, 831635.0], [0.13762, 860750.0], [0.13761, 899010.0], [0.1376, 642110.0], [0.13759, 591869.0], [0.13758, 561687.0]], "asks": [[0.13778, 450952.0], [0.13779, 558117.0], [0.1378, 748033.0], [0.13781, 561536.0], [0.13782, 839472.0], [0.13783, 703070.0], [0.13784, 604605.0], [0.13785, 682467.0], [0.13786, 368515.0], [0.13787, 341146.0], [0.13788, 548867.0], [0.13789, 611006.0], [0.1379, 234858.0], [0.13791, 500336.0], [0.13792, 507918.0], [0.13793, 871803.0], [0.13794, 504810.0], [0.13795, 412406.0], [0.13796, 814636.0], [0.13797, 1301945.0]], "timestamp": "2025-12-11T12:06:32.507252+00:00"}, {"symbol": "DOGEUSDT", "bids": [[0.13754, 88654.0], [0.13753, 93762.0], [0.13752, 284420.0], [0.13751, 320932.0], [0.1375, 958297.0], [0.13749, 553861.0], [0.13748, 784380.0], [0.13747, 464579.0], [0.13746, 604772.0], [0.13745, 525477.0], [0.13744, 741053.0], [0.13743, 1414401.0], [0.13742, 609704.0], [0.13741, 578731.0], [0.1374, 714701.0], [0.13739, 1844219.0], [0.13738, 688980.0], [0.13737, 799400.0], [0.13736, 326905.0], [0.13735, 518357.0]], "asks": [[0.13755, 217303.0], [0.13756, 427877.0], [0.13757, 665051.0], [0.13758, 537812.0], [0.13759, 676413.0], [0.1376, 526704.0], [0.13761, 768393.0], [0.13762, 729008.0], [0.13763, 638900.0], [0.13764, 706813.0], [0.13765, 489616.0], [0.13766, 610645.0], [0.13767, 691849.0], [0.13768, 302697.0], [0.13769, 268402.0], [0.1377, 590359.0], [0.13771, 438257.0], [0.13772, 672322.0], [0.13773, 1513848.0], [0.13774, 710518.0]], "timestamp": "2025-12-11T12:07:27.676866+00:00"}, {"symbol": "DOGEUSDT", "bids": [[0.13755, 288338.0], [0.13754, 184389.0], [0.13753, 330800.0], [0.13752, 549723.0], [0.13751, 529611.0], [0.1375, 590770.0], [0.13749, 842354.0], [0.13748, 962301.0], [0.13747, 489035.0], [0.13746, 625193.0], [0.13745, 492299.0], [0.13744, 612620.0], [0.13743, 778392.0], [0.13742, 467776.0], [0.13741, 379532.0], [0.1374, 1641227.0], [0.13739, 1020296.0], [0.13738, 921634.0], [0.13737, 659169.0], [0.13736, 485604.0]], "asks": [[0.13756, 22920.0], [0.13757, 237220.0], [0.13758, 330092.0], [0.13759, 512210.0], [0.1376, 707657.0], [0.13761, 1094054.0], [0.13762, 636335.0], [0.13763, 539096.0], [0.13764, 630535.0], [0.13765, 404284.0], [0.13766, 608386.0], [0.13767, 586172.0], [0.13768, 540287.0], [0.13769, 467039.0], [0.1377, 707219.0], [0.13771, 571122.0], [0.13772, 401100.0], [0.13773, 955503.0], [0.13774, 1274130.0], [0.13775, 320579.0]], "timestamp": "2025-12-11T12:08:22.939610+00:00"}, {"symbol": "DOGEUSDT", "bids": [[0.13748, 210673.0], [0.13747, 368801.0], [0.13746, 385960.0], [0.13745, 604141.0], [0.13744, 565146.0], [0.13743, 721444.0], [0.13742, 626124.0], [0.13741, 397407.0], [0.1374, 695012.0], [0.13739, 409987.0], [0.13738, 690812.0], [0.13737, 829301.0], [0.13736, 662157.0], [0.13735, 584202.0], [0.13734, 1803757.0], [0.13733, 591941.0], [0.13732, 463398.0], [0.13731, 542167.0], [0.1373, 897855.0], [0.13729, 1115745.0]], "asks": [[0.13749, 12783.0], [0.1375, 138635.0], [0.13751, 243318.0], [0.13752, 625346.0], [0.13753, 1055198.0], [0.13754, 723057.0], [0.13755, 801378.0], [0.13756, 456367.0], [0.13757, 472390.0], [0.13758, 812695.0], [0.13759, 439720.0], [0.1376, 360417.0], [0.13761, 931696.0], [0.13762, 481611.0], [0.13763, 406898.0], [0.13764, 716496.0], [0.13765, 737821.0], [0.13766, 1349678.0], [0.13767, 531949.0], [0.13768, 813542.0]], "timestamp": "2025-12-11T12:09:18.661672+00:00"}, {"symbol": "DOGEUSDT", "bids": [[0.1375, 195856.0], [0.13749, 279895.0], [0.13748, 264009.0], [0.13747, 628389.0], [0.13746, 1118232.0], [0.13745, 635888.0], [0.13744, 879087.0], [0.13743, 789878.0], [0.13742, 625749.0], [0.13741, 359304.0], [0.1374, 671362.0], [0.13739, 448162.0], [0.13738, 806698.0], [0.13737, 710266.0], [0.13736, 796495.0], [0.13735, 693328.0], [0.13734, 1801095.0], [0.13733, 816526.0], [0.13732, 524458.0], [0.13731, 617468.0]], "asks": [[0.13751, 181903.0], [0.13752, 134797.0], [0.13753, 327541.0], [0.13754, 501961.0], [0.13755, 1263194.0], [0.13756, 351718.0], [0.13757, 379193.0], [0.13758, 729429.0], [0.13759, 365815.0], [0.1376, 447543.0], [0.13761, 763698.0], [0.13762, 777427.0], [0.13763, 347600.0], [0.13764, 515269.0], [0.13765, 369731.0], [0.13766, 539361.0], [0.13767, 501544.0], [0.13768, 729346.0], [0.13769, 1491056.0], [0.1377, 664602.0]], "timestamp": "2025-12-11T12:10:13.488960+00:00"}, {"symbol": "DOGEUSDT", "bids": [[0.13744, 185759.0], [0.13743, 133120.0], [0.13742, 261756.0], [0.13741, 482682.0], [0.1374, 742074.0], [0.13739, 813446.0], [0.13738, 960036.0], [0.13737, 678682.0], [0.13736, 366661.0], [0.13735, 621968.0], [0.13734, 830523.0], [0.13733, 456339.0], [0.13732, 935883.0], [0.13731, 636948.0], [0.1373, 1023813.0], [0.13729, 998611.0], [0.13728, 1443474.0], [0.13727, 778696.0], [0.13726, 1621839.0], [0.13725, 661169.0]], "asks": [[0.13745, 395534.0], [0.13746, 251524.0], [0.13747, 144110.0], [0.13748, 256482.0], [0.13749, 810811.0], [0.1375, 539075.0], [0.13751, 521867.0], [0.13752, 880867.0], [0.13753, 534139.0], [0.13754, 511052.0], [0.13755, 501571.0], [0.13756, 480030.0], [0.13757, 350931.0], [0.13758, 683473.0], [0.13759, 277450.0], [0.1376, 413460.0], [0.13761, 909337.0], [0.13762, 574994.0], [0.13763, 704935.0], [0.13764, 1345611.0]], "timestamp": "2025-12-11T12:11:07.882441+00:00"}, {"symbol": "DOGEUSDT", "bids": [[0.13752, 316012.0], [0.13751, 411351.0], [0.1375, 272472.0], [0.13749, 507452.0], [0.13748, 631524.0], [0.13747, 722863.0], [0.13746, 973692.0], [0.13745, 697091.0], [0.13744, 733358.0], [0.13743, 693918.0], [0.13742, 597963.0], [0.13741, 415526.0], [0.1374, 709276.0], [0.13739, 487339.0], [0.13738, 1593672.0], [0.13737, 865168.0], [0.13736, 346493.0], [0.13735, 579083.0], [0.13734, 759793.0], [0.13733, 569223.0]], "asks": [[0.13753, 18972.0], [0.13754, 125834.0], [0.13755, 215598.0], [0.13756, 330364.0], [0.13757, 613596.0], [0.13758, 662141.0], [0.13759, 412192.0], [0.1376, 530861.0], [0.13761, 763998.0], [0.13762, 577045.0], [0.13763, 472521.0], [0.13764, 502268.0], [0.13765, 503639.0], [0.13766, 514474.0], [0.13767, 567712.0], [0.13768, 740265.0], [0.13769, 802574.0], [0.1377, 825987.0], [0.13771, 1449218.0], [0.13772, 305086.0]], "timestamp": "2025-12-11T12:12:03.808683+00:00"}, {"symbol": "DOGEUSDT", "bids": [[0.13743, 238324.0], [0.13742, 193365.0], [0.13741, 340570.0], [0.1374, 528718.0], [0.13739, 731602.0], [0.13738, 993682.0], [0.13737, 885954.0], [0.13736, 418103.0], [0.13735, 545581.0], [0.13734, 840052.0], [0.13733, 331476.0], [0.13732, 595559.0], [0.13731, 573816.0], [0.1373, 877955.0], [0.13729, 932485.0], [0.13728, 1224436.0], [0.13727, 1255431.0], [0.13726, 1074389.0], [0.13725, 637897.0], [0.13724, 667865.0]], "asks": [[0.13744, 58978.0], [0.13745, 100334.0], [0.13746, 366065.0], [0.13747, 777447.0], [0.13748, 947533.0], [0.13749, 626566.0], [0.1375, 564683.0], [0.13751, 991038.0], [0.13752, 594518.0], [0.13753, 580836.0], [0.13754, 735457.0], [0.13755, 458783.0], [0.13756, 583220.0], [0.13757, 567396.0], [0.13758, 263133.0], [0.13759, 427105.0], [0.1376, 706389.0], [0.13761, 655657.0], [0.13762, 1388974.0], [0.13763, 654506.0]], "timestamp": "2025-12-11T12:12:59.384452+00:00"}, {"symbol": "DOGEUSDT", "bids": [[0.13752, 217866.0], [0.13751, 346058.0], [0.1375, 445240.0], [0.13749, 532256.0], [0.13748, 850249.0], [0.13747, 1102781.0], [0.13746, 817884.0], [0.13745, 470655.0], [0.13744, 563298.0], [0.13743, 1080318.0], [0.13742, 958344.0], [0.13741, 492430.0], [0.1374, 645957.0], [0.13739, 407237.0], [0.13738, 1379083.0], [0.13737, 1432739.0], [0.13736, 378023.0], [0.13735, 595602.0], [0.13734, 896067.0], [0.13733, 1030195.0]], "asks": [[0.13753, 115781.0], [0.13754, 259687.0], [0.13755, 174139.0], [0.13756, 513988.0], [0.13757, 809485.0], [0.13758, 479916.0], [0.13759, 726329.0], [0.1376, 842657.0], [0.13761, 650863.0], [0.13762, 639580.0], [0.13763, 447741.0], [0.13764, 603292.0], [0.13765, 509719.0], [0.13766, 604492.0], [0.13767, 449146.0], [0.13768, 489885.0], [0.13769, 481832.0], [0.1377, 803700.0], [0.13771, 1275246.0], [0.13772, 503705.0]], "timestamp": "2025-12-11T12:13:54.276162+00:00"}, {"symbol": "DOGEUSDT", "bids": [[0.1375, 216232.0], [0.13749, 217727.0], [0.13748, 270076.0], [0.13747, 515741.0], [0.13746, 919979.0], [0.13745, 650492.0], [0.13744, 665086.0], [0.13743, 932442.0], [0.13742, 464072.0], [0.13741, 406959.0], [0.1374, 670873.0], [0.13739, 340092.0], [0.13738, 751571.0], [0.13737, 588237.0], [0.13736, 706212.0], [0.13735, 1359023.0], [0.13734, 1004860.0], [0.13733, 1100862.0], [0.13732, 595326.0], [0.13731, 751415.0]], "asks": [[0.13751, 12761.0], [0.13752, 78352.0], [0.13753, 238254.0], [0.13754, 433819.0], [0.13755, 1362504.0], [0.13756, 636494.0], [0.13757, 954679.0], [0.13758, 988345.0], [0.13759, 666282.0], [0.1376, 475281.0], [0.13761, 819614.0], [0.13762, 668140.0], [0.13763, 417946.0], [0.13764, 462169.0], [0.13765, 528690.0], [0.13766, 503218.0], [0.13767, 586661.0], [0.13768, 911808.0], [0.13769, 357638.0], [0.1377, 822199.0]], "timestamp": "2025-12-11T12:14:49.583130+00:00"}, {"symbol": "DOGEUSDT", "bids": [[0.13757, 52768.0], [0.13756, 181696.0], [0.13755, 241027.0], [0.13754, 464997.0], [0.13753, 597834.0], [0.13752, 657030.0], [0.13751, 825073.0], [0.1375, 878115.0], [0.13749, 389542.0], [0.13748, 516582.0], [0.13747, 648270.0], [0.13746, 660057.0], [0.13745, 835926.0], [0.13744, 657246.0], [0.13743, 1050212.0], [0.13742, 490632.0], [0.13741, 603770.0], [0.1374, 695346.0], [0.13739, 1165309.0], [0.13738, 1134725.0]], "asks": [[0.13758, 428486.0], [0.13759, 268411.0], [0.1376, 582021.0], [0.13761, 676182.0], [0.13762, 1050907.0], [0.13763, 554034.0], [0.13764, 590010.0], [0.13765, 670097.0], [0.13766, 699175.0], [0.13767, 587705.0], [0.13768, 502162.0], [0.13769, 556244.0], [0.1377, 743376.0], [0.13771, 386870.0], [0.13772, 379375.0], [0.13773, 853126.0], [0.13774, 632600.0], [0.13775, 1164066.0], [0.13776, 726383.0], [0.13777, 314629.0]], "timestamp": "2025-12-11T12:15:43.969629+00:00"}, {"symbol": "DOGEUSDT", "bids": [[0.13762, 105516.0], [0.13761, 224330.0], [0.1376, 456764.0], [0.13759, 399464.0], [0.13758, 830007.0], [0.13757, 562356.0], [0.13756, 806733.0], [0.13755, 1204370.0], [0.13754, 699957.0], [0.13753, 769905.0], [0.13752, 598813.0], [0.13751, 547370.0], [0.1375, 608779.0], [0.13749, 576529.0], [0.13748, 539396.0], [0.13747, 951163.0], [0.13746, 2029297.0], [0.13745, 506641.0], [0.13744, 474032.0], [0.13743, 955696.0]], "asks": [[0.13763, 207363.0], [0.13764, 102829.0], [0.13765, 357755.0], [0.13766, 442394.0], [0.13767, 1033854.0], [0.13768, 507204.0], [0.13769, 521730.0], [0.1377, 683451.0], [0.13771, 487736.0], [0.13772, 410095.0], [0.13773, 536483.0], [0.13774, 756054.0], [0.13775, 830047.0], [0.13776, 695821.0], [0.13777, 433135.0], [0.13778, 735904.0], [0.13779, 599725.0], [0.1378, 628786.0], [0.13781, 1017329.0], [0.13782, 505728.0]], "timestamp": "2025-12-11T12:16:39.836795+00:00"}, {"symbol": "DOGEUSDT", "bids": [[0.13767, 163515.0], [0.13766, 328996.0], [0.13765, 495126.0], [0.13764, 483588.0], [0.13763, 757563.0], [0.13762, 713422.0], [0.13761, 956947.0], [0.1376, 749024.0], [0.13759, 1082199.0], [0.13758, 1076671.0], [0.13757, 331172.0], [0.13756, 453447.0], [0.13755, 849225.0], [0.13754, 292462.0], [0.13753, 357323.0], [0.13752, 690054.0], [0.13751, 1672907.0], [0.1375, 821321.0], [0.13749, 549819.0], [0.13748, 709132.0]], "asks": [[0.13768, 226473.0], [0.13769, 140542.0], [0.1377, 465805.0], [0.13771, 556913.0], [0.13772, 821029.0], [0.13773, 584228.0], [0.13774, 589716.0], [0.13775, 369844.0], [0.13776, 632644.0], [0.13777, 510688.0], [0.13778, 636541.0], [0.13779, 477874.0], [0.1378, 493165.0], [0.13781, 443155.0], [0.13782, 738950.0], [0.13783, 1178341.0], [0.13784, 1637021.0], [0.13785, 573255.0], [0.13786, 1194531.0], [0.13787, 212362.0]], "timestamp": "2025-12-11T12:17:35.694771+00:00"}, {"symbol": "DOGEUSDT", "bids": [[0.1376, 81438.0], [0.13759, 87608.0], [0.13758, 233763.0], [0.13757, 248800.0], [0.13756, 707866.0], [0.13755, 1051520.0], [0.13754, 769560.0], [0.13753, 567773.0], [0.13752, 639814.0], [0.13751, 625308.0], [0.1375, 578569.0], [0.13749, 715385.0], [0.13748, 637897.0], [0.13747, 1277390.0], [0.13746, 1848852.0], [0.13745, 336362.0], [0.13744, 527172.0], [0.13743, 1177652.0], [0.13742, 337820.0], [0.13741, 1031565.0]], "asks": [[0.13761, 168462.0], [0.13762, 142931.0], [0.13763, 398235.0], [0.13764, 485703.0], [0.13765, 808261.0], [0.13766, 818944.0], [0.13767, 747714.0], [0.13768, 373619.0], [0.13769, 494033.0], [0.1377, 579325.0], [0.13771, 480682.0], [0.13772, 466976.0], [0.13773, 668493.0], [0.13774, 576905.0], [0.13775, 465210.0], [0.13776, 750487.0], [0.13777, 501786.0], [0.13778, 1385541.0], [0.13779, 752710.0], [0.1378, 459618.0]], "timestamp": "2025-12-11T12:18:30.621879+00:00"}, {"symbol": "DOGEUSDT", "bids": [[0.13757, 284814.0], [0.13756, 393245.0], [0.13755, 651816.0], [0.13754, 411655.0], [0.13753, 861965.0], [0.13752, 726310.0], [0.13751, 758265.0], [0.1375, 1140831.0], [0.13749, 422084.0], [0.13748, 413074.0], [0.13747, 581087.0], [0.13746, 450650.0], [0.13745, 729936.0], [0.13744, 501148.0], [0.13743, 676459.0], [0.13742, 1315171.0], [0.13741, 853635.0], [0.1374, 526201.0], [0.13739, 851846.0], [0.13738, 1022358.0]], "asks": [[0.13758, 111141.0], [0.13759, 247392.0], [0.1376, 315992.0], [0.13761, 330739.0], [0.13762, 613689.0], [0.13763, 538086.0], [0.13764, 437476.0], [0.13765, 660849.0], [0.13766, 465846.0], [0.13767, 572961.0], [0.13768, 427845.0], [0.13769, 528944.0], [0.1377, 432355.0], [0.13771, 697486.0], [0.13772, 771679.0], [0.13773, 984059.0], [0.13774, 777751.0], [0.13775, 1357333.0], [0.13776, 635449.0], [0.13777, 655457.0]], "timestamp": "2025-12-11T12:19:25.303098+00:00"}, {"symbol": "DOGEUSDT", "bids": [[0.13762, 320809.0], [0.13761, 554415.0], [0.1376, 549827.0], [0.13759, 765677.0], [0.13758, 710121.0], [0.13757, 682952.0], [0.13756, 1213279.0], [0.13755, 1423951.0], [0.13754, 498722.0], [0.13753, 768387.0], [0.13752, 431408.0], [0.13751, 838265.0], [0.1375, 909431.0], [0.13749, 532720.0], [0.13748, 561601.0], [0.13747, 1628799.0], [0.13746, 408547.0], [0.13745, 992328.0], [0.13744, 472562.0], [0.13743, 768078.0]], "asks": [[0.13763, 24392.0], [0.13764, 150523.0], [0.13765, 225571.0], [0.13766, 429253.0], [0.13767, 783018.0], [0.13768, 350840.0], [0.13769, 571964.0], [0.1377, 531248.0], [0.13771, 639054.0], [0.13772, 612762.0], [0.13773, 385135.0], [0.13774, 851780.0], [0.13775, 510953.0], [0.13776, 353023.0], [0.13777, 495541.0], [0.13778, 775348.0], [0.13779, 857186.0], [0.1378, 1864363.0], [0.13781, 563957.0], [0.13782, 552909.0]], "timestamp": "2025-12-11T12:20:21.067915+00:00"}, {"symbol": "DOGEUSDT", "bids": [[0.13779, 131446.0], [0.13778, 193836.0], [0.13777, 468018.0], [0.13776, 616416.0], [0.13775, 621684.0], [0.13774, 856909.0], [0.13773, 486847.0], [0.13772, 416588.0], [0.13771, 805956.0], [0.1377, 387055.0], [0.13769, 453674.0], [0.13768, 769833.0], [0.13767, 769601.0], [0.13766, 955988.0], [0.13765, 1202216.0], [0.13764, 648402.0], [0.13763, 979301.0], [0.13762, 1524473.0], [0.13761, 253955.0], [0.1376, 546955.0]], "asks": [[0.1378, 235425.0], [0.13781, 205623.0], [0.13782, 410865.0], [0.13783, 543213.0], [0.13784, 655325.0], [0.13785, 704415.0], [0.13786, 676316.0], [0.13787, 275120.0], [0.13788, 617721.0], [0.13789, 757131.0], [0.1379, 295502.0], [0.13791, 490717.0], [0.13792, 487403.0], [0.13793, 798422.0], [0.13794, 371870.0], [0.13795, 429680.0], [0.13796, 706201.0], [0.13797, 1545028.0], [0.13798, 684616.0], [0.13799, 736686.0]], "timestamp": "2025-12-11T12:21:18.045045+00:00"}, {"symbol": "DOGEUSDT", "bids": [[0.13785, 234475.0], [0.13784, 311874.0], [0.13783, 558044.0], [0.13782, 596472.0], [0.13781, 811899.0], [0.1378, 549498.0], [0.13779, 577853.0], [0.13778, 518356.0], [0.13777, 762910.0], [0.13776, 544533.0], [0.13775, 711217.0], [0.13774, 592526.0], [0.13773, 289882.0], [0.13772, 770808.0], [0.13771, 2092223.0], [0.1377, 423926.0], [0.13769, 402610.0], [0.13768, 908072.0], [0.13767, 732267.0], [0.13766, 709650.0]], "asks": [[0.13786, 125068.0], [0.13787, 183881.0], [0.13788, 279984.0], [0.13789, 712971.0], [0.1379, 429216.0], [0.13791, 714291.0], [0.13792, 577467.0], [0.13793, 651542.0], [0.13794, 454539.0], [0.13795, 540443.0], [0.13796, 516052.0], [0.13797, 719330.0], [0.13798, 535294.0], [0.13799, 391818.0], [0.138, 548761.0], [0.13801, 869325.0], [0.13802, 534241.0], [0.13803, 1102721.0], [0.13804, 452997.0], [0.13805, 844077.0]], "timestamp": "2025-12-11T12:22:12.939214+00:00"}, {"symbol": "DOGEUSDT", "bids": [[0.13782, 26916.0], [0.13781, 136925.0], [0.1378, 395129.0], [0.13779, 200869.0], [0.13778, 508544.0], [0.13777, 608570.0], [0.13776, 717235.0], [0.13775, 927807.0], [0.13774, 512006.0], [0.13773, 530279.0], [0.13772, 428596.0], [0.13771, 536998.0], [0.1377, 598706.0], [0.13769, 596110.0], [0.13768, 947802.0], [0.13767, 1390549.0], [0.13766, 695661.0], [0.13765, 1202941.0], [0.13764, 696264.0], [0.13763, 932688.0]], "asks": [[0.13783, 273648.0], [0.13784, 368300.0], [0.13785, 511835.0], [0.13786, 608263.0], [0.13787, 618750.0], [0.13788, 1097132.0], [0.13789, 536923.0], [0.1379, 522421.0], [0.13791, 722165.0], [0.13792, 532388.0], [0.13793, 222989.0], [0.13794, 478423.0], [0.13795, 382601.0], [0.13796, 688515.0], [0.13797, 678585.0], [0.13798, 1204061.0], [0.13799, 493686.0], [0.138, 657560.0], [0.13801, 934919.0], [0.13802, 712248.0]], "timestamp": "2025-12-11T12:23:08.540289+00:00"}, {"symbol": "DOGEUSDT", "bids": [[0.13776, 234761.0], [0.13775, 221150.0], [0.13774, 173260.0], [0.13773, 242215.0], [0.13772, 508512.0], [0.13771, 745507.0], [0.1377, 986942.0], [0.13769, 571754.0], [0.13768, 468390.0], [0.13767, 813998.0], [0.13766, 363152.0], [0.13765, 443542.0], [0.13764, 637509.0], [0.13763, 735145.0], [0.13762, 868770.0], [0.13761, 684017.0], [0.1376, 1320015.0], [0.13759, 947884.0], [0.13758, 1432142.0], [0.13757, 493013.0]], "asks": [[0.13777, 9469.0], [0.13778, 136690.0], [0.13779, 567900.0], [0.1378, 767087.0], [0.13781, 551487.0], [0.13782, 1087163.0], [0.13783, 781417.0], [0.13784, 600057.0], [0.13785, 550263.0], [0.13786, 403967.0], [0.13787, 529985.0], [0.13788, 769722.0], [0.13789, 424911.0], [0.1379, 444516.0], [0.13791, 899957.0], [0.13792, 495167.0], [0.13793, 409784.0], [0.13794, 1338391.0], [0.13795, 450021.0], [0.13796, 958931.0]], "timestamp": "2025-12-11T12:24:03.880478+00:00"}, {"symbol": "DOGEUSDT", "bids": [[0.13782, 140065.0], [0.13781, 99258.0], [0.1378, 309266.0], [0.13779, 311691.0], [0.13778, 728134.0], [0.13777, 630983.0], [0.13776, 785645.0], [0.13775, 1190115.0], [0.13774, 286791.0], [0.13773, 514618.0], [0.13772, 842321.0], [0.13771, 706756.0], [0.1377, 681913.0], [0.13769, 1155361.0], [0.13768, 936691.0], [0.13767, 567304.0], [0.13766, 518873.0], [0.13765, 1276931.0], [0.13764, 862251.0], [0.13763, 1365747.0]], "asks": [[0.13783, 171709.0], [0.13784, 271025.0], [0.13785, 775368.0], [0.13786, 364263.0], [0.13787, 500415.0], [0.13788, 912505.0], [0.13789, 634278.0], [0.1379, 280907.0], [0.13791, 637146.0], [0.13792, 483295.0], [0.13793, 336478.0], [0.13794, 563398.0], [0.13795, 618489.0], [0.13796, 319069.0], [0.13797, 402956.0], [0.13798, 620434.0], [0.13799, 625579.0], [0.138, 1399490.0], [0.13801, 1216479.0], [0.13802, 652056.0]], "timestamp": "2025-12-11T12:24:59.109155+00:00"}, {"symbol": "DOGEUSDT", "bids": [[0.13783, 19062.0], [0.13782, 244874.0], [0.13781, 288774.0], [0.1378, 257619.0], [0.13779, 647678.0], [0.13778, 836461.0], [0.13777, 645289.0], [0.13776, 961305.0], [0.13775, 739202.0], [0.13774, 268704.0], [0.13773, 478337.0], [0.13772, 742638.0], [0.13771, 692337.0], [0.1377, 693756.0], [0.13769, 1708063.0], [0.13768, 845943.0], [0.13767, 799622.0], [0.13766, 419397.0], [0.13765, 369338.0], [0.13764, 613789.0]], "asks": [[0.13784, 246873.0], [0.13785, 227790.0], [0.13786, 320921.0], [0.13787, 465422.0], [0.13788, 810159.0], [0.13789, 538619.0], [0.1379, 321557.0], [0.13791, 871591.0], [0.13792, 476476.0], [0.13793, 350889.0], [0.13794, 431142.0], [0.13795, 703343.0], [0.13796, 343261.0], [0.13797, 549833.0], [0.13798, 681094.0], [0.13799, 419353.0], [0.138, 1168956.0], [0.13801, 1132195.0], [0.13802, 311807.0], [0.13803, 891098.0]], "timestamp": "2025-12-11T12:25:55.774290+00:00"}, {"symbol": "DOGEUSDT", "bids": [[0.1378, 350121.0], [0.13779, 296387.0], [0.13778, 218401.0], [0.13777, 482444.0], [0.13776, 1012344.0], [0.13775, 535945.0], [0.13774, 681133.0], [0.13773, 557022.0], [0.13772, 461920.0], [0.13771, 866875.0], [0.1377, 719912.0], [0.13769, 738684.0], [0.13768, 738224.0], [0.13767, 753916.0], [0.13766, 637670.0], [0.13765, 628344.0], [0.13764, 1717698.0], [0.13763, 793515.0], [0.13762, 588193.0], [0.13761, 1035317.0]], "asks": [[0.13781, 89455.0], [0.13782, 88142.0], [0.13783, 322548.0], [0.13784, 503478.0], [0.13785, 766051.0], [0.13786, 720156.0], [0.13787, 928349.0], [0.13788, 616303.0], [0.13789, 465081.0], [0.1379, 791922.0], [0.13791, 554232.0], [0.13792, 512656.0], [0.13793, 421484.0], [0.13794, 484803.0], [0.13795, 658179.0], [0.13796, 686513.0], [0.13797, 640169.0], [0.13798, 1107417.0], [0.13799, 309335.0], [0.138, 756591.0]], "timestamp": "2025-12-11T12:26:52.670194+00:00"}, {"symbol": "DOGEUSDT", "bids": [[0.13781, 48321.0], [0.1378, 149073.0], [0.13779, 268108.0], [0.13778, 364633.0], [0.13777, 748552.0], [0.13776, 682793.0], [0.13775, 818638.0], [0.13774, 691681.0], [0.13773, 401907.0], [0.13772, 426983.0], [0.13771, 816949.0], [0.1377, 720165.0], [0.13769, 774284.0], [0.13768, 806729.0], [0.13767, 461288.0], [0.13766, 552390.0], [0.13765, 467150.0], [0.13764, 780114.0], [0.13763, 1146906.0], [0.13762, 738307.0]], "asks": [[0.13782, 231397.0], [0.13783, 290868.0], [0.13784, 584018.0], [0.13785, 562910.0], [0.13786, 701945.0], [0.13787, 922964.0], [0.13788, 760910.0], [0.13789, 575517.0], [0.1379, 784616.0], [0.13791, 478442.0], [0.13792, 626507.0], [0.13793, 359357.0], [0.13794, 469787.0], [0.13795, 808491.0], [0.13796, 624724.0], [0.13797, 605916.0], [0.13798, 478304.0], [0.13799, 1093022.0], [0.138, 663449.0], [0.13801, 1163189.0]], "timestamp": "2025-12-11T12:27:47.896071+00:00"}, {"symbol": "DOGEUSDT", "bids": [[0.13776, 239043.0], [0.13775, 129538.0], [0.13774, 204185.0], [0.13773, 228873.0], [0.13772, 647193.0], [0.13771, 858964.0], [0.1377, 707462.0], [0.13769, 1004199.0], [0.13768, 833685.0], [0.13767, 586068.0], [0.13766, 421195.0], [0.13765, 464232.0], [0.13764, 866429.0], [0.13763, 1080784.0], [0.13762, 878242.0], [0.13761, 838511.0], [0.1376, 1449272.0], [0.13759, 673185.0], [0.13758, 615850.0], [0.13757, 438174.0]], "asks": [[0.13777, 244894.0], [0.13778, 218992.0], [0.13779, 441166.0], [0.1378, 752120.0], [0.13781, 1233846.0], [0.13782, 663963.0], [0.13783, 708736.0], [0.13784, 839531.0], [0.13785, 421150.0], [0.13786, 662469.0], [0.13787, 672267.0], [0.13788, 678860.0], [0.13789, 489374.0], [0.1379, 581279.0], [0.13791, 744614.0], [0.13792, 440087.0], [0.13793, 340251.0], [0.13794, 550835.0], [0.13795, 1723149.0], [0.13796, 630589.0]], "timestamp": "2025-12-11T12:28:41.761598+00:00"}, {"symbol": "DOGEUSDT", "bids": [[0.13771, 381130.0], [0.1377, 305876.0], [0.13769, 515280.0], [0.13768, 550893.0], [0.13767, 994049.0], [0.13766, 669038.0], [0.13765, 864597.0], [0.13764, 522294.0], [0.13763, 652387.0], [0.13762, 505942.0], [0.13761, 647403.0], [0.1376, 591073.0], [0.13759, 1163778.0], [0.13758, 680482.0], [0.13757, 577959.0], [0.13756, 964663.0], [0.13755, 1076703.0], [0.13754, 1518977.0], [0.13753, 1211177.0], [0.13752, 1487335.0]], "asks": [[0.13772, 195206.0], [0.13773, 88957.0], [0.13774, 417136.0], [0.13775, 609987.0], [0.13776, 753642.0], [0.13777, 813607.0], [0.13778, 689057.0], [0.13779, 445713.0], [0.1378, 696708.0], [0.13781, 801747.0], [0.13782, 417399.0], [0.13783, 424569.0], [0.13784, 639019.0], [0.13785, 307521.0], [0.13786, 427755.0], [0.13787, 627659.0], [0.13788, 697146.0], [0.13789, 535204.0], [0.1379, 1473651.0], [0.13791, 651873.0]], "timestamp": "2025-12-11T12:29:36.573321+00:00"}, {"symbol": "DOGEUSDT", "bids": [[0.13775, 8974.0], [0.13774, 197732.0], [0.13773, 273487.0], [0.13772, 369849.0], [0.13771, 1313231.0], [0.1377, 584850.0], [0.13769, 630229.0], [0.13768, 758259.0], [0.13767, 577464.0], [0.13766, 701726.0], [0.13765, 700330.0], [0.13764, 515572.0], [0.13763, 803998.0], [0.13762, 492013.0], [0.13761, 702253.0], [0.1376, 1318426.0], [0.13759, 946181.0], [0.13758, 804387.0], [0.13757, 775286.0], [0.13756, 799176.0]], "asks": [[0.13776, 205517.0], [0.13777, 301500.0], [0.13778, 357890.0], [0.13779, 709085.0], [0.1378, 758402.0], [0.13781, 527585.0], [0.13782, 866739.0], [0.13783, 398609.0], [0.13784, 553758.0], [0.13785, 356469.0], [0.13786, 457486.0], [0.13787, 755970.0], [0.13788, 546498.0], [0.13789, 352211.0], [0.1379, 677305.0], [0.13791, 730780.0], [0.13792, 703100.0], [0.13793, 933612.0], [0.13794, 581854.0], [0.13795, 702587.0]], "timestamp": "2025-12-11T12:30:31.006778+00:00"}, {"symbol": "DOGEUSDT", "bids": [[0.13776, 18407.0], [0.13775, 72079.0], [0.13774, 230867.0], [0.13773, 314110.0], [0.13772, 717948.0], [0.13771, 923349.0], [0.1377, 1210105.0], [0.13769, 770412.0], [0.13768, 495847.0], [0.13767, 721785.0], [0.13766, 736472.0], [0.13765, 633084.0], [0.13764, 784162.0], [0.13763, 777055.0], [0.13762, 837473.0], [0.13761, 570789.0], [0.1376, 874719.0], [0.13759, 2360430.0], [0.13758, 817111.0], [0.13757, 722533.0]], "asks": [[0.13777, 436926.0], [0.13778, 717058.0], [0.13779, 510276.0], [0.1378, 660516.0], [0.13781, 1093397.0], [0.13782, 769684.0], [0.13783, 971012.0], [0.13784, 583732.0], [0.13785, 269662.0], [0.13786, 608568.0], [0.13787, 554540.0], [0.13788, 537573.0], [0.13789, 473203.0], [0.1379, 578447.0], [0.13791, 385850.0], [0.13792, 463717.0], [0.13793, 370539.0], [0.13794, 742225.0], [0.13795, 518153.0], [0.13796, 544703.0]], "timestamp": "2025-12-11T12:31:26.114268+00:00"}, {"symbol": "DOGEUSDT", "bids": [[0.13781, 33475.0], [0.1378, 167858.0], [0.13779, 204108.0], [0.13778, 388948.0], [0.13777, 668714.0], [0.13776, 780124.0], [0.13775, 1192364.0], [0.13774, 582727.0], [0.13773, 447092.0], [0.13772, 868140.0], [0.13771, 845803.0], [0.1377, 984604.0], [0.13769, 1295670.0], [0.13768, 742897.0], [0.13767, 532838.0], [0.13766, 531634.0], [0.13765, 515033.0], [0.13764, 1256887.0], [0.13763, 798875.0], [0.13762, 339129.0]], "asks": [[0.13782, 514837.0], [0.13783, 425145.0], [0.13784, 631880.0], [0.13785, 456294.0], [0.13786, 806703.0], [0.13787, 693082.0], [0.13788, 616508.0], [0.13789, 626977.0], [0.1379, 597917.0], [0.13791, 363669.0], [0.13792, 564379.0], [0.13793, 298800.0], [0.13794, 693493.0], [0.13795, 364433.0], [0.13796, 396860.0], [0.13797, 513304.0], [0.13798, 400447.0], [0.13799, 557502.0], [0.138, 1185872.0], [0.13801, 1046071.0]], "timestamp": "2025-12-11T12:32:20.085414+00:00"}, {"symbol": "DOGEUSDT", "bids": [[0.13791, 378780.0], [0.1379, 420427.0], [0.13789, 439562.0], [0.13788, 709230.0], [0.13787, 719765.0], [0.13786, 766587.0], [0.13785, 748654.0], [0.13784, 431458.0], [0.13783, 629850.0], [0.13782, 904028.0], [0.13781, 327640.0], [0.1378, 428961.0], [0.13779, 410781.0], [0.13778, 995911.0], [0.13777, 417518.0], [0.13776, 499653.0], [0.13775, 1480873.0], [0.13774, 529777.0], [0.13773, 848410.0], [0.13772, 1123713.0]], "asks": [[0.13792, 40739.0], [0.13793, 87326.0], [0.13794, 212183.0], [0.13795, 538553.0], [0.13796, 666790.0], [0.13797, 901902.0], [0.13798, 623188.0], [0.13799, 395109.0], [0.138, 642287.0], [0.13801, 600946.0], [0.13802, 314884.0], [0.13803, 611211.0], [0.13804, 464365.0], [0.13805, 454242.0], [0.13806, 419507.0], [0.13807, 602012.0], [0.13808, 654235.0], [0.13809, 921314.0], [0.1381, 428709.0], [0.13811, 1073688.0]], "timestamp": "2025-12-11T12:33:15.684543+00:00"}, {"symbol": "DOGEUSDT", "bids": [[0.13793, 14618.0], [0.13792, 84496.0], [0.13791, 232624.0], [0.1379, 431917.0], [0.13789, 504603.0], [0.13788, 806145.0], [0.13787, 755715.0], [0.13786, 462383.0], [0.13785, 592466.0], [0.13784, 925337.0], [0.13783, 426183.0], [0.13782, 465561.0], [0.13781, 620159.0], [0.1378, 576670.0], [0.13779, 839244.0], [0.13778, 785597.0], [0.13777, 740060.0], [0.13776, 1855896.0], [0.13775, 815194.0], [0.13774, 656228.0]], "asks": [[0.13794, 431075.0], [0.13795, 382653.0], [0.13796, 530299.0], [0.13797, 783502.0], [0.13798, 824403.0], [0.13799, 698663.0], [0.138, 752297.0], [0.13801, 614412.0], [0.13802, 480823.0], [0.13803, 556535.0], [0.13804, 428811.0], [0.13805, 590203.0], [0.13806, 368989.0], [0.13807, 529074.0], [0.13808, 610367.0], [0.13809, 1114040.0], [0.1381, 614551.0], [0.13811, 337724.0], [0.13812, 624576.0], [0.13813, 418570.0]], "timestamp": "2025-12-11T12:34:10.666629+00:00"}