[{"id": "979341992", "price": 0.14079, "amount": 53.0, "side": "buy", "timestamp": 1765496527392}, {"id": "979341993", "price": 0.14078, "amount": 101.0, "side": "sell", "timestamp": 1765496528714}, {"id": "979341994", "price": 0.14079, "amount": 113.0, "side": "buy", "timestamp": 1765496528963}, {"id": "979341995", "price": 0.14078, "amount": 85.0, "side": "sell", "timestamp": 1765496530166}, {"id": "979341996", "price": 0.14079, "amount": 171.0, "side": "buy", "timestamp": 1765496530186}, {"id": "979341997", "price": 0.14079, "amount": 78.0, "side": "buy", "timestamp": 1765496531879}, {"id": "979341998", "price": 0.14078, "amount": 161.0, "side": "sell", "timestamp": 1765496532007}, {"id": "979341999", "price": 0.14078, "amount": 44.0, "side": "sell", "timestamp": 1765496533004}, {"id": "979342000", "price": 0.14078, "amount": 85.0, "side": "sell", "timestamp": 1765496533179}, {"id": "979342001", "price": 0.14079, "amount": 45.0, "side": "buy", "timestamp": 1765496534808}, {"id": "979342002", "price": 0.14078, "amount": 57.0, "side": "sell", "timestamp": 1765496535052}, {"id": "979342003", "price": 0.14078, "amount": 85.0, "side": "sell", "timestamp": 1765496536201}, {"id": "979342004", "price": 0.14079, "amount": 581.0, "side": "buy", "timestamp": 1765496536892}, {"id": "979342005", "price": 0.14079, "amount": 635.0, "side": "buy", "timestamp": 1765496537677}, {"id": "979342006", "price": 0.14078, "amount": 262.0, "side": "sell", "timestamp": 1765496537890}, {"id": "979342007", "price": 0.14078, "amount": 42.0, "side": "sell", "timestamp": 1765496538017}, {"id": "979342008", "price": 0.14078, "amount": 160.0, "side": "sell", "timestamp": 1765496538597}, {"id": "979342009", "price": 0.14078, "amount": 25876.0, "side": "sell", "timestamp": 1765496538715}, {"id": "979342010", "price": 0.14077, "amount": 974.0, "side": "sell", "timestamp": 1765496538723}, {"id": "979342011", "price": 0.14076, "amount": 85.0, "side": "sell", "timestamp": 1765496539016}, {"id": "979342012", "price": 0.14077, "amount": 8.0, "side": "buy", "timestamp": 1765496539500}, {"id": "979342013", "price": 0.14076, "amount": 48.0, "side": "sell", "timestamp": 1765496539793}, {"id": "979342014", "price": 0.14077, "amount": 599.0, "side": "buy", "timestamp": 1765496540998}, {"id": "979342015", "price": 0.14077, "amount": 3.0, "side": "buy", "timestamp": 1765496541919}, {"id": "979342016", "price": 0.14076, "amount": 85.0, "side": "sell", "timestamp": 1765496542047}, {"id": "979342017", "price": 0.14077, "amount": 41921.0, "side": "buy", "timestamp": 1765496542618}, {"id": "979342018", "price": 0.14078, "amount": 374.0, "side": "buy", "timestamp": 1765496542642}, {"id": "979342019", "price": 0.14079, "amount": 62150.0, "side": "buy", "timestamp": 1765496544332}, {"id": "979342020", "price": 0.1408, "amount": 389.0, "side": "buy", "timestamp": 1765496544341}, {"id": "979342021", "price": 0.14081, "amount": 721.0, "side": "buy", "timestamp": 1765496544638}, {"id": "979342022", "price": 0.1408, "amount": 85.0, "side": "sell", "timestamp": 1765496545098}, {"id": "979342023", "price": 0.1408, "amount": 10830.0, "side": "sell", "timestamp": 1765496545235}, {"id": "979342024", "price": 0.14081, "amount": 48543.0, "side": "buy", "timestamp": 1765496545587}, {"id": "979342025", "price": 0.14081, "amount": 376.0, "side": "sell", "timestamp": 1765496545945}, {"id": "979342026", "price": 0.14082, "amount": 45.0, "side": "buy", "timestamp": 1765496546410}, {"id": "979342027", "price": 0.14082, "amount": 213.0, "side": "buy", "timestamp": 1765496547575}, {"id": "979342028", "price": 0.14081, "amount": 85.0, "side": "sell", "timestamp": 1765496548110}, {"id": "979342029", "price": 0.14082, "amount": 14571.0, "side": "buy", "timestamp": 1765496548202}, {"id": "979342030", "price": 0.14083, "amount": 44.0, "side": "buy", "timestamp": 1765496549472}, {"id": "979342031", "price": 0.14083, "amount": 98.0, "side": "buy", "timestamp": 1765496550387}, {"id": "979342032", "price": 0.14083, "amount": 1999.0, "side": "buy", "timestamp": 1765496550585}, {"id": "979342033", "price": 0.14083, "amount": 5453.0, "side": "buy", "timestamp": 1765496550916}, {"id": "979342034", "price": 0.14084, "amount": 1157.0, "side": "buy", "timestamp": 1765496550985}, {"id": "979342035", "price": 0.14084, "amount": 85.0, "side": "sell", "timestamp": 1765496551131}, {"id": "979342036", "price": 0.14084, "amount": 41.0, "side": "sell", "timestamp": 1765496551558}, {"id": "979342037", "price": 0.14085, "amount": 198.0, "side": "buy", "timestamp": 1765496553775}, {"id": "979342038", "price": 0.14085, "amount": 100.0, "side": "buy", "timestamp": 1765496553926}, {"id": "979342039", "price": 0.14084, "amount": 6937.0, "side": "sell", "timestamp": 1765496554005}, {"id": "979342040", "price": 0.14084, "amount": 85.0, "side": "sell", "timestamp": 1765496554157}, {"id": "979342041", "price": 0.14085, "amount": 257.0, "side": "buy", "timestamp": 1765496555725}, {"id": "979342096", "price": 0.14087, "amount": 52.0, "side": "buy", "timestamp": 1765496583148}, {"id": "979342097", "price": 0.14086, "amount": 67.0, "side": "sell", "timestamp": 1765496583467}, {"id": "979342098", "price": 0.14086, "amount": 43511.0, "side": "sell", "timestamp": 1765496584178}, {"id": "979342099", "price": 0.14085, "amount": 15216.0, "side": "sell", "timestamp": 1765496584235}, {"id": "979342100", "price": 0.14086, "amount": 2798.0, "side": "buy", "timestamp": 1765496584974}, {"id": "979342101", "price": 0.14086, "amount": 1706.0, "side": "buy", "timestamp": 1765496585156}, {"id": "979342102", "price": 0.14086, "amount": 191.0, "side": "buy", "timestamp": 1765496585325}, {"id": "979342103", "price": 0.14086, "amount": 645.0, "side": "buy", "timestamp": 1765496585453}, {"id": "979342104", "price": 0.14086, "amount": 518.0, "side": "buy", "timestamp": 1765496585753}, {"id": "979342105", "price": 0.14086, "amount": 252.0, "side": "buy", "timestamp": 1765496586764}, {"id": "979342106", "price": 0.14085, "amount": 85.0, "side": "sell", "timestamp": 1765496587198}, {"id": "979342107", "price": 0.14086, "amount": 116.0, "side": "buy", "timestamp": 1765496587410}, {"id": "979342108", "price": 0.14085, "amount": 532.0, "side": "sell", "timestamp": 1765496587849}, {"id": "979342109", "price": 0.14086, "amount": 532.0, "side": "buy", "timestamp": 1765496587961}, {"id": "979342110", "price": 0.14085, "amount": 2670.0, "side": "sell", "timestamp": 1765496588662}, {"id": "979342111", "price": 0.14085, "amount": 533.0, "side": "sell", "timestamp": 1765496589187}, {"id": "979342112", "price": 0.14085, "amount": 17082.0, "side": "sell", "timestamp": 1765496589325}, {"id": "979342113", "price": 0.14084, "amount": 225.0, "side": "sell", "timestamp": 1765496589387}, {"id": "979342114", "price": 0.14084, "amount": 113.0, "side": "buy", "timestamp": 1765496589638}, {"id": "979342115", "price": 0.14083, "amount": 50.0, "side": "sell", "timestamp": 1765496589741}, {"id": "979342116", "price": 0.14083, "amount": 208.0, "side": "sell", "timestamp": 1765496589961}, {"id": "979342117", "price": 0.14084, "amount": 84.0, "side": "buy", "timestamp": 1765496591724}, {"id": "979342118", "price": 0.14084, "amount": 69.0, "side": "buy", "timestamp": 1765496592456}, {"id": "979342119", "price": 0.14083, "amount": 129.0, "side": "sell", "timestamp": 1765496593030}, {"id": "979342120", "price": 0.14083, "amount": 53.0, "side": "sell", "timestamp": 1765496594759}, {"id": "979342121", "price": 0.14083, "amount": 41.0, "side": "sell", "timestamp": 1765496595539}, {"id": "979342122", "price": 0.14083, "amount": 85.0, "side": "sell", "timestamp": 1765496596076}, {"id": "979342123", "price": 0.14084, "amount": 7100.0, "side": "buy", "timestamp": 1765496596158}, {"id": "979342124", "price": 0.14084, "amount": 28642.0, "side": "buy", "timestamp": 1765496596605}, {"id": "979342125", "price": 0.14084, "amount": 1836.0, "side": "sell", "timestamp": 1765496598422}, {"id": "979342126", "price": 0.14084, "amount": 68.0, "side": "buy", "timestamp": 1765496598568}, {"id": "979342127", "price": 0.14083, "amount": 250578.0, "side": "sell", "timestamp": 1765496598634}, {"id": "979342128", "price": 0.14082, "amount": 40.0, "side": "sell", "timestamp": 1765496598658}, {"id": "979342129", "price": 0.14082, "amount": 296.0, "side": "sell", "timestamp": 1765496599046}, {"id": "979342130", "price": 0.14083, "amount": 71.0, "side": "buy", "timestamp": 1765496599222}, {"id": "979342131", "price": 0.14083, "amount": 98.0, "side": "buy", "timestamp": 1765496601538}, {"id": "979342132", "price": 0.14082, "amount": 41932.0, "side": "sell", "timestamp": 1765496601984}, {"id": "979342133", "price": 0.14081, "amount": 85.0, "side": "sell", "timestamp": 1765496602150}, {"id": "979342134", "price": 0.14081, "amount": 2696.0, "side": "sell", "timestamp": 1765496602670}, {"id": "979342135", "price": 0.1408, "amount": 23401.0, "side": "sell", "timestamp": 1765496603100}, {"id": "979342136", "price": 0.14079, "amount": 385.0, "side": "sell", "timestamp": 1765496603161}, {"id": "979342137", "price": 0.14079, "amount": 92.0, "side": "buy", "timestamp": 1765496603650}, {"id": "979342138", "price": 0.14079, "amount": 78.0, "side": "buy", "timestamp": 1765496604070}, {"id": "979342139", "price": 0.14078, "amount": 517.0, "side": "sell", "timestamp": 1765496604770}, {"id": "979342140", "price": 0.14078, "amount": 85.0, "side": "sell", "timestamp": 1765496605188}, {"id": "979342141", "price": 0.14078, "amount": 302.0, "side": "sell", "timestamp": 1765496605965}, {"id": "979342142", "price": 0.14079, "amount": 171.0, "side": "buy", "timestamp": 1765496606699}, {"id": "979342143", "price": 0.14079, "amount": 90.0, "side": "buy", "timestamp": 1765496607092}, {"id": "979342144", "price": 0.14079, "amount": 213.0, "side": "buy", "timestamp": 1765496607895}, {"id": "979342145", "price": 0.14078, "amount": 85.0, "side": "sell", "timestamp": 1765496608199}, {"id": "979342178", "price": 0.14081, "amount": 55.0, "side": "sell", "timestamp": 1765496629105}, {"id": "979342179", "price": 0.14081, "amount": 85.0, "side": "sell", "timestamp": 1765496629217}, {"id": "979342180", "price": 0.14082, "amount": 78.0, "side": "buy", "timestamp": 1765496629539}, {"id": "979342181", "price": 0.14081, "amount": 720.0, "side": "sell", "timestamp": 1765496630274}, {"id": "979342182", "price": 0.14082, "amount": 67.0, "side": "buy", "timestamp": 1765496630874}, {"id": "979342183", "price": 0.14081, "amount": 85.0, "side": "sell", "timestamp": 1765496632043}, {"id": "979342184", "price": 0.14082, "amount": 171.0, "side": "buy", "timestamp": 1765496632323}, {"id": "979342185", "price": 0.14082, "amount": 9485.0, "side": "buy", "timestamp": 1765496632541}, {"id": "979342186", "price": 0.14082, "amount": 96.0, "side": "buy", "timestamp": 1765496634063}, {"id": "979342187", "price": 0.14082, "amount": 29.0, "side": "buy", "timestamp": 1765496634241}, {"id": "979342188", "price": 0.14082, "amount": 52.0, "side": "buy", "timestamp": 1765496634396}, {"id": "979342189", "price": 0.14081, "amount": 85.0, "side": "sell", "timestamp": 1765496635084}, {"id": "979342190", "price": 0.14082, "amount": 38.0, "side": "buy", "timestamp": 1765496637613}, {"id": "979342191", "price": 0.14081, "amount": 85.0, "side": "sell", "timestamp": 1765496638116}, {"id": "979342192", "price": 0.14081, "amount": 335.0, "side": "sell", "timestamp": 1765496638385}, {"id": "979342193", "price": 0.14082, "amount": 14.0, "side": "buy", "timestamp": 1765496639063}, {"id": "979342194", "price": 0.14081, "amount": 41.0, "side": "sell", "timestamp": 1765496640359}, {"id": "979342195", "price": 0.14081, "amount": 85.0, "side": "sell", "timestamp": 1765496641126}, {"id": "979342196", "price": 0.14082, "amount": 2085.0, "side": "buy", "timestamp": 1765496642957}, {"id": "979342197", "price": 0.14081, "amount": 66.0, "side": "sell", "timestamp": 1765496643683}, {"id": "979342198", "price": 0.14081, "amount": 85.0, "side": "sell", "timestamp": 1765496644139}, {"id": "979342199", "price": 0.14082, "amount": 134.0, "side": "buy", "timestamp": 1765496644914}, {"id": "979342200", "price": 0.14082, "amount": 3195.0, "side": "buy", "timestamp": 1765496645041}, {"id": "979342201", "price": 0.14082, "amount": 82.0, "side": "buy", "timestamp": 1765496646589}, {"id": "979342202", "price": 0.14082, "amount": 43.0, "side": "buy", "timestamp": 1765496646738}, {"id": "979342203", "price": 0.14081, "amount": 85.0, "side": "sell", "timestamp": 1765496647161}, {"id": "979342204", "price": 0.14082, "amount": 58.0, "side": "buy", "timestamp": 1765496648067}, {"id": "979342205", "price": 0.14082, "amount": 91.0, "side": "buy", "timestamp": 1765496649283}, {"id": "979342206", "price": 0.14082, "amount": 39672.0, "side": "buy", "timestamp": 1765496649422}, {"id": "979342207", "price": 0.14081, "amount": 85.0, "side": "sell", "timestamp": 1765496650172}, {"id": "979342208", "price": 0.14082, "amount": 57.0, "side": "buy", "timestamp": 1765496650294}, {"id": "979342209", "price": 0.14081, "amount": 3.0, "side": "sell", "timestamp": 1765496651041}, {"id": "979342210", "price": 0.14081, "amount": 40969.0, "side": "sell", "timestamp": 1765496651509}, {"id": "979342211", "price": 0.14081, "amount": 98.0, "side": "buy", "timestamp": 1765496652772}, {"id": "979342212", "price": 0.1408, "amount": 44.0, "side": "sell", "timestamp": 1765496653059}, {"id": "979342213", "price": 0.1408, "amount": 85.0, "side": "sell", "timestamp": 1765496653198}, {"id": "979342214", "price": 0.14081, "amount": 4541.0, "side": "buy", "timestamp": 1765496654985}, {"id": "979342215", "price": 0.14081, "amount": 61.0, "side": "buy", "timestamp": 1765496655477}, {"id": "979342216", "price": 0.1408, "amount": 85.0, "side": "sell", "timestamp": 1765496656012}, {"id": "979342217", "price": 0.1408, "amount": 218.0, "side": "sell", "timestamp": 1765496656139}, {"id": "979342218", "price": 0.14081, "amount": 872.0, "side": "buy", "timestamp": 1765496657480}, {"id": "979342219", "price": 0.14081, "amount": 171.0, "side": "buy", "timestamp": 1765496657945}, {"id": "979342220", "price": 0.14081, "amount": 377.0, "side": "buy", "timestamp": 1765496659010}, {"id": "979342221", "price": 0.1408, "amount": 85.0, "side": "sell", "timestamp": 1765496659042}, {"id": "979342222", "price": 0.1408, "amount": 42.0, "side": "sell", "timestamp": 1765496659327}, {"id": "979342223", "price": 0.14081, "amount": 10.0, "side": "buy", "timestamp": 1765496660106}, {"id": "979342224", "price": 0.14081, "amount": 272.0, "side": "buy", "timestamp": 1765496661167}, {"id": "979342225", "price": 0.1408, "amount": 9084.0, "side": "sell", "timestamp": 1765496661537}, {"id": "979342226", "price": 0.1408, "amount": 85.0, "side": "sell", "timestamp": 1765496662056}, {"id": "979342227", "price": 0.14081, "amount": 5.0, "side": "buy", "timestamp": 1765496662497}, {"id": "979342262", "price": 0.14078, "amount": 41.0, "side": "sell", "timestamp": 1765496688623}, {"id": "979342263", "price": 0.14079, "amount": 47.0, "side": "buy", "timestamp": 1765496688686}, {"id": "979342264", "price": 0.14078, "amount": 85.0, "side": "sell", "timestamp": 1765496689058}, {"id": "979342265", "price": 0.14078, "amount": 23767.0, "side": "sell", "timestamp": 1765496691009}, {"id": "979342266", "price": 0.14078, "amount": 85.0, "side": "sell", "timestamp": 1765496692091}, {"id": "979342267", "price": 0.14078, "amount": 78.0, "side": "sell", "timestamp": 1765496692411}, {"id": "979342268", "price": 0.14078, "amount": 358.0, "side": "sell", "timestamp": 1765496694126}, {"id": "979342269", "price": 0.14079, "amount": 21309.0, "side": "buy", "timestamp": 1765496694238}, {"id": "979342270", "price": 0.14078, "amount": 1382.0, "side": "sell", "timestamp": 1765496694457}, {"id": "979342271", "price": 0.14079, "amount": 174.0, "side": "buy", "timestamp": 1765496694916}, {"id": "979342272", "price": 0.14078, "amount": 85.0, "side": "sell", "timestamp": 1765496695102}, {"id": "979342273", "price": 0.14078, "amount": 322.0, "side": "sell", "timestamp": 1765496695582}, {"id": "979342274", "price": 0.14079, "amount": 46.0, "side": "buy", "timestamp": 1765496695772}, {"id": "979342275", "price": 0.14078, "amount": 85.0, "side": "sell", "timestamp": 1765496698114}, {"id": "979342276", "price": 0.14079, "amount": 1020.0, "side": "buy", "timestamp": 1765496698368}, {"id": "979342277", "price": 0.14079, "amount": 78.0, "side": "buy", "timestamp": 1765496698786}, {"id": "979342278", "price": 0.14079, "amount": 146.0, "side": "buy", "timestamp": 1765496699369}, {"id": "979342279", "price": 0.14079, "amount": 85.0, "side": "buy", "timestamp": 1765496699718}, {"id": "979342280", "price": 0.14079, "amount": 205.0, "side": "buy", "timestamp": 1765496700404}, {"id": "979342281", "price": 0.14079, "amount": 60037.0, "side": "buy", "timestamp": 1765496701034}, {"id": "979342282", "price": 0.1408, "amount": 19226.0, "side": "buy", "timestamp": 1765496701050}, {"id": "979342283", "price": 0.1408, "amount": 85.0, "side": "sell", "timestamp": 1765496701138}, {"id": "979342284", "price": 0.14081, "amount": 976.0, "side": "buy", "timestamp": 1765496701203}, {"id": "979342285", "price": 0.1408, "amount": 41.0, "side": "sell", "timestamp": 1765496701523}, {"id": "979342286", "price": 0.1408, "amount": 116866.0, "side": "sell", "timestamp": 1765496703723}, {"id": "979342287", "price": 0.1408, "amount": 85.0, "side": "sell", "timestamp": 1765496704172}, {"id": "979342288", "price": 0.1408, "amount": 4188.0, "side": "sell", "timestamp": 1765496704669}, {"id": "979342289", "price": 0.14081, "amount": 66.0, "side": "buy", "timestamp": 1765496704898}, {"id": "979342290", "price": 0.1408, "amount": 91.0, "side": "sell", "timestamp": 1765496706139}, {"id": "979342291", "price": 0.1408, "amount": 213.0, "side": "sell", "timestamp": 1765496706307}, {"id": "979342292", "price": 0.14081, "amount": 4261.0, "side": "buy", "timestamp": 1765496706950}, {"id": "979342293", "price": 0.1408, "amount": 85.0, "side": "sell", "timestamp": 1765496707185}, {"id": "979342294", "price": 0.1408, "amount": 59.0, "side": "sell", "timestamp": 1765496707709}, {"id": "979342295", "price": 0.14081, "amount": 710.0, "side": "buy", "timestamp": 1765496708126}, {"id": "979342296", "price": 0.14081, "amount": 497.0, "side": "buy", "timestamp": 1765496708264}, {"id": "979342297", "price": 0.14081, "amount": 25.0, "side": "buy", "timestamp": 1765496708578}, {"id": "979342298", "price": 0.14081, "amount": 85.0, "side": "buy", "timestamp": 1765496708702}, {"id": "979342299", "price": 0.1408, "amount": 3418.0, "side": "sell", "timestamp": 1765496709683}, {"id": "979342300", "price": 0.1408, "amount": 191.0, "side": "sell", "timestamp": 1765496709795}, {"id": "979342301", "price": 0.1408, "amount": 155.0, "side": "sell", "timestamp": 1765496709905}, {"id": "979342302", "price": 0.1408, "amount": 473.0, "side": "sell", "timestamp": 1765496710014}, {"id": "979342303", "price": 0.14081, "amount": 71.0, "side": "buy", "timestamp": 1765496710164}, {"id": "979342304", "price": 0.14081, "amount": 71.0, "side": "buy", "timestamp": 1765496710497}, {"id": "979342305", "price": 0.14081, "amount": 38706.0, "side": "buy", "timestamp": 1765496710996}, {"id": "979342306", "price": 0.14082, "amount": 123.0, "side": "buy", "timestamp": 1765496711036}, {"id": "979342307", "price": 0.14082, "amount": 311.0, "side": "buy", "timestamp": 1765496711222}, {"id": "979342308", "price": 0.14082, "amount": 20049.0, "side": "buy", "timestamp": 1765496712018}, {"id": "979342309", "price": 0.14082, "amount": 129.0, "side": "sell", "timestamp": 1765496713063}, {"id": "979342310", "price": 0.14083, "amount": 65.0, "side": "buy", "timestamp": 1765496714211}, {"id": "979342311", "price": 0.14083, "amount": 7130.0, "side": "buy", "timestamp": 1765496715315}, {"id": "979342376", "price": 0.14082, "amount": 14617.0, "side": "buy", "timestamp": 1765496746190}, {"id": "979342377", "price": 0.14083, "amount": 271.0, "side": "buy", "timestamp": 1765496746288}, {"id": "979342378", "price": 0.14082, "amount": 47.0, "side": "sell", "timestamp": 1765496746783}, {"id": "979342379", "price": 0.14083, "amount": 163.0, "side": "buy", "timestamp": 1765496746999}, {"id": "979342380", "price": 0.14083, "amount": 170.0, "side": "buy", "timestamp": 1765496747149}, {"id": "979342381", "price": 0.14083, "amount": 308.0, "side": "buy", "timestamp": 1765496747392}, {"id": "979342382", "price": 0.14082, "amount": 85.0, "side": "sell", "timestamp": 1765496749202}, {"id": "979342383", "price": 0.14083, "amount": 16297.0, "side": "buy", "timestamp": 1765496751191}, {"id": "979342384", "price": 0.14082, "amount": 85.0, "side": "sell", "timestamp": 1765496752017}, {"id": "979342385", "price": 0.14083, "amount": 58.0, "side": "buy", "timestamp": 1765496752410}, {"id": "979342386", "price": 0.14082, "amount": 99.0, "side": "sell", "timestamp": 1765496752729}, {"id": "979342387", "price": 0.14083, "amount": 40.0, "side": "buy", "timestamp": 1765496753353}, {"id": "979342388", "price": 0.14082, "amount": 77.0, "side": "sell", "timestamp": 1765496753763}, {"id": "979342389", "price": 0.14082, "amount": 120000.0, "side": "sell", "timestamp": 1765496754329}, {"id": "979342390", "price": 0.14082, "amount": 112348.0, "side": "sell", "timestamp": 1765496754455}, {"id": "979342391", "price": 0.14081, "amount": 85.0, "side": "sell", "timestamp": 1765496755042}, {"id": "979342392", "price": 0.14082, "amount": 223.0, "side": "buy", "timestamp": 1765496755550}, {"id": "979342393", "price": 0.14081, "amount": 78265.0, "side": "sell", "timestamp": 1765496755553}, {"id": "979342394", "price": 0.14082, "amount": 72525.0, "side": "buy", "timestamp": 1765496755685}, {"id": "979342395", "price": 0.14082, "amount": 272.0, "side": "buy", "timestamp": 1765496755890}, {"id": "979342396", "price": 0.14082, "amount": 581.0, "side": "buy", "timestamp": 1765496756346}, {"id": "979342397", "price": 0.14082, "amount": 1775.0, "side": "buy", "timestamp": 1765496757134}, {"id": "979342398", "price": 0.14082, "amount": 698.0, "side": "buy", "timestamp": 1765496757290}, {"id": "979342399", "price": 0.14081, "amount": 3551.0, "side": "sell", "timestamp": 1765496757496}, {"id": "979342400", "price": 0.14081, "amount": 11122.0, "side": "sell", "timestamp": 1765496757646}, {"id": "979342401", "price": 0.1408, "amount": 184.0, "side": "sell", "timestamp": 1765496757711}, {"id": "979342402", "price": 0.14079, "amount": 85.0, "side": "sell", "timestamp": 1765496758072}, {"id": "979342403", "price": 0.1408, "amount": 150.0, "side": "buy", "timestamp": 1765496758354}, {"id": "979342404", "price": 0.14079, "amount": 2783.0, "side": "sell", "timestamp": 1765496759138}, {"id": "979342405", "price": 0.1408, "amount": 6.0, "side": "buy", "timestamp": 1765496759419}, {"id": "979342406", "price": 0.1408, "amount": 8055.0, "side": "buy", "timestamp": 1765496759950}, {"id": "979342407", "price": 0.1408, "amount": 300.0, "side": "buy", "timestamp": 1765496760552}, {"id": "979342408", "price": 0.1408, "amount": 640.0, "side": "buy", "timestamp": 1765496760709}, {"id": "979342409", "price": 0.1408, "amount": 375.0, "side": "sell", "timestamp": 1765496760730}, {"id": "979342410", "price": 0.14081, "amount": 16.0, "side": "buy", "timestamp": 1765496760732}, {"id": "979342411", "price": 0.14081, "amount": 637.0, "side": "buy", "timestamp": 1765496760952}, {"id": "979342412", "price": 0.14081, "amount": 85.0, "side": "sell", "timestamp": 1765496761094}, {"id": "979342413", "price": 0.14082, "amount": 56.0, "side": "buy", "timestamp": 1765496762360}, {"id": "979342414", "price": 0.14081, "amount": 11417.0, "side": "sell", "timestamp": 1765496762716}, {"id": "979342415", "price": 0.1408, "amount": 144.0, "side": "sell", "timestamp": 1765496762781}, {"id": "979342416", "price": 0.1408, "amount": 531.0, "side": "buy", "timestamp": 1765496763241}, {"id": "979342417", "price": 0.14079, "amount": 253.0, "side": "sell", "timestamp": 1765496763782}, {"id": "979342418", "price": 0.14079, "amount": 85.0, "side": "sell", "timestamp": 1765496764138}, {"id": "979342419", "price": 0.14079, "amount": 794.0, "side": "sell", "timestamp": 1765496764322}, {"id": "979342420", "price": 0.14079, "amount": 46.0, "side": "sell", "timestamp": 1765496764730}, {"id": "979342421", "price": 0.1408, "amount": 88.0, "side": "buy", "timestamp": 1765496765210}, {"id": "979342422", "price": 0.14079, "amount": 12292.0, "side": "sell", "timestamp": 1765496765717}, {"id": "979342423", "price": 0.14078, "amount": 101.0, "side": "sell", "timestamp": 1765496765854}, {"id": "979342424", "price": 0.14078, "amount": 85.0, "side": "sell", "timestamp": 1765496767149}, {"id": "979342425", "price": 0.14079, "amount": 1028.0, "side": "buy", "timestamp": 1765496767966}, {"id": "979342510", "price": 0.14067, "amount": 7690.0, "side": "buy", "timestamp": 1765496804108}, {"id": "979342511", "price": 0.14066, "amount": 85.0, "side": "sell", "timestamp": 1765496806079}, {"id": "979342512", "price": 0.14067, "amount": 41.0, "side": "buy", "timestamp": 1765496806239}, {"id": "979342513", "price": 0.14067, "amount": 57.0, "side": "buy", "timestamp": 1765496806430}, {"id": "979342514", "price": 0.14066, "amount": 48.0, "side": "sell", "timestamp": 1765496807130}, {"id": "979342515", "price": 0.14067, "amount": 85.0, "side": "buy", "timestamp": 1765496807716}, {"id": "979342516", "price": 0.14066, "amount": 46.0, "side": "sell", "timestamp": 1765496807857}, {"id": "979342517", "price": 0.14066, "amount": 44.0, "side": "sell", "timestamp": 1765496808126}, {"id": "979342518", "price": 0.14066, "amount": 85.0, "side": "sell", "timestamp": 1765496809118}, {"id": "979342519", "price": 0.14066, "amount": 47.0, "side": "sell", "timestamp": 1765496809699}, {"id": "979342520", "price": 0.14066, "amount": 21.0, "side": "sell", "timestamp": 1765496809812}, {"id": "979342521", "price": 0.14066, "amount": 533.0, "side": "sell", "timestamp": 1765496810084}, {"id": "979342522", "price": 0.14066, "amount": 85.0, "side": "sell", "timestamp": 1765496812131}, {"id": "979342523", "price": 0.14067, "amount": 95.0, "side": "buy", "timestamp": 1765496812282}, {"id": "979342524", "price": 0.14066, "amount": 7085.0, "side": "sell", "timestamp": 1765496812507}, {"id": "979342525", "price": 0.14066, "amount": 10955.0, "side": "sell", "timestamp": 1765496812843}, {"id": "979342526", "price": 0.14066, "amount": 7109.0, "side": "sell", "timestamp": 1765496813189}, {"id": "979342527", "price": 0.14066, "amount": 7109.0, "side": "sell", "timestamp": 1765496813557}, {"id": "979342528", "price": 0.14066, "amount": 7109.0, "side": "sell", "timestamp": 1765496813929}, {"id": "979342529", "price": 0.14066, "amount": 7109.0, "side": "sell", "timestamp": 1765496814517}, {"id": "979342530", "price": 0.14066, "amount": 7109.0, "side": "sell", "timestamp": 1765496814919}, {"id": "979342531", "price": 0.14066, "amount": 85.0, "side": "sell", "timestamp": 1765496815178}, {"id": "979342532", "price": 0.14067, "amount": 63.0, "side": "buy", "timestamp": 1765496815412}, {"id": "979342533", "price": 0.14066, "amount": 7109.0, "side": "sell", "timestamp": 1765496815488}, {"id": "979342534", "price": 0.14066, "amount": 58468.0, "side": "sell", "timestamp": 1765496815719}, {"id": "979342535", "price": 0.14065, "amount": 7109.0, "side": "sell", "timestamp": 1765496815895}, {"id": "979342536", "price": 0.14065, "amount": 7109.0, "side": "sell", "timestamp": 1765496816347}, {"id": "979342537", "price": 0.14066, "amount": 88.0, "side": "buy", "timestamp": 1765496816476}, {"id": "979342538", "price": 0.14065, "amount": 7109.0, "side": "sell", "timestamp": 1765496817003}, {"id": "979342539", "price": 0.14065, "amount": 578.0, "side": "sell", "timestamp": 1765496817114}, {"id": "979342540", "price": 0.14065, "amount": 7109.0, "side": "sell", "timestamp": 1765496817591}, {"id": "979342541", "price": 0.14065, "amount": 5807.0, "side": "sell", "timestamp": 1765496817698}, {"id": "979342542", "price": 0.14065, "amount": 18731.0, "side": "sell", "timestamp": 1765496817851}, {"id": "979342543", "price": 0.14064, "amount": 57579.0, "side": "sell", "timestamp": 1765496817863}, {"id": "979342544", "price": 0.14063, "amount": 41905.0, "side": "sell", "timestamp": 1765496817871}, {"id": "979342545", "price": 0.14062, "amount": 36606.0, "side": "sell", "timestamp": 1765496817884}, {"id": "979342546", "price": 0.14061, "amount": 2699.0, "side": "sell", "timestamp": 1765496817938}, {"id": "979342547", "price": 0.14061, "amount": 16613.0, "side": "sell", "timestamp": 1765496818071}, {"id": "979342548", "price": 0.1406, "amount": 1110.0, "side": "sell", "timestamp": 1765496818139}, {"id": "979342549", "price": 0.14061, "amount": 28471.0, "side": "buy", "timestamp": 1765496818188}, {"id": "979342550", "price": 0.1406, "amount": 85.0, "side": "sell", "timestamp": 1765496818231}, {"id": "979342551", "price": 0.14061, "amount": 15786.0, "side": "buy", "timestamp": 1765496818475}, {"id": "979342552", "price": 0.1406, "amount": 37.0, "side": "sell", "timestamp": 1765496818729}, {"id": "979342553", "price": 0.1406, "amount": 3042.0, "side": "sell", "timestamp": 1765496819319}, {"id": "979342554", "price": 0.14059, "amount": 19725.0, "side": "sell", "timestamp": 1765496820307}, {"id": "979342555", "price": 0.14058, "amount": 470.0, "side": "sell", "timestamp": 1765496820357}, {"id": "979342556", "price": 0.14058, "amount": 760.0, "side": "buy", "timestamp": 1765496820700}, {"id": "979342557", "price": 0.14057, "amount": 21587.0, "side": "sell", "timestamp": 1765496821033}, {"id": "979342558", "price": 0.14058, "amount": 29474.0, "side": "buy", "timestamp": 1765496821340}, {"id": "979342559", "price": 0.14058, "amount": 78279.0, "side": "sell", "timestamp": 1765496821351}, {"id": "979342621", "price": 0.14061, "amount": 449.0, "side": "sell", "timestamp": 1765496849890}, {"id": "979342622", "price": 0.14062, "amount": 711.0, "side": "buy", "timestamp": 1765496850066}, {"id": "979342623", "price": 0.14061, "amount": 67.0, "side": "sell", "timestamp": 1765496850091}, {"id": "979342624", "price": 0.14062, "amount": 24.0, "side": "buy", "timestamp": 1765496850378}, {"id": "979342625", "price": 0.14061, "amount": 208.0, "side": "sell", "timestamp": 1765496850649}, {"id": "979342626", "price": 0.14061, "amount": 82719.0, "side": "sell", "timestamp": 1765496851052}, {"id": "979342627", "price": 0.14061, "amount": 47.0, "side": "sell", "timestamp": 1765496853472}, {"id": "979342628", "price": 0.14061, "amount": 85.0, "side": "sell", "timestamp": 1765496854064}, {"id": "979342629", "price": 0.14061, "amount": 112.0, "side": "sell", "timestamp": 1765496854170}, {"id": "979342630", "price": 0.14061, "amount": 598.0, "side": "sell", "timestamp": 1765496855002}, {"id": "979342631", "price": 0.14062, "amount": 71.0, "side": "buy", "timestamp": 1765496855552}, {"id": "979342632", "price": 0.14062, "amount": 45.0, "side": "buy", "timestamp": 1765496855837}, {"id": "979342633", "price": 0.14061, "amount": 71.0, "side": "sell", "timestamp": 1765496856024}, {"id": "979342634", "price": 0.14062, "amount": 963.0, "side": "buy", "timestamp": 1765496856301}, {"id": "979342635", "price": 0.14061, "amount": 85.0, "side": "sell", "timestamp": 1765496857077}, {"id": "979342636", "price": 0.14061, "amount": 7881.0, "side": "sell", "timestamp": 1765496858214}, {"id": "979342637", "price": 0.14061, "amount": 77127.0, "side": "sell", "timestamp": 1765496859418}, {"id": "979342638", "price": 0.1406, "amount": 2217.0, "side": "sell", "timestamp": 1765496859471}, {"id": "979342639", "price": 0.14059, "amount": 256.0, "side": "sell", "timestamp": 1765496859746}, {"id": "979342640", "price": 0.14059, "amount": 477.0, "side": "sell", "timestamp": 1765496859964}, {"id": "979342641", "price": 0.1406, "amount": 78.0, "side": "buy", "timestamp": 1765496860649}, {"id": "979342642", "price": 0.14059, "amount": 3321.0, "side": "sell", "timestamp": 1765496860653}, {"id": "979342643", "price": 0.14059, "amount": 16543.0, "side": "sell", "timestamp": 1765496861068}, {"id": "979342644", "price": 0.14059, "amount": 3372.0, "side": "buy", "timestamp": 1765496861852}, {"id": "979342645", "price": 0.14059, "amount": 85.0, "side": "sell", "timestamp": 1765496863098}, {"id": "979342646", "price": 0.1406, "amount": 52.0, "side": "buy", "timestamp": 1765496863147}, {"id": "979342647", "price": 0.1406, "amount": 71.0, "side": "buy", "timestamp": 1765496865481}, {"id": "979342648", "price": 0.14059, "amount": 71.0, "side": "sell", "timestamp": 1765496865943}, {"id": "979342649", "price": 0.14059, "amount": 85.0, "side": "sell", "timestamp": 1765496866130}, {"id": "979342650", "price": 0.1406, "amount": 136.0, "side": "buy", "timestamp": 1765496866864}, {"id": "979342651", "price": 0.1406, "amount": 89.0, "side": "buy", "timestamp": 1765496867331}, {"id": "979342652", "price": 0.14059, "amount": 934.0, "side": "sell", "timestamp": 1765496867381}, {"id": "979342653", "price": 0.14059, "amount": 169.0, "side": "sell", "timestamp": 1765496868281}, {"id": "979342654", "price": 0.14059, "amount": 157.0, "side": "sell", "timestamp": 1765496869103}, {"id": "979342655", "price": 0.14059, "amount": 5701.0, "side": "sell", "timestamp": 1765496869325}, {"id": "979342656", "price": 0.14058, "amount": 348.0, "side": "sell", "timestamp": 1765496869466}, {"id": "979342657", "price": 0.14058, "amount": 47.0, "side": "sell", "timestamp": 1765496869631}, {"id": "979342658", "price": 0.14058, "amount": 313.0, "side": "sell", "timestamp": 1765496869822}, {"id": "979342659", "price": 0.14058, "amount": 299.0, "side": "sell", "timestamp": 1765496870044}, {"id": "979342660", "price": 0.14058, "amount": 28056.0, "side": "sell", "timestamp": 1765496870515}, {"id": "979342661", "price": 0.14057, "amount": 2147.0, "side": "sell", "timestamp": 1765496870570}, {"id": "979342662", "price": 0.14056, "amount": 691.0, "side": "sell", "timestamp": 1765496870731}, {"id": "979342663", "price": 0.14056, "amount": 8500.0, "side": "buy", "timestamp": 1765496870820}, {"id": "979342664", "price": 0.14056, "amount": 8500.0, "side": "buy", "timestamp": 1765496871059}, {"id": "979342665", "price": 0.14056, "amount": 8500.0, "side": "buy", "timestamp": 1765496871290}, {"id": "979342666", "price": 0.14055, "amount": 138.0, "side": "sell", "timestamp": 1765496871360}, {"id": "979342667", "price": 0.14056, "amount": 8500.0, "side": "buy", "timestamp": 1765496871560}, {"id": "979342668", "price": 0.14056, "amount": 2550.0, "side": "buy", "timestamp": 1765496871799}, {"id": "979342669", "price": 0.14055, "amount": 85.0, "side": "sell", "timestamp": 1765496872026}, {"id": "979342670", "price": 0.14056, "amount": 41.0, "side": "buy", "timestamp": 1765496874116}, {"id": "979342740", "price": 0.14052, "amount": 6419.0, "side": "sell", "timestamp": 1765496897890}, {"id": "979342741", "price": 0.14051, "amount": 20877.0, "side": "sell", "timestamp": 1765496897893}, {"id": "979342742", "price": 0.14051, "amount": 46.0, "side": "sell", "timestamp": 1765496898342}, {"id": "979342743", "price": 0.14051, "amount": 654.0, "side": "sell", "timestamp": 1765496899202}, {"id": "979342744", "price": 0.14051, "amount": 346.0, "side": "sell", "timestamp": 1765496899767}, {"id": "979342745", "price": 0.14051, "amount": 162.0, "side": "sell", "timestamp": 1765496899890}, {"id": "979342746", "price": 0.14051, "amount": 440.0, "side": "sell", "timestamp": 1765496900059}, {"id": "979342747", "price": 0.14052, "amount": 154.0, "side": "buy", "timestamp": 1765496900369}, {"id": "979342748", "price": 0.14051, "amount": 85.0, "side": "sell", "timestamp": 1765496902026}, {"id": "979342749", "price": 0.14052, "amount": 183.0, "side": "buy", "timestamp": 1765496902101}, {"id": "979342750", "price": 0.14051, "amount": 4848.0, "side": "sell", "timestamp": 1765496902174}, {"id": "979342751", "price": 0.14051, "amount": 389.0, "side": "sell", "timestamp": 1765496903117}, {"id": "979342752", "price": 0.14051, "amount": 708.0, "side": "sell", "timestamp": 1765496904727}, {"id": "979342753", "price": 0.14051, "amount": 175.0, "side": "sell", "timestamp": 1765496904936}, {"id": "979342754", "price": 0.14051, "amount": 5778.0, "side": "sell", "timestamp": 1765496905055}, {"id": "979342755", "price": 0.14051, "amount": 100000.0, "side": "sell", "timestamp": 1765496905206}, {"id": "979342756", "price": 0.14052, "amount": 81.0, "side": "buy", "timestamp": 1765496905513}, {"id": "979342757", "price": 0.14051, "amount": 1654.0, "side": "sell", "timestamp": 1765496907577}, {"id": "979342758", "price": 0.14051, "amount": 85.0, "side": "sell", "timestamp": 1765496908088}, {"id": "979342759", "price": 0.14052, "amount": 51.0, "side": "buy", "timestamp": 1765496908654}, {"id": "979342760", "price": 0.14051, "amount": 214.0, "side": "sell", "timestamp": 1765496909197}, {"id": "979342761", "price": 0.14051, "amount": 163.0, "side": "sell", "timestamp": 1765496909767}, {"id": "979342762", "price": 0.14051, "amount": 807.0, "side": "sell", "timestamp": 1765496910041}, {"id": "979342763", "price": 0.14052, "amount": 12.0, "side": "buy", "timestamp": 1765496910925}, {"id": "979342764", "price": 0.14051, "amount": 85.0, "side": "sell", "timestamp": 1765496911101}, {"id": "979342765", "price": 0.14051, "amount": 47.0, "side": "sell", "timestamp": 1765496913535}, {"id": "979342766", "price": 0.14051, "amount": 85.0, "side": "sell", "timestamp": 1765496914113}, {"id": "979342767", "price": 0.14051, "amount": 473.0, "side": "sell", "timestamp": 1765496914814}, {"id": "979342768", "price": 0.14051, "amount": 508.0, "side": "sell", "timestamp": 1765496914967}, {"id": "979342769", "price": 0.14051, "amount": 621.0, "side": "sell", "timestamp": 1765496915630}, {"id": "979342770", "price": 0.14052, "amount": 85.0, "side": "buy", "timestamp": 1765496915725}, {"id": "979342771", "price": 0.14051, "amount": 111.0, "side": "sell", "timestamp": 1765496915913}, {"id": "979342772", "price": 0.14052, "amount": 116.0, "side": "buy", "timestamp": 1765496916939}, {"id": "979342773", "price": 0.14051, "amount": 85.0, "side": "sell", "timestamp": 1765496917144}, {"id": "979342774", "price": 0.14051, "amount": 142.0, "side": "sell", "timestamp": 1765496918364}, {"id": "979342775", "price": 0.14052, "amount": 89.0, "side": "buy", "timestamp": 1765496918555}, {"id": "979342776", "price": 0.14051, "amount": 175.0, "side": "sell", "timestamp": 1765496919761}, {"id": "979342777", "price": 0.14051, "amount": 805.0, "side": "sell", "timestamp": 1765496919907}, {"id": "979342778", "price": 0.14052, "amount": 2819.0, "side": "buy", "timestamp": 1765496920096}, {"id": "979342779", "price": 0.14051, "amount": 85.0, "side": "sell", "timestamp": 1765496920155}, {"id": "979342780", "price": 0.14051, "amount": 201.0, "side": "sell", "timestamp": 1765496923050}, {"id": "979342781", "price": 0.14051, "amount": 85.0, "side": "sell", "timestamp": 1765496923172}, {"id": "979342782", "price": 0.14051, "amount": 171214.0, "side": "sell", "timestamp": 1765496924612}, {"id": "979342783", "price": 0.1405, "amount": 44816.0, "side": "sell", "timestamp": 1765496924613}, {"id": "979342784", "price": 0.1405, "amount": 326.0, "side": "sell", "timestamp": 1765496924763}, {"id": "979342785", "price": 0.1405, "amount": 623.0, "side": "sell", "timestamp": 1765496924919}, {"id": "979342786", "price": 0.1405, "amount": 47.0, "side": "sell", "timestamp": 1765496925402}, {"id": "979342787", "price": 0.1405, "amount": 1091.0, "side": "sell", "timestamp": 1765496925915}, {"id": "979342788", "price": 0.14051, "amount": 154.0, "side": "buy", "timestamp": 1765496925982}, {"id": "979342789", "price": 0.1405, "amount": 85.0, "side": "sell", "timestamp": 1765496926191}, {"id": "979342864", "price": 0.14044, "amount": 2670.0, "side": "buy", "timestamp": 1765496958042}, {"id": "979342865", "price": 0.14043, "amount": 12000.0, "side": "sell", "timestamp": 1765496958042}, {"id": "979342866", "price": 0.14044, "amount": 5001.0, "side": "buy", "timestamp": 1765496958042}, {"id": "979342867", "price": 0.14044, "amount": 8567.0, "side": "sell", "timestamp": 1765496958076}, {"id": "979342868", "price": 0.14045, "amount": 2465.0, "side": "buy", "timestamp": 1765496958132}, {"id": "979342869", "price": 0.14044, "amount": 17500.0, "side": "sell", "timestamp": 1765496958164}, {"id": "979342870", "price": 0.14045, "amount": 17.0, "side": "buy", "timestamp": 1765496958426}, {"id": "979342871", "price": 0.14044, "amount": 48.0, "side": "sell", "timestamp": 1765496958429}, {"id": "979342872", "price": 0.14044, "amount": 756.0, "side": "sell", "timestamp": 1765496959193}, {"id": "979342873", "price": 0.14043, "amount": 54.0, "side": "sell", "timestamp": 1765496959593}, {"id": "979342874", "price": 0.14043, "amount": 552.0, "side": "sell", "timestamp": 1765496959817}, {"id": "979342875", "price": 0.14043, "amount": 110.0, "side": "sell", "timestamp": 1765496959949}, {"id": "979342876", "price": 0.14043, "amount": 77.0, "side": "sell", "timestamp": 1765496960102}, {"id": "979342877", "price": 0.14043, "amount": 32888.0, "side": "sell", "timestamp": 1765496960482}, {"id": "979342878", "price": 0.14042, "amount": 3017.0, "side": "sell", "timestamp": 1765496960576}, {"id": "979342879", "price": 0.14042, "amount": 975.0, "side": "sell", "timestamp": 1765496961029}, {"id": "979342880", "price": 0.14043, "amount": 201.0, "side": "buy", "timestamp": 1765496961331}, {"id": "979342881", "price": 0.14042, "amount": 85.0, "side": "sell", "timestamp": 1765496962003}, {"id": "979342882", "price": 0.14043, "amount": 2237.0, "side": "buy", "timestamp": 1765496962677}, {"id": "979342883", "price": 0.14043, "amount": 78.0, "side": "buy", "timestamp": 1765496962781}, {"id": "979342884", "price": 0.14042, "amount": 16220.0, "side": "sell", "timestamp": 1765496963334}, {"id": "979342885", "price": 0.14043, "amount": 5000.0, "side": "buy", "timestamp": 1765496963782}, {"id": "979342886", "price": 0.14042, "amount": 324.0, "side": "sell", "timestamp": 1765496964706}, {"id": "979342887", "price": 0.14042, "amount": 471.0, "side": "sell", "timestamp": 1765496965002}, {"id": "979342888", "price": 0.14042, "amount": 610.0, "side": "sell", "timestamp": 1765496965489}, {"id": "979342889", "price": 0.14043, "amount": 80.0, "side": "buy", "timestamp": 1765496966067}, {"id": "979342890", "price": 0.14042, "amount": 85.0, "side": "sell", "timestamp": 1765496968071}, {"id": "979342891", "price": 0.14043, "amount": 209.0, "side": "buy", "timestamp": 1765496968236}, {"id": "979342892", "price": 0.14043, "amount": 5000.0, "side": "buy", "timestamp": 1765496968602}, {"id": "979342893", "price": 0.14043, "amount": 102.0, "side": "buy", "timestamp": 1765496969280}, {"id": "979342894", "price": 0.14042, "amount": 214.0, "side": "sell", "timestamp": 1765496969395}, {"id": "979342895", "price": 0.14043, "amount": 88.0, "side": "buy", "timestamp": 1765496969406}, {"id": "979342896", "price": 0.14042, "amount": 188.0, "side": "sell", "timestamp": 1765496969713}, {"id": "979342897", "price": 0.14042, "amount": 500.0, "side": "sell", "timestamp": 1765496969965}, {"id": "979342898", "price": 0.14042, "amount": 47.0, "side": "sell", "timestamp": 1765496970796}, {"id": "979342899", "price": 0.14042, "amount": 85.0, "side": "sell", "timestamp": 1765496971082}, {"id": "979342900", "price": 0.14043, "amount": 24.0, "side": "buy", "timestamp": 1765496971459}, {"id": "979342901", "price": 0.14042, "amount": 370.0, "side": "sell", "timestamp": 1765496972321}, {"id": "979342902", "price": 0.14042, "amount": 85.0, "side": "sell", "timestamp": 1765496974097}, {"id": "979342903", "price": 0.14043, "amount": 139127.0, "side": "buy", "timestamp": 1765496974118}, {"id": "979342904", "price": 0.14044, "amount": 27647.0, "side": "buy", "timestamp": 1765496974502}, {"id": "979342905", "price": 0.14044, "amount": 353.0, "side": "sell", "timestamp": 1765496975198}, {"id": "979342906", "price": 0.14045, "amount": 35.0, "side": "buy", "timestamp": 1765496976360}, {"id": "979342907", "price": 0.14045, "amount": 313.0, "side": "buy", "timestamp": 1765496976564}, {"id": "979342908", "price": 0.14044, "amount": 85.0, "side": "sell", "timestamp": 1765496977139}, {"id": "979342909", "price": 0.14044, "amount": 1068.0, "side": "sell", "timestamp": 1765496978573}, {"id": "979342910", "price": 0.14044, "amount": 77622.0, "side": "sell", "timestamp": 1765496979907}, {"id": "979342911", "price": 0.14044, "amount": 68.0, "side": "buy", "timestamp": 1765496979938}, {"id": "979342912", "price": 0.14043, "amount": 85.0, "side": "sell", "timestamp": 1765496980163}, {"id": "979342913", "price": 0.14043, "amount": 24250.0, "side": "sell", "timestamp": 1765496980465}, {"id": "979343033", "price": 0.14038, "amount": 482.0, "side": "buy", "timestamp": 1765497015040}, {"id": "979343034", "price": 0.14038, "amount": 55.0, "side": "buy", "timestamp": 1765497015321}, {"id": "979343035", "price": 0.14037, "amount": 44.0, "side": "sell", "timestamp": 1765497015883}, {"id": "979343036", "price": 0.14037, "amount": 85.0, "side": "sell", "timestamp": 1765497016137}, {"id": "979343037", "price": 0.14038, "amount": 196.0, "side": "buy", "timestamp": 1765497016644}, {"id": "979343038", "price": 0.14038, "amount": 212.0, "side": "buy", "timestamp": 1765497016830}, {"id": "979343039", "price": 0.14037, "amount": 293.0, "side": "sell", "timestamp": 1765497017117}, {"id": "979343040", "price": 0.14037, "amount": 232.0, "side": "sell", "timestamp": 1765497017268}, {"id": "979343041", "price": 0.14037, "amount": 32499.0, "side": "sell", "timestamp": 1765497017669}, {"id": "979343042", "price": 0.14036, "amount": 1008.0, "side": "sell", "timestamp": 1765497017680}, {"id": "979343043", "price": 0.14035, "amount": 45324.0, "side": "sell", "timestamp": 1765497017851}, {"id": "979343044", "price": 0.14034, "amount": 2670.0, "side": "sell", "timestamp": 1765497017857}, {"id": "979343045", "price": 0.14034, "amount": 410.0, "side": "sell", "timestamp": 1765497019125}, {"id": "979343046", "price": 0.14034, "amount": 232.0, "side": "sell", "timestamp": 1765497019732}, {"id": "979343047", "price": 0.14035, "amount": 852.0, "side": "buy", "timestamp": 1765497019743}, {"id": "979343048", "price": 0.14034, "amount": 228.0, "side": "sell", "timestamp": 1765497019837}, {"id": "979343049", "price": 0.14034, "amount": 85.0, "side": "sell", "timestamp": 1765497019974}, {"id": "979343050", "price": 0.14035, "amount": 70.0, "side": "buy", "timestamp": 1765497020630}, {"id": "979343051", "price": 0.14034, "amount": 2670.0, "side": "sell", "timestamp": 1765497021206}, {"id": "979343052", "price": 0.14034, "amount": 85.0, "side": "sell", "timestamp": 1765497022012}, {"id": "979343053", "price": 0.14035, "amount": 42.0, "side": "buy", "timestamp": 1765497022259}, {"id": "979343054", "price": 0.14034, "amount": 333.0, "side": "sell", "timestamp": 1765497023186}, {"id": "979343055", "price": 0.14035, "amount": 69900.0, "side": "buy", "timestamp": 1765497023725}, {"id": "979343056", "price": 0.14035, "amount": 144.0, "side": "buy", "timestamp": 1765497023871}, {"id": "979343057", "price": 0.14036, "amount": 22867.0, "side": "buy", "timestamp": 1765497024132}, {"id": "979343058", "price": 0.14036, "amount": 234.0, "side": "sell", "timestamp": 1765497024475}, {"id": "979343059", "price": 0.14036, "amount": 317.0, "side": "sell", "timestamp": 1765497025072}, {"id": "979343060", "price": 0.14037, "amount": 573.0, "side": "buy", "timestamp": 1765497025381}, {"id": "979343061", "price": 0.14037, "amount": 11726.0, "side": "buy", "timestamp": 1765497025867}, {"id": "979343062", "price": 0.14036, "amount": 252.0, "side": "sell", "timestamp": 1765497026161}, {"id": "979343063", "price": 0.14037, "amount": 42.0, "side": "buy", "timestamp": 1765497026262}, {"id": "979343064", "price": 0.14036, "amount": 23391.0, "side": "sell", "timestamp": 1765497026369}, {"id": "979343065", "price": 0.14037, "amount": 64.0, "side": "buy", "timestamp": 1765497026712}, {"id": "979343066", "price": 0.14036, "amount": 51.0, "side": "sell", "timestamp": 1765497026816}, {"id": "979343067", "price": 0.14036, "amount": 238.0, "side": "sell", "timestamp": 1765497027081}, {"id": "979343068", "price": 0.14036, "amount": 155.0, "side": "sell", "timestamp": 1765497027897}, {"id": "979343069", "price": 0.14036, "amount": 85.0, "side": "sell", "timestamp": 1765497028085}, {"id": "979343070", "price": 0.14037, "amount": 121.0, "side": "buy", "timestamp": 1765497028565}, {"id": "979343071", "price": 0.14037, "amount": 213.0, "side": "buy", "timestamp": 1765497029680}, {"id": "979343072", "price": 0.14037, "amount": 132.0, "side": "buy", "timestamp": 1765497030175}, {"id": "979343073", "price": 0.14037, "amount": 76029.0, "side": "buy", "timestamp": 1765497030498}, {"id": "979343074", "price": 0.14038, "amount": 5654.0, "side": "buy", "timestamp": 1765497030541}, {"id": "979343075", "price": 0.14038, "amount": 82.0, "side": "sell", "timestamp": 1765497030636}, {"id": "979343076", "price": 0.14039, "amount": 51304.0, "side": "buy", "timestamp": 1765497030780}, {"id": "979343077", "price": 0.14039, "amount": 85.0, "side": "sell", "timestamp": 1765497031112}, {"id": "979343078", "price": 0.14039, "amount": 44.0, "side": "sell", "timestamp": 1765497031360}, {"id": "979343079", "price": 0.1404, "amount": 42.0, "side": "buy", "timestamp": 1765497031373}, {"id": "979343080", "price": 0.1404, "amount": 417.0, "side": "buy", "timestamp": 1765497031797}, {"id": "979343081", "price": 0.1404, "amount": 18.0, "side": "buy", "timestamp": 1765497032016}, {"id": "979343082", "price": 0.14039, "amount": 232.0, "side": "sell", "timestamp": 1765497033188}, {"id": "979343135", "price": 0.14046, "amount": 358.0, "side": "buy", "timestamp": 1765497060754}, {"id": "979343136", "price": 0.14045, "amount": 98205.0, "side": "sell", "timestamp": 1765497061025}, {"id": "979343137", "price": 0.14044, "amount": 2766.0, "side": "sell", "timestamp": 1765497061030}, {"id": "979343138", "price": 0.14043, "amount": 5204.0, "side": "sell", "timestamp": 1765497061147}, {"id": "979343139", "price": 0.14044, "amount": 54.0, "side": "buy", "timestamp": 1765497061565}, {"id": "979343140", "price": 0.14043, "amount": 45.0, "side": "sell", "timestamp": 1765497062165}, {"id": "979343141", "price": 0.14044, "amount": 188.0, "side": "buy", "timestamp": 1765497062184}, {"id": "979343142", "price": 0.14044, "amount": 20422.0, "side": "buy", "timestamp": 1765497062816}, {"id": "979343143", "price": 0.14045, "amount": 64.0, "side": "buy", "timestamp": 1765497063218}, {"id": "979343144", "price": 0.14044, "amount": 317.0, "side": "sell", "timestamp": 1765497063455}, {"id": "979343145", "price": 0.14045, "amount": 100.0, "side": "buy", "timestamp": 1765497063561}, {"id": "979343146", "price": 0.14044, "amount": 85.0, "side": "sell", "timestamp": 1765497064030}, {"id": "979343147", "price": 0.14045, "amount": 63.0, "side": "buy", "timestamp": 1765497064268}, {"id": "979343148", "price": 0.14045, "amount": 171.0, "side": "buy", "timestamp": 1765497064693}, {"id": "979343149", "price": 0.14045, "amount": 268.0, "side": "buy", "timestamp": 1765497064853}, {"id": "979343150", "price": 0.14045, "amount": 313.0, "side": "buy", "timestamp": 1765497065072}, {"id": "979343151", "price": 0.14045, "amount": 208.0, "side": "buy", "timestamp": 1765497065355}, {"id": "979343152", "price": 0.14045, "amount": 379.0, "side": "buy", "timestamp": 1765497065468}, {"id": "979343153", "price": 0.14045, "amount": 273.0, "side": "buy", "timestamp": 1765497065584}, {"id": "979343154", "price": 0.14045, "amount": 61.0, "side": "buy", "timestamp": 1765497065869}, {"id": "979343155", "price": 0.14045, "amount": 166.0, "side": "buy", "timestamp": 1765497066601}, {"id": "979343156", "price": 0.14044, "amount": 85.0, "side": "sell", "timestamp": 1765497067063}, {"id": "979343157", "price": 0.14045, "amount": 54.0, "side": "buy", "timestamp": 1765497067808}, {"id": "979343158", "price": 0.14045, "amount": 118.0, "side": "buy", "timestamp": 1765497068732}, {"id": "979343159", "price": 0.14044, "amount": 799.0, "side": "sell", "timestamp": 1765497069086}, {"id": "979343160", "price": 0.14044, "amount": 85.0, "side": "sell", "timestamp": 1765497070091}, {"id": "979343161", "price": 0.14045, "amount": 51817.0, "side": "buy", "timestamp": 1765497070552}, {"id": "979343162", "price": 0.14046, "amount": 192.0, "side": "buy", "timestamp": 1765497071689}, {"id": "979343163", "price": 0.14046, "amount": 34371.0, "side": "buy", "timestamp": 1765497072268}, {"id": "979343164", "price": 0.14047, "amount": 1932.0, "side": "buy", "timestamp": 1765497072450}, {"id": "979343165", "price": 0.14047, "amount": 10524.0, "side": "sell", "timestamp": 1765497072783}, {"id": "979343166", "price": 0.14048, "amount": 12.0, "side": "buy", "timestamp": 1765497072994}, {"id": "979343167", "price": 0.14047, "amount": 85.0, "side": "sell", "timestamp": 1765497073101}, {"id": "979343168", "price": 0.14047, "amount": 44.0, "side": "sell", "timestamp": 1765497073473}, {"id": "979343169", "price": 0.14048, "amount": 34.0, "side": "buy", "timestamp": 1765497074069}, {"id": "979343170", "price": 0.14047, "amount": 252.0, "side": "sell", "timestamp": 1765497074766}, {"id": "979343171", "price": 0.14047, "amount": 85.0, "side": "sell", "timestamp": 1765497076133}, {"id": "979343172", "price": 0.14047, "amount": 45.0, "side": "sell", "timestamp": 1765497076383}, {"id": "979343173", "price": 0.14048, "amount": 386.0, "side": "buy", "timestamp": 1765497077469}, {"id": "979343174", "price": 0.14048, "amount": 57379.0, "side": "buy", "timestamp": 1765497078353}, {"id": "979343175", "price": 0.14049, "amount": 76583.0, "side": "buy", "timestamp": 1765497078353}, {"id": "979343176", "price": 0.14049, "amount": 18.0, "side": "buy", "timestamp": 1765497078565}, {"id": "979343177", "price": 0.14049, "amount": 11.0, "side": "buy", "timestamp": 1765497079018}, {"id": "979343178", "price": 0.14048, "amount": 122.0, "side": "sell", "timestamp": 1765497079137}, {"id": "979343179", "price": 0.14049, "amount": 149.0, "side": "buy", "timestamp": 1765497079400}, {"id": "979343180", "price": 0.14049, "amount": 82.0, "side": "buy", "timestamp": 1765497079794}, {"id": "979343181", "price": 0.14048, "amount": 85.0, "side": "sell", "timestamp": 1765497082183}, {"id": "979343182", "price": 0.14049, "amount": 489.0, "side": "buy", "timestamp": 1765497082241}, {"id": "979343183", "price": 0.14049, "amount": 245.0, "side": "buy", "timestamp": 1765497083799}, {"id": "979343184", "price": 0.14048, "amount": 304.0, "side": "sell", "timestamp": 1765497084982}, {"id": "979343259", "price": 0.14052, "amount": 85.0, "side": "sell", "timestamp": 1765497121185}, {"id": "979343260", "price": 0.14053, "amount": 7.0, "side": "buy", "timestamp": 1765497121490}, {"id": "979343261", "price": 0.14053, "amount": 7405.0, "side": "buy", "timestamp": 1765497122875}, {"id": "979343262", "price": 0.14052, "amount": 44.0, "side": "sell", "timestamp": 1765497122895}, {"id": "979343263", "price": 0.14053, "amount": 70.0, "side": "buy", "timestamp": 1765497123091}, {"id": "979343264", "price": 0.14052, "amount": 85.0, "side": "sell", "timestamp": 1765497124199}, {"id": "979343265", "price": 0.14053, "amount": 3.0, "side": "buy", "timestamp": 1765497124294}, {"id": "979343266", "price": 0.14053, "amount": 495.0, "side": "buy", "timestamp": 1765497124396}, {"id": "979343267", "price": 0.14052, "amount": 225.0, "side": "sell", "timestamp": 1765497124449}, {"id": "979343268", "price": 0.14053, "amount": 42.0, "side": "buy", "timestamp": 1765497124739}, {"id": "979343269", "price": 0.14053, "amount": 378.0, "side": "buy", "timestamp": 1765497124911}, {"id": "979343270", "price": 0.14053, "amount": 111.0, "side": "buy", "timestamp": 1765497125241}, {"id": "979343271", "price": 0.14053, "amount": 1377.0, "side": "buy", "timestamp": 1765497125360}, {"id": "979343272", "price": 0.14053, "amount": 275.0, "side": "buy", "timestamp": 1765497125507}, {"id": "979343273", "price": 0.14052, "amount": 20000.0, "side": "sell", "timestamp": 1765497125667}, {"id": "979343274", "price": 0.14053, "amount": 50.0, "side": "buy", "timestamp": 1765497125709}, {"id": "979343275", "price": 0.14053, "amount": 68.0, "side": "buy", "timestamp": 1765497125826}, {"id": "979343276", "price": 0.14052, "amount": 85.0, "side": "sell", "timestamp": 1765497127013}, {"id": "979343277", "price": 0.14053, "amount": 75.0, "side": "buy", "timestamp": 1765497127051}, {"id": "979343278", "price": 0.14052, "amount": 37798.0, "side": "sell", "timestamp": 1765497128353}, {"id": "979343279", "price": 0.14053, "amount": 49.0, "side": "buy", "timestamp": 1765497128476}, {"id": "979343280", "price": 0.14053, "amount": 2000.0, "side": "buy", "timestamp": 1765497129783}, {"id": "979343281", "price": 0.14052, "amount": 85.0, "side": "sell", "timestamp": 1765497130034}, {"id": "979343282", "price": 0.14053, "amount": 121.0, "side": "buy", "timestamp": 1765497130734}, {"id": "979343283", "price": 0.14052, "amount": 27176.0, "side": "sell", "timestamp": 1765497131186}, {"id": "979343284", "price": 0.14052, "amount": 24543.0, "side": "sell", "timestamp": 1765497131364}, {"id": "979343285", "price": 0.14051, "amount": 53328.0, "side": "sell", "timestamp": 1765497131407}, {"id": "979343286", "price": 0.14051, "amount": 3739.0, "side": "buy", "timestamp": 1765497131434}, {"id": "979343287", "price": 0.1405, "amount": 836.0, "side": "sell", "timestamp": 1765497131457}, {"id": "979343288", "price": 0.1405, "amount": 2832.0, "side": "buy", "timestamp": 1765497131514}, {"id": "979343289", "price": 0.14049, "amount": 50672.0, "side": "sell", "timestamp": 1765497131675}, {"id": "979343290", "price": 0.14048, "amount": 29115.0, "side": "sell", "timestamp": 1765497131722}, {"id": "979343291", "price": 0.14048, "amount": 21413.0, "side": "sell", "timestamp": 1765497132459}, {"id": "979343292", "price": 0.14047, "amount": 85.0, "side": "sell", "timestamp": 1765497133085}, {"id": "979343293", "price": 0.14047, "amount": 44.0, "side": "sell", "timestamp": 1765497133518}, {"id": "979343294", "price": 0.14048, "amount": 52.0, "side": "buy", "timestamp": 1765497133616}, {"id": "979343295", "price": 0.14047, "amount": 252.0, "side": "sell", "timestamp": 1765497134637}, {"id": "979343296", "price": 0.14047, "amount": 44.0, "side": "sell", "timestamp": 1765497135462}, {"id": "979343297", "price": 0.14047, "amount": 85.0, "side": "sell", "timestamp": 1765497136111}, {"id": "979343298", "price": 0.14048, "amount": 55.0, "side": "buy", "timestamp": 1765497136166}, {"id": "979343299", "price": 0.14048, "amount": 36.0, "side": "buy", "timestamp": 1765497137120}, {"id": "979343300", "price": 0.14047, "amount": 84.0, "side": "sell", "timestamp": 1765497137147}, {"id": "979343301", "price": 0.14047, "amount": 2000.0, "side": "sell", "timestamp": 1765497137850}, {"id": "979343302", "price": 0.14048, "amount": 128.0, "side": "buy", "timestamp": 1765497138513}, {"id": "979343303", "price": 0.14047, "amount": 15216.0, "side": "sell", "timestamp": 1765497138657}, {"id": "979343304", "price": 0.14046, "amount": 52269.0, "side": "sell", "timestamp": 1765497138665}, {"id": "979343305", "price": 0.14045, "amount": 71209.0, "side": "sell", "timestamp": 1765497138675}, {"id": "979343306", "price": 0.14044, "amount": 1902.0, "side": "sell", "timestamp": 1765497138686}, {"id": "979343307", "price": 0.14045, "amount": 5379.0, "side": "buy", "timestamp": 1765497138810}, {"id": "979343308", "price": 0.14044, "amount": 85.0, "side": "sell", "timestamp": 1765497139152}, {"id": "979343391", "price": 0.14033, "amount": 111.0, "side": "buy", "timestamp": 1765497175929}, {"id": "979343392", "price": 0.14032, "amount": 131.0, "side": "sell", "timestamp": 1765497176226}, {"id": "979343393", "price": 0.14033, "amount": 315.0, "side": "buy", "timestamp": 1765497176230}, {"id": "979343394", "price": 0.14033, "amount": 3554.0, "side": "buy", "timestamp": 1765497176737}, {"id": "979343395", "price": 0.14032, "amount": 153.0, "side": "sell", "timestamp": 1765497177068}, {"id": "979343396", "price": 0.14033, "amount": 40.0, "side": "buy", "timestamp": 1765497177462}, {"id": "979343397", "price": 0.14032, "amount": 288.0, "side": "sell", "timestamp": 1765497177639}, {"id": "979343398", "price": 0.14032, "amount": 85.0, "side": "sell", "timestamp": 1765497178189}, {"id": "979343399", "price": 0.14033, "amount": 3630.0, "side": "buy", "timestamp": 1765497178333}, {"id": "979343400", "price": 0.14032, "amount": 2881.0, "side": "sell", "timestamp": 1765497179137}, {"id": "979343401", "price": 0.14033, "amount": 59.0, "side": "buy", "timestamp": 1765497179973}, {"id": "979343402", "price": 0.14032, "amount": 8.0, "side": "sell", "timestamp": 1765497180247}, {"id": "979343403", "price": 0.14033, "amount": 41.0, "side": "buy", "timestamp": 1765497180385}, {"id": "979343404", "price": 0.14033, "amount": 523.0, "side": "buy", "timestamp": 1765497180723}, {"id": "979343405", "price": 0.14033, "amount": 45332.0, "side": "buy", "timestamp": 1765497180832}, {"id": "979343406", "price": 0.14034, "amount": 75653.0, "side": "buy", "timestamp": 1765497180880}, {"id": "979343407", "price": 0.14034, "amount": 85.0, "side": "sell", "timestamp": 1765497181004}, {"id": "979343408", "price": 0.14034, "amount": 41019.0, "side": "sell", "timestamp": 1765497181371}, {"id": "979343409", "price": 0.14034, "amount": 95.0, "side": "buy", "timestamp": 1765497181742}, {"id": "979343410", "price": 0.14034, "amount": 167.0, "side": "buy", "timestamp": 1765497181869}, {"id": "979343411", "price": 0.14034, "amount": 121.0, "side": "buy", "timestamp": 1765497182010}, {"id": "979343412", "price": 0.14034, "amount": 144.0, "side": "buy", "timestamp": 1765497182222}, {"id": "979343413", "price": 0.14033, "amount": 690.0, "side": "sell", "timestamp": 1765497182419}, {"id": "979343414", "price": 0.14034, "amount": 470.0, "side": "buy", "timestamp": 1765497182508}, {"id": "979343415", "price": 0.14033, "amount": 26603.0, "side": "sell", "timestamp": 1765497182890}, {"id": "979343416", "price": 0.14032, "amount": 5398.0, "side": "sell", "timestamp": 1765497182896}, {"id": "979343417", "price": 0.14031, "amount": 2236.0, "side": "sell", "timestamp": 1765497182897}, {"id": "979343418", "price": 0.14032, "amount": 111.0, "side": "buy", "timestamp": 1765497182949}, {"id": "979343419", "price": 0.14032, "amount": 47.0, "side": "buy", "timestamp": 1765497183954}, {"id": "979343420", "price": 0.14031, "amount": 85.0, "side": "sell", "timestamp": 1765497184025}, {"id": "979343421", "price": 0.14032, "amount": 95.0, "side": "buy", "timestamp": 1765497184283}, {"id": "979343422", "price": 0.14032, "amount": 143.0, "side": "buy", "timestamp": 1765497184772}, {"id": "979343423", "price": 0.14032, "amount": 44959.0, "side": "buy", "timestamp": 1765497185159}, {"id": "979343424", "price": 0.14033, "amount": 449.0, "side": "buy", "timestamp": 1765497185184}, {"id": "979343425", "price": 0.14034, "amount": 138.0, "side": "buy", "timestamp": 1765497185365}, {"id": "979343426", "price": 0.14034, "amount": 380.0, "side": "buy", "timestamp": 1765497185488}, {"id": "979343427", "price": 0.14034, "amount": 125.0, "side": "buy", "timestamp": 1765497185608}, {"id": "979343428", "price": 0.14034, "amount": 45.0, "side": "buy", "timestamp": 1765497185711}, {"id": "979343429", "price": 0.14033, "amount": 947.0, "side": "sell", "timestamp": 1765497185753}, {"id": "979343430", "price": 0.14034, "amount": 115.0, "side": "buy", "timestamp": 1765497185889}, {"id": "979343431", "price": 0.14034, "amount": 101.0, "side": "buy", "timestamp": 1765497186173}, {"id": "979343432", "price": 0.14033, "amount": 85.0, "side": "sell", "timestamp": 1765497187066}, {"id": "979343433", "price": 0.14033, "amount": 370.0, "side": "sell", "timestamp": 1765497187238}, {"id": "979343434", "price": 0.14034, "amount": 51.0, "side": "buy", "timestamp": 1765497187832}, {"id": "979343435", "price": 0.14034, "amount": 283.0, "side": "buy", "timestamp": 1765497188588}, {"id": "979343436", "price": 0.14033, "amount": 6851.0, "side": "sell", "timestamp": 1765497188654}, {"id": "979343437", "price": 0.14034, "amount": 21.0, "side": "buy", "timestamp": 1765497189555}, {"id": "979343438", "price": 0.14033, "amount": 85.0, "side": "sell", "timestamp": 1765497190120}, {"id": "979343439", "price": 0.14033, "amount": 38.0, "side": "sell", "timestamp": 1765497191507}, {"id": "979343440", "price": 0.14034, "amount": 231327.0, "side": "buy", "timestamp": 1765497191683}, {"id": "979343517", "price": 0.14026, "amount": 122.0, "side": "buy", "timestamp": 1765497232887}, {"id": "979343518", "price": 0.14025, "amount": 3000.0, "side": "sell", "timestamp": 1765497233583}, {"id": "979343519", "price": 0.14026, "amount": 68289.0, "side": "buy", "timestamp": 1765497233702}, {"id": "979343520", "price": 0.14027, "amount": 39.0, "side": "buy", "timestamp": 1765497233815}, {"id": "979343521", "price": 0.14026, "amount": 54.0, "side": "sell", "timestamp": 1765497234454}, {"id": "979343522", "price": 0.14026, "amount": 85.0, "side": "sell", "timestamp": 1765497235188}, {"id": "979343523", "price": 0.14026, "amount": 73.0, "side": "sell", "timestamp": 1765497235705}, {"id": "979343524", "price": 0.14027, "amount": 32.0, "side": "buy", "timestamp": 1765497236013}, {"id": "979343525", "price": 0.14027, "amount": 581.0, "side": "buy", "timestamp": 1765497237833}, {"id": "979343526", "price": 0.14026, "amount": 85.0, "side": "sell", "timestamp": 1765497238013}, {"id": "979343527", "price": 0.14026, "amount": 12109.0, "side": "sell", "timestamp": 1765497238244}, {"id": "979343528", "price": 0.14026, "amount": 434.0, "side": "buy", "timestamp": 1765497238921}, {"id": "979343529", "price": 0.14025, "amount": 552.0, "side": "sell", "timestamp": 1765497239512}, {"id": "979343530", "price": 0.14026, "amount": 6571.0, "side": "buy", "timestamp": 1765497239721}, {"id": "979343531", "price": 0.14026, "amount": 477.0, "side": "buy", "timestamp": 1765497240034}, {"id": "979343532", "price": 0.14026, "amount": 213.0, "side": "buy", "timestamp": 1765497240853}, {"id": "979343533", "price": 0.14025, "amount": 85.0, "side": "sell", "timestamp": 1765497241037}, {"id": "979343534", "price": 0.14026, "amount": 204.0, "side": "buy", "timestamp": 1765497241149}, {"id": "979343535", "price": 0.14025, "amount": 253.0, "side": "sell", "timestamp": 1765497241232}, {"id": "979343536", "price": 0.14025, "amount": 35710.0, "side": "sell", "timestamp": 1765497241371}, {"id": "979343537", "price": 0.14024, "amount": 12782.0, "side": "sell", "timestamp": 1765497241385}, {"id": "979343538", "price": 0.14023, "amount": 25665.0, "side": "sell", "timestamp": 1765497241387}, {"id": "979343539", "price": 0.14024, "amount": 3707.0, "side": "buy", "timestamp": 1765497241490}, {"id": "979343540", "price": 0.14024, "amount": 711.0, "side": "buy", "timestamp": 1765497241876}, {"id": "979343541", "price": 0.14024, "amount": 5.0, "side": "buy", "timestamp": 1765497242159}, {"id": "979343542", "price": 0.14023, "amount": 23405.0, "side": "sell", "timestamp": 1765497242411}, {"id": "979343543", "price": 0.14022, "amount": 228.0, "side": "sell", "timestamp": 1765497242464}, {"id": "979343544", "price": 0.14023, "amount": 267.0, "side": "buy", "timestamp": 1765497242473}, {"id": "979343545", "price": 0.14022, "amount": 4948.0, "side": "sell", "timestamp": 1765497242499}, {"id": "979343546", "price": 0.14021, "amount": 76.0, "side": "sell", "timestamp": 1765497242585}, {"id": "979343547", "price": 0.14022, "amount": 38.0, "side": "buy", "timestamp": 1765497243119}, {"id": "979343548", "price": 0.14021, "amount": 204.0, "side": "sell", "timestamp": 1765497243348}, {"id": "979343549", "price": 0.14021, "amount": 413.0, "side": "sell", "timestamp": 1765497243481}, {"id": "979343550", "price": 0.14021, "amount": 85.0, "side": "sell", "timestamp": 1765497244144}, {"id": "979343551", "price": 0.14022, "amount": 325.0, "side": "buy", "timestamp": 1765497244619}, {"id": "979343552", "price": 0.14022, "amount": 41.0, "side": "buy", "timestamp": 1765497244810}, {"id": "979343553", "price": 0.14022, "amount": 216.0, "side": "buy", "timestamp": 1765497244925}, {"id": "979343554", "price": 0.14022, "amount": 106.0, "side": "buy", "timestamp": 1765497245121}, {"id": "979343555", "price": 0.14021, "amount": 101639.0, "side": "sell", "timestamp": 1765497245260}, {"id": "979343556", "price": 0.1402, "amount": 33983.0, "side": "sell", "timestamp": 1765497245269}, {"id": "979343557", "price": 0.14019, "amount": 2770.0, "side": "sell", "timestamp": 1765497245307}, {"id": "979343558", "price": 0.1402, "amount": 110.0, "side": "buy", "timestamp": 1765497245351}, {"id": "979343559", "price": 0.14019, "amount": 2560.0, "side": "sell", "timestamp": 1765497245404}, {"id": "979343560", "price": 0.1402, "amount": 192.0, "side": "buy", "timestamp": 1765497245422}, {"id": "979343561", "price": 0.1402, "amount": 328.0, "side": "buy", "timestamp": 1765497245534}, {"id": "979343562", "price": 0.1402, "amount": 40.0, "side": "buy", "timestamp": 1765497245658}, {"id": "979343563", "price": 0.14019, "amount": 12726.0, "side": "sell", "timestamp": 1765497245663}, {"id": "979343564", "price": 0.14018, "amount": 15310.0, "side": "sell", "timestamp": 1765497245666}, {"id": "979343565", "price": 0.14018, "amount": 50105.0, "side": "sell", "timestamp": 1765497246179}, {"id": "979343566", "price": 0.14017, "amount": 8106.0, "side": "sell", "timestamp": 1765497246189}, {"id": "979343671", "price": 0.14011, "amount": 7652.0, "side": "buy", "timestamp": 1765497278929}, {"id": "979343672", "price": 0.1401, "amount": 85.0, "side": "sell", "timestamp": 1765497280155}, {"id": "979343673", "price": 0.14011, "amount": 42.0, "side": "buy", "timestamp": 1765497280493}, {"id": "979343674", "price": 0.1401, "amount": 222.0, "side": "sell", "timestamp": 1765497282171}, {"id": "979343675", "price": 0.14011, "amount": 36.0, "side": "buy", "timestamp": 1765497282235}, {"id": "979343676", "price": 0.1401, "amount": 85.0, "side": "sell", "timestamp": 1765497283177}, {"id": "979343677", "price": 0.14011, "amount": 508.0, "side": "buy", "timestamp": 1765497283438}, {"id": "979343678", "price": 0.14011, "amount": 43.0, "side": "buy", "timestamp": 1765497284156}, {"id": "979343679", "price": 0.1401, "amount": 21413.0, "side": "sell", "timestamp": 1765497284570}, {"id": "979343680", "price": 0.1401, "amount": 85.0, "side": "sell", "timestamp": 1765497286189}, {"id": "979343681", "price": 0.14011, "amount": 46.0, "side": "buy", "timestamp": 1765497286448}, {"id": "979343682", "price": 0.14011, "amount": 55386.0, "side": "buy", "timestamp": 1765497286692}, {"id": "979343683", "price": 0.14012, "amount": 1715.0, "side": "buy", "timestamp": 1765497286865}, {"id": "979343684", "price": 0.14011, "amount": 32090.0, "side": "sell", "timestamp": 1765497286913}, {"id": "979343685", "price": 0.14012, "amount": 722685.0, "side": "buy", "timestamp": 1765497287501}, {"id": "979343686", "price": 0.14013, "amount": 77425.0, "side": "buy", "timestamp": 1765497287502}, {"id": "979343687", "price": 0.14014, "amount": 221.0, "side": "buy", "timestamp": 1765497287573}, {"id": "979343688", "price": 0.14014, "amount": 3297.0, "side": "sell", "timestamp": 1765497287781}, {"id": "979343689", "price": 0.14014, "amount": 44.0, "side": "sell", "timestamp": 1765497288184}, {"id": "979343690", "price": 0.14015, "amount": 67006.0, "side": "buy", "timestamp": 1765497288435}, {"id": "979343691", "price": 0.14014, "amount": 85.0, "side": "sell", "timestamp": 1765497289062}, {"id": "979343692", "price": 0.14015, "amount": 1396.0, "side": "buy", "timestamp": 1765497289463}, {"id": "979343693", "price": 0.14015, "amount": 5360.0, "side": "buy", "timestamp": 1765497289797}, {"id": "979343694", "price": 0.14016, "amount": 36340.0, "side": "buy", "timestamp": 1765497290063}, {"id": "979343695", "price": 0.14017, "amount": 293.0, "side": "buy", "timestamp": 1765497290066}, {"id": "979343696", "price": 0.14017, "amount": 106838.0, "side": "sell", "timestamp": 1765497290271}, {"id": "979343697", "price": 0.14017, "amount": 233086.0, "side": "buy", "timestamp": 1765497291601}, {"id": "979343698", "price": 0.14018, "amount": 2714.0, "side": "buy", "timestamp": 1765497291628}, {"id": "979343699", "price": 0.14018, "amount": 223.0, "side": "buy", "timestamp": 1765497291773}, {"id": "979343700", "price": 0.14018, "amount": 1329.0, "side": "buy", "timestamp": 1765497291982}, {"id": "979343701", "price": 0.14017, "amount": 85.0, "side": "sell", "timestamp": 1765497292158}, {"id": "979343702", "price": 0.14018, "amount": 11.0, "side": "buy", "timestamp": 1765497292342}, {"id": "979343703", "price": 0.14017, "amount": 285.0, "side": "sell", "timestamp": 1765497292476}, {"id": "979343704", "price": 0.14018, "amount": 4240.0, "side": "buy", "timestamp": 1765497294126}, {"id": "979343705", "price": 0.14018, "amount": 41.0, "side": "buy", "timestamp": 1765497294693}, {"id": "979343706", "price": 0.14017, "amount": 85.0, "side": "sell", "timestamp": 1765497295173}, {"id": "979343707", "price": 0.14017, "amount": 171.0, "side": "sell", "timestamp": 1765497295304}, {"id": "979343708", "price": 0.14018, "amount": 51.0, "side": "buy", "timestamp": 1765497295477}, {"id": "979343709", "price": 0.14018, "amount": 30.0, "side": "buy", "timestamp": 1765497295606}, {"id": "979343710", "price": 0.14018, "amount": 9218.0, "side": "buy", "timestamp": 1765497295739}, {"id": "979343711", "price": 0.14018, "amount": 22.0, "side": "buy", "timestamp": 1765497296101}, {"id": "979343712", "price": 0.14018, "amount": 15227.0, "side": "buy", "timestamp": 1765497296551}, {"id": "979343713", "price": 0.14019, "amount": 23795.0, "side": "buy", "timestamp": 1765497296604}, {"id": "979343714", "price": 0.1402, "amount": 1070.0, "side": "buy", "timestamp": 1765497296884}, {"id": "979343715", "price": 0.14019, "amount": 1501.0, "side": "sell", "timestamp": 1765497297837}, {"id": "979343716", "price": 0.1402, "amount": 579.0, "side": "buy", "timestamp": 1765497297987}, {"id": "979343717", "price": 0.14019, "amount": 35301.0, "side": "sell", "timestamp": 1765497298085}, {"id": "979343718", "price": 0.14019, "amount": 69.0, "side": "buy", "timestamp": 1765497298116}, {"id": "979343719", "price": 0.14018, "amount": 85.0, "side": "sell", "timestamp": 1765497298202}, {"id": "979343720", "price": 0.14019, "amount": 42.0, "side": "buy", "timestamp": 1765497298988}, {"id": "979343793", "price": 0.14031, "amount": 1314.0, "side": "buy", "timestamp": 1765497327513}, {"id": "979343794", "price": 0.14032, "amount": 92.0, "side": "buy", "timestamp": 1765497327996}, {"id": "979343795", "price": 0.14031, "amount": 85.0, "side": "sell", "timestamp": 1765497328039}, {"id": "979343796", "price": 0.14032, "amount": 25.0, "side": "buy", "timestamp": 1765497328214}, {"id": "979343797", "price": 0.14032, "amount": 44.0, "side": "buy", "timestamp": 1765497328470}, {"id": "979343798", "price": 0.14032, "amount": 7470.0, "side": "buy", "timestamp": 1765497329030}, {"id": "979343799", "price": 0.14031, "amount": 79328.0, "side": "sell", "timestamp": 1765497329684}, {"id": "979343800", "price": 0.14031, "amount": 22.0, "side": "buy", "timestamp": 1765497329884}, {"id": "979343801", "price": 0.1403, "amount": 23928.0, "side": "sell", "timestamp": 1765497329916}, {"id": "979343802", "price": 0.14029, "amount": 7550.0, "side": "sell", "timestamp": 1765497330023}, {"id": "979343803", "price": 0.14028, "amount": 1258.0, "side": "sell", "timestamp": 1765497330053}, {"id": "979343804", "price": 0.14028, "amount": 1880.0, "side": "buy", "timestamp": 1765497330099}, {"id": "979343805", "price": 0.14027, "amount": 18918.0, "side": "sell", "timestamp": 1765497330324}, {"id": "979343806", "price": 0.14026, "amount": 345.0, "side": "sell", "timestamp": 1765497330356}, {"id": "979343807", "price": 0.14026, "amount": 3582.0, "side": "buy", "timestamp": 1765497330372}, {"id": "979343808", "price": 0.14026, "amount": 1098.0, "side": "buy", "timestamp": 1765497330568}, {"id": "979343809", "price": 0.14025, "amount": 299.0, "side": "sell", "timestamp": 1765497330996}, {"id": "979343810", "price": 0.14026, "amount": 356.0, "side": "buy", "timestamp": 1765497331910}, {"id": "979343811", "price": 0.14026, "amount": 1715.0, "side": "buy", "timestamp": 1765497332416}, {"id": "979343812", "price": 0.14026, "amount": 285.0, "side": "sell", "timestamp": 1765497332849}, {"id": "979343813", "price": 0.14026, "amount": 36.0, "side": "buy", "timestamp": 1765497333121}, {"id": "979343814", "price": 0.14026, "amount": 926.0, "side": "buy", "timestamp": 1765497333408}, {"id": "979343815", "price": 0.14025, "amount": 85.0, "side": "sell", "timestamp": 1765497334091}, {"id": "979343816", "price": 0.14026, "amount": 102.0, "side": "buy", "timestamp": 1765497334505}, {"id": "979343817", "price": 0.14026, "amount": 51.0, "side": "buy", "timestamp": 1765497335565}, {"id": "979343818", "price": 0.14025, "amount": 91541.0, "side": "sell", "timestamp": 1765497336573}, {"id": "979343819", "price": 0.14025, "amount": 10000.0, "side": "buy", "timestamp": 1765497337083}, {"id": "979343820", "price": 0.14024, "amount": 85.0, "side": "sell", "timestamp": 1765497337124}, {"id": "979343821", "price": 0.14025, "amount": 351.0, "side": "buy", "timestamp": 1765497337734}, {"id": "979343822", "price": 0.14026, "amount": 15.0, "side": "buy", "timestamp": 1765497338312}, {"id": "979343823", "price": 0.14025, "amount": 11434.0, "side": "sell", "timestamp": 1765497338990}, {"id": "979343824", "price": 0.14025, "amount": 85.0, "side": "sell", "timestamp": 1765497340174}, {"id": "979343825", "price": 0.14026, "amount": 178.0, "side": "buy", "timestamp": 1765497340491}, {"id": "979343826", "price": 0.14026, "amount": 244.0, "side": "buy", "timestamp": 1765497341847}, {"id": "979343827", "price": 0.14025, "amount": 85.0, "side": "sell", "timestamp": 1765497343195}, {"id": "979343828", "price": 0.14025, "amount": 733.0, "side": "sell", "timestamp": 1765497345119}, {"id": "979343829", "price": 0.14025, "amount": 85.0, "side": "sell", "timestamp": 1765497346005}, {"id": "979343830", "price": 0.14026, "amount": 17.0, "side": "buy", "timestamp": 1765497346484}, {"id": "979343831", "price": 0.14025, "amount": 7996.0, "side": "sell", "timestamp": 1765497346586}, {"id": "979343832", "price": 0.14026, "amount": 86.0, "side": "buy", "timestamp": 1765497347718}, {"id": "979343833", "price": 0.14026, "amount": 203.0, "side": "buy", "timestamp": 1765497348171}, {"id": "979343834", "price": 0.14025, "amount": 162.0, "side": "sell", "timestamp": 1765497348974}, {"id": "979343835", "price": 0.14026, "amount": 2163.0, "side": "buy", "timestamp": 1765497349380}, {"id": "979343836", "price": 0.14026, "amount": 7105.0, "side": "buy", "timestamp": 1765497350620}, {"id": "979343837", "price": 0.14026, "amount": 174.0, "side": "buy", "timestamp": 1765497351552}, {"id": "979343838", "price": 0.14025, "amount": 716.0, "side": "sell", "timestamp": 1765497352035}, {"id": "979343839", "price": 0.14026, "amount": 23.0, "side": "buy", "timestamp": 1765497352578}, {"id": "979343840", "price": 0.14025, "amount": 300.0, "side": "sell", "timestamp": 1765497352780}, {"id": "979343841", "price": 0.14025, "amount": 192.0, "side": "sell", "timestamp": 1765497352955}, {"id": "979343842", "price": 0.14025, "amount": 712.0, "side": "sell", "timestamp": 1765497353429}, {"id": "979343907", "price": 0.14028, "amount": 85.0, "side": "buy", "timestamp": 1765497383722}, {"id": "979343908", "price": 0.14027, "amount": 85.0, "side": "sell", "timestamp": 1765497385144}, {"id": "979343909", "price": 0.14027, "amount": 12222.0, "side": "sell", "timestamp": 1765497385409}, {"id": "979343910", "price": 0.14026, "amount": 7244.0, "side": "sell", "timestamp": 1765497385488}, {"id": "979343911", "price": 0.14027, "amount": 1400.0, "side": "buy", "timestamp": 1765497386330}, {"id": "979343912", "price": 0.14027, "amount": 13.0, "side": "buy", "timestamp": 1765497386526}, {"id": "979343913", "price": 0.14027, "amount": 755.0, "side": "buy", "timestamp": 1765497386873}, {"id": "979343914", "price": 0.14027, "amount": 1016.0, "side": "buy", "timestamp": 1765497386976}, {"id": "979343915", "price": 0.14027, "amount": 85.0, "side": "sell", "timestamp": 1765497388197}, {"id": "979343916", "price": 0.14028, "amount": 18.0, "side": "buy", "timestamp": 1765497389437}, {"id": "979343917", "price": 0.14028, "amount": 23.0, "side": "buy", "timestamp": 1765497390528}, {"id": "979343918", "price": 0.14028, "amount": 7045.0, "side": "buy", "timestamp": 1765497390972}, {"id": "979343919", "price": 0.14029, "amount": 214976.0, "side": "buy", "timestamp": 1765497390977}, {"id": "979343920", "price": 0.1403, "amount": 163539.0, "side": "buy", "timestamp": 1765497390997}, {"id": "979343921", "price": 0.14031, "amount": 87346.0, "side": "buy", "timestamp": 1765497391010}, {"id": "979343922", "price": 0.14032, "amount": 50.0, "side": "buy", "timestamp": 1765497391067}, {"id": "979343923", "price": 0.14031, "amount": 31616.0, "side": "sell", "timestamp": 1765497391097}, {"id": "979343924", "price": 0.14032, "amount": 10829.0, "side": "buy", "timestamp": 1765497391185}, {"id": "979343925", "price": 0.14033, "amount": 21737.0, "side": "buy", "timestamp": 1765497391342}, {"id": "979343926", "price": 0.14033, "amount": 37703.0, "side": "sell", "timestamp": 1765497393961}, {"id": "979343927", "price": 0.14032, "amount": 24878.0, "side": "sell", "timestamp": 1765497393966}, {"id": "979343928", "price": 0.14031, "amount": 85.0, "side": "sell", "timestamp": 1765497394122}, {"id": "979343929", "price": 0.14032, "amount": 6011.0, "side": "buy", "timestamp": 1765497394495}, {"id": "979343930", "price": 0.14031, "amount": 6191.0, "side": "sell", "timestamp": 1765497394703}, {"id": "979343931", "price": 0.1403, "amount": 8597.0, "side": "sell", "timestamp": 1765497394703}, {"id": "979343932", "price": 0.1403, "amount": 542.0, "side": "sell", "timestamp": 1765497394828}, {"id": "979343933", "price": 0.14031, "amount": 29.0, "side": "buy", "timestamp": 1765497395210}, {"id": "979343934", "price": 0.14031, "amount": 18.0, "side": "buy", "timestamp": 1765497395338}, {"id": "979343935", "price": 0.1403, "amount": 1311.0, "side": "sell", "timestamp": 1765497395787}, {"id": "979343936", "price": 0.1403, "amount": 756.0, "side": "buy", "timestamp": 1765497395832}, {"id": "979343937", "price": 0.1403, "amount": 7.0, "side": "buy", "timestamp": 1765497396169}, {"id": "979343938", "price": 0.14029, "amount": 85.0, "side": "sell", "timestamp": 1765497397136}, {"id": "979343939", "price": 0.1403, "amount": 361.0, "side": "buy", "timestamp": 1765497397351}, {"id": "979343940", "price": 0.1403, "amount": 375.0, "side": "sell", "timestamp": 1765497397448}, {"id": "979343941", "price": 0.1403, "amount": 11434.0, "side": "buy", "timestamp": 1765497397667}, {"id": "979343942", "price": 0.1403, "amount": 667.0, "side": "buy", "timestamp": 1765497397819}, {"id": "979343943", "price": 0.14031, "amount": 47.0, "side": "buy", "timestamp": 1765497398398}, {"id": "979343944", "price": 0.14031, "amount": 12.0, "side": "buy", "timestamp": 1765497398530}, {"id": "979343945", "price": 0.14031, "amount": 22.0, "side": "buy", "timestamp": 1765497398679}, {"id": "979343946", "price": 0.14031, "amount": 54199.0, "side": "buy", "timestamp": 1765497400057}, {"id": "979343947", "price": 0.1403, "amount": 85.0, "side": "sell", "timestamp": 1765497400155}, {"id": "979343948", "price": 0.14031, "amount": 108.0, "side": "buy", "timestamp": 1765497400877}, {"id": "979343949", "price": 0.14032, "amount": 20.0, "side": "buy", "timestamp": 1765497402190}, {"id": "979343950", "price": 0.14031, "amount": 492.0, "side": "sell", "timestamp": 1765497402646}, {"id": "979343951", "price": 0.14031, "amount": 691.0, "side": "buy", "timestamp": 1765497402957}, {"id": "979343952", "price": 0.1403, "amount": 85.0, "side": "sell", "timestamp": 1765497403166}, {"id": "979343953", "price": 0.1403, "amount": 60.0, "side": "sell", "timestamp": 1765497404293}, {"id": "979343954", "price": 0.14031, "amount": 25.0, "side": "buy", "timestamp": 1765497405754}, {"id": "979343955", "price": 0.1403, "amount": 117.0, "side": "sell", "timestamp": 1765497405887}, {"id": "979343956", "price": 0.1403, "amount": 85.0, "side": "sell", "timestamp": 1765497406179}, {"id": "979344030", "price": 0.14027, "amount": 85.0, "side": "sell", "timestamp": 1765497439147}, {"id": "979344031", "price": 0.14027, "amount": 480.0, "side": "sell", "timestamp": 1765497439637}, {"id": "979344032", "price": 0.14027, "amount": 54.0, "side": "sell", "timestamp": 1765497439999}, {"id": "979344033", "price": 0.14028, "amount": 474.0, "side": "buy", "timestamp": 1765497440146}, {"id": "979344034", "price": 0.14029, "amount": 3.0, "side": "buy", "timestamp": 1765497440831}, {"id": "979344035", "price": 0.14029, "amount": 428.0, "side": "buy", "timestamp": 1765497441065}, {"id": "979344036", "price": 0.14028, "amount": 491.0, "side": "sell", "timestamp": 1765497442003}, {"id": "979344037", "price": 0.14028, "amount": 318.0, "side": "sell", "timestamp": 1765497443442}, {"id": "979344038", "price": 0.14027, "amount": 895.0, "side": "sell", "timestamp": 1765497443857}, {"id": "979344039", "price": 0.14027, "amount": 158732.0, "side": "sell", "timestamp": 1765497444250}, {"id": "979344040", "price": 0.14027, "amount": 10.0, "side": "buy", "timestamp": 1765497444311}, {"id": "979344041", "price": 0.14026, "amount": 236.0, "side": "sell", "timestamp": 1765497444486}, {"id": "979344042", "price": 0.14026, "amount": 85.0, "side": "sell", "timestamp": 1765497445043}, {"id": "979344043", "price": 0.14026, "amount": 8468.0, "side": "sell", "timestamp": 1765497446226}, {"id": "979344044", "price": 0.14025, "amount": 736.0, "side": "sell", "timestamp": 1765497446231}, {"id": "979344045", "price": 0.14024, "amount": 6135.0, "side": "sell", "timestamp": 1765497447470}, {"id": "979344046", "price": 0.14023, "amount": 220.0, "side": "sell", "timestamp": 1765497447487}, {"id": "979344047", "price": 0.14023, "amount": 144.0, "side": "buy", "timestamp": 1765497447613}, {"id": "979344048", "price": 0.14022, "amount": 1425.0, "side": "sell", "timestamp": 1765497447919}, {"id": "979344049", "price": 0.14023, "amount": 6.0, "side": "buy", "timestamp": 1765497448031}, {"id": "979344050", "price": 0.14022, "amount": 85.0, "side": "sell", "timestamp": 1765497448072}, {"id": "979344051", "price": 0.14023, "amount": 213.0, "side": "buy", "timestamp": 1765497448500}, {"id": "979344052", "price": 0.14022, "amount": 1089.0, "side": "sell", "timestamp": 1765497448808}, {"id": "979344053", "price": 0.14022, "amount": 85.0, "side": "sell", "timestamp": 1765497451123}, {"id": "979344054", "price": 0.14023, "amount": 23.0, "side": "buy", "timestamp": 1765497451422}, {"id": "979344055", "price": 0.14023, "amount": 214.0, "side": "buy", "timestamp": 1765497451539}, {"id": "979344056", "price": 0.14022, "amount": 8327.0, "side": "sell", "timestamp": 1765497451671}, {"id": "979344057", "price": 0.14022, "amount": 4921.0, "side": "sell", "timestamp": 1765497453613}, {"id": "979344058", "price": 0.14021, "amount": 5037.0, "side": "sell", "timestamp": 1765497453630}, {"id": "979344059", "price": 0.14021, "amount": 611.0, "side": "buy", "timestamp": 1765497453646}, {"id": "979344060", "price": 0.1402, "amount": 147.0, "side": "sell", "timestamp": 1765497453779}, {"id": "979344061", "price": 0.14019, "amount": 27909.0, "side": "sell", "timestamp": 1765497453786}, {"id": "979344062", "price": 0.14018, "amount": 9670.0, "side": "sell", "timestamp": 1765497453895}, {"id": "979344063", "price": 0.14018, "amount": 85.0, "side": "sell", "timestamp": 1765497454030}, {"id": "979344064", "price": 0.14018, "amount": 690.0, "side": "sell", "timestamp": 1765497454841}, {"id": "979344065", "price": 0.14018, "amount": 198.0, "side": "sell", "timestamp": 1765497455274}, {"id": "979344066", "price": 0.14019, "amount": 86.0, "side": "buy", "timestamp": 1765497455724}, {"id": "979344067", "price": 0.14019, "amount": 29.0, "side": "buy", "timestamp": 1765497456152}, {"id": "979344068", "price": 0.14018, "amount": 4275.0, "side": "sell", "timestamp": 1765497456495}, {"id": "979344069", "price": 0.14019, "amount": 31.0, "side": "buy", "timestamp": 1765497456889}, {"id": "979344070", "price": 0.14018, "amount": 85.0, "side": "sell", "timestamp": 1765497457124}, {"id": "979344071", "price": 0.14019, "amount": 5000.0, "side": "buy", "timestamp": 1765497457757}, {"id": "979344072", "price": 0.14018, "amount": 9975.0, "side": "sell", "timestamp": 1765497458028}, {"id": "979344073", "price": 0.14019, "amount": 37.0, "side": "buy", "timestamp": 1765497458053}, {"id": "979344074", "price": 0.14019, "amount": 13.0, "side": "buy", "timestamp": 1765497458928}, {"id": "979344075", "price": 0.14018, "amount": 800.0, "side": "sell", "timestamp": 1765497459090}, {"id": "979344076", "price": 0.14019, "amount": 21320.0, "side": "buy", "timestamp": 1765497459138}, {"id": "979344077", "price": 0.1402, "amount": 46.0, "side": "buy", "timestamp": 1765497459462}, {"id": "979344078", "price": 0.14019, "amount": 7242.0, "side": "sell", "timestamp": 1765497460026}, {"id": "979344079", "price": 0.14019, "amount": 85.0, "side": "sell", "timestamp": 1765497460158}, {"id": "979344129", "price": 0.14024, "amount": 107.0, "side": "buy", "timestamp": 1765497485397}, {"id": "979344130", "price": 0.14024, "amount": 1.0, "side": "buy", "timestamp": 1765497486075}, {"id": "979344131", "price": 0.14023, "amount": 85.0, "side": "sell", "timestamp": 1765497487176}, {"id": "979344132", "price": 0.14024, "amount": 331.0, "side": "buy", "timestamp": 1765497488112}, {"id": "979344133", "price": 0.14024, "amount": 44.0, "side": "buy", "timestamp": 1765497489220}, {"id": "979344134", "price": 0.14023, "amount": 314.0, "side": "sell", "timestamp": 1765497489872}, {"id": "979344135", "price": 0.14023, "amount": 85.0, "side": "sell", "timestamp": 1765497490186}, {"id": "979344136", "price": 0.14024, "amount": 15379.0, "side": "buy", "timestamp": 1765497490673}, {"id": "979344137", "price": 0.14025, "amount": 1851.0, "side": "buy", "timestamp": 1765497490831}, {"id": "979344138", "price": 0.14026, "amount": 280.0, "side": "buy", "timestamp": 1765497491258}, {"id": "979344139", "price": 0.14027, "amount": 86.0, "side": "buy", "timestamp": 1765497491724}, {"id": "979344140", "price": 0.14026, "amount": 85.0, "side": "sell", "timestamp": 1765497493196}, {"id": "979344141", "price": 0.14027, "amount": 1957.0, "side": "buy", "timestamp": 1765497493432}, {"id": "979344142", "price": 0.14026, "amount": 34618.0, "side": "sell", "timestamp": 1765497494697}, {"id": "979344143", "price": 0.14026, "amount": 25.0, "side": "buy", "timestamp": 1765497495585}, {"id": "979344144", "price": 0.14025, "amount": 85.0, "side": "sell", "timestamp": 1765497496019}, {"id": "979344145", "price": 0.14026, "amount": 3051.0, "side": "buy", "timestamp": 1765497496343}, {"id": "979344146", "price": 0.14025, "amount": 150.0, "side": "sell", "timestamp": 1765497497183}, {"id": "979344147", "price": 0.14025, "amount": 307.0, "side": "sell", "timestamp": 1765497497830}, {"id": "979344148", "price": 0.14026, "amount": 58.0, "side": "buy", "timestamp": 1765497498219}, {"id": "979344149", "price": 0.14026, "amount": 172.0, "side": "buy", "timestamp": 1765497498705}, {"id": "979344150", "price": 0.14025, "amount": 85.0, "side": "sell", "timestamp": 1765497499037}, {"id": "979344151", "price": 0.14025, "amount": 228.0, "side": "sell", "timestamp": 1765497500633}, {"id": "979344152", "price": 0.14026, "amount": 21.0, "side": "buy", "timestamp": 1765497500806}, {"id": "979344153", "price": 0.14025, "amount": 1484.0, "side": "sell", "timestamp": 1765497501362}, {"id": "979344154", "price": 0.14025, "amount": 85.0, "side": "sell", "timestamp": 1765497502058}, {"id": "979344155", "price": 0.14026, "amount": 17.0, "side": "buy", "timestamp": 1765497502369}, {"id": "979344156", "price": 0.14026, "amount": 187.0, "side": "buy", "timestamp": 1765497503677}, {"id": "979344157", "price": 0.14026, "amount": 4894.0, "side": "buy", "timestamp": 1765497504004}, {"id": "979344158", "price": 0.14026, "amount": 78.0, "side": "buy", "timestamp": 1765497504784}, {"id": "979344159", "price": 0.14025, "amount": 605.0, "side": "sell", "timestamp": 1765497504851}, {"id": "979344160", "price": 0.14025, "amount": 85.0, "side": "sell", "timestamp": 1765497505070}, {"id": "979344161", "price": 0.14026, "amount": 23.0, "side": "buy", "timestamp": 1765497505088}, {"id": "979344162", "price": 0.14026, "amount": 78587.0, "side": "buy", "timestamp": 1765497505260}, {"id": "979344163", "price": 0.14025, "amount": 1425.0, "side": "sell", "timestamp": 1765497506465}, {"id": "979344164", "price": 0.14026, "amount": 156.0, "side": "buy", "timestamp": 1765497506476}, {"id": "979344165", "price": 0.14026, "amount": 25.0, "side": "buy", "timestamp": 1765497507903}, {"id": "979344166", "price": 0.14025, "amount": 85.0, "side": "sell", "timestamp": 1765497508081}, {"id": "979344167", "price": 0.14026, "amount": 13377.0, "side": "buy", "timestamp": 1765497508617}, {"id": "979344168", "price": 0.14027, "amount": 12.0, "side": "buy", "timestamp": 1765497509722}, {"id": "979344169", "price": 0.14027, "amount": 20.0, "side": "buy", "timestamp": 1765497510338}, {"id": "979344170", "price": 0.14027, "amount": 13.0, "side": "buy", "timestamp": 1765497511017}, {"id": "979344171", "price": 0.14026, "amount": 85.0, "side": "sell", "timestamp": 1765497511156}, {"id": "979344172", "price": 0.14027, "amount": 214.0, "side": "buy", "timestamp": 1765497511908}, {"id": "979344173", "price": 0.14026, "amount": 12268.0, "side": "sell", "timestamp": 1765497512071}, {"id": "979344174", "price": 0.14026, "amount": 11.0, "side": "buy", "timestamp": 1765497512542}, {"id": "979344175", "price": 0.14025, "amount": 13247.0, "side": "sell", "timestamp": 1765497512687}, {"id": "979344176", "price": 0.14024, "amount": 367.0, "side": "sell", "timestamp": 1765497512718}, {"id": "979344177", "price": 0.14023, "amount": 1185.0, "side": "sell", "timestamp": 1765497513111}, {"id": "979344178", "price": 0.14023, "amount": 85.0, "side": "sell", "timestamp": 1765497514184}, {"id": "979344232", "price": 0.14024, "amount": 7336.0, "side": "sell", "timestamp": 1765497542222}, {"id": "979344233", "price": 0.14025, "amount": 91.0, "side": "buy", "timestamp": 1765497542307}, {"id": "979344234", "price": 0.14024, "amount": 85.0, "side": "sell", "timestamp": 1765497544009}, {"id": "979344235", "price": 0.14025, "amount": 8265.0, "side": "buy", "timestamp": 1765497544575}, {"id": "979344236", "price": 0.14025, "amount": 50.0, "side": "buy", "timestamp": 1765497544843}, {"id": "979344237", "price": 0.14025, "amount": 117.0, "side": "buy", "timestamp": 1765497544979}, {"id": "979344238", "price": 0.14024, "amount": 75.0, "side": "sell", "timestamp": 1765497545049}, {"id": "979344239", "price": 0.14025, "amount": 129.0, "side": "buy", "timestamp": 1765497545053}, {"id": "979344240", "price": 0.14025, "amount": 112.0, "side": "buy", "timestamp": 1765497545399}, {"id": "979344241", "price": 0.14025, "amount": 14.0, "side": "buy", "timestamp": 1765497545567}, {"id": "979344242", "price": 0.14025, "amount": 1929.0, "side": "buy", "timestamp": 1765497545709}, {"id": "979344243", "price": 0.14024, "amount": 17507.0, "side": "sell", "timestamp": 1765497545894}, {"id": "979344244", "price": 0.14025, "amount": 86.0, "side": "buy", "timestamp": 1765497546085}, {"id": "979344245", "price": 0.14024, "amount": 107.0, "side": "sell", "timestamp": 1765497546355}, {"id": "979344246", "price": 0.14023, "amount": 1891.0, "side": "sell", "timestamp": 1765497546381}, {"id": "979344247", "price": 0.14023, "amount": 185.0, "side": "sell", "timestamp": 1765497546731}, {"id": "979344248", "price": 0.14023, "amount": 85.0, "side": "sell", "timestamp": 1765497547031}, {"id": "979344249", "price": 0.14024, "amount": 2777.0, "side": "buy", "timestamp": 1765497548022}, {"id": "979344250", "price": 0.14023, "amount": 5168.0, "side": "sell", "timestamp": 1765497548055}, {"id": "979344251", "price": 0.14023, "amount": 4273.0, "side": "sell", "timestamp": 1765497548169}, {"id": "979344252", "price": 0.14024, "amount": 51442.0, "side": "buy", "timestamp": 1765497548233}, {"id": "979344253", "price": 0.14025, "amount": 13.0, "side": "buy", "timestamp": 1765497548550}, {"id": "979344254", "price": 0.14025, "amount": 164.0, "side": "buy", "timestamp": 1765497549385}, {"id": "979344255", "price": 0.14024, "amount": 85.0, "side": "sell", "timestamp": 1765497550053}, {"id": "979344256", "price": 0.14025, "amount": 24.0, "side": "buy", "timestamp": 1765497550723}, {"id": "979344257", "price": 0.14025, "amount": 7081.0, "side": "buy", "timestamp": 1765497552018}, {"id": "979344258", "price": 0.14025, "amount": 4125.0, "side": "buy", "timestamp": 1765497552329}, {"id": "979344259", "price": 0.14024, "amount": 863.0, "side": "sell", "timestamp": 1765497552791}, {"id": "979344260", "price": 0.14023, "amount": 85.0, "side": "sell", "timestamp": 1765497553069}, {"id": "979344261", "price": 0.14024, "amount": 8.0, "side": "buy", "timestamp": 1765497554249}, {"id": "979344262", "price": 0.14024, "amount": 6.0, "side": "buy", "timestamp": 1765497555659}, {"id": "979344263", "price": 0.14023, "amount": 85.0, "side": "sell", "timestamp": 1765497556095}, {"id": "979344264", "price": 0.14024, "amount": 56354.0, "side": "buy", "timestamp": 1765497556146}, {"id": "979344265", "price": 0.14025, "amount": 572.0, "side": "buy", "timestamp": 1765497556193}, {"id": "979344266", "price": 0.14026, "amount": 39.0, "side": "buy", "timestamp": 1765497557090}, {"id": "979344267", "price": 0.14025, "amount": 1425.0, "side": "sell", "timestamp": 1765497558593}, {"id": "979344268", "price": 0.14025, "amount": 85.0, "side": "sell", "timestamp": 1765497559124}, {"id": "979344269", "price": 0.14026, "amount": 25.0, "side": "buy", "timestamp": 1765497559230}, {"id": "979344270", "price": 0.14026, "amount": 4.0, "side": "buy", "timestamp": 1765497560119}, {"id": "979344271", "price": 0.14026, "amount": 3051.0, "side": "buy", "timestamp": 1765497560491}, {"id": "979344272", "price": 0.14026, "amount": 106.0, "side": "buy", "timestamp": 1765497561148}, {"id": "979344273", "price": 0.14026, "amount": 5.0, "side": "buy", "timestamp": 1765497561649}, {"id": "979344274", "price": 0.14025, "amount": 85.0, "side": "sell", "timestamp": 1765497562135}, {"id": "979344275", "price": 0.14026, "amount": 86.0, "side": "buy", "timestamp": 1765497563725}, {"id": "979344276", "price": 0.14026, "amount": 151.0, "side": "buy", "timestamp": 1765497564922}, {"id": "979344277", "price": 0.14025, "amount": 85.0, "side": "sell", "timestamp": 1765497565156}, {"id": "979344278", "price": 0.14026, "amount": 43.0, "side": "buy", "timestamp": 1765497565795}, {"id": "979344279", "price": 0.14026, "amount": 14.0, "side": "buy", "timestamp": 1765497565910}, {"id": "979344280", "price": 0.14025, "amount": 18959.0, "side": "sell", "timestamp": 1765497566523}, {"id": "979344281", "price": 0.14025, "amount": 191.0, "side": "sell", "timestamp": 1765497566961}]