[{"symbol": "XRPUSDT", "bids": [[1.9964, 18587.7], [1.9963, 9174.4], [1.9962, 34586.5], [1.9961, 34546.6], [1.996, 37859.7], [1.9959, 41800.0], [1.9958, 52311.6], [1.9957, 61450.2], [1.9956, 55084.2], [1.9955, 26966.8], [1.9954, 19221.8], [1.9953, 25705.7], [1.9952, 77933.0], [1.9951, 58121.6], [1.995, 38581.2], [1.9949, 117242.5], [1.9948, 24879.5], [1.9947, 35591.6], [1.9946, 81904.9], [1.9945, 40956.5]], "asks": [[1.9965, 14998.1], [1.9966, 24316.6], [1.9967, 50582.0], [1.9968, 31908.4], [1.9969, 28906.0], [1.997, 42431.6], [1.9971, 67425.0], [1.9972, 50280.0], [1.9973, 32514.6], [1.9974, 27817.5], [1.9975, 63208.5], [1.9976, 34435.6], [1.9977, 119524.1], [1.9978, 51835.3], [1.9979, 52171.8], [1.998, 34921.9], [1.9981, 31220.9], [1.9982, 22586.3], [1.9983, 50685.0], [1.9984, 49187.6]], "timestamp": "2025-12-15T08:39:50.586584+00:00"}, {"symbol": "XRPUSDT", "bids": [[1.9966, 31237.6], [1.9965, 29183.5], [1.9964, 45833.8], [1.9963, 67216.9], [1.9962, 46622.6], [1.9961, 24862.0], [1.996, 84406.7], [1.9959, 42449.4], [1.9958, 41987.4], [1.9957, 45629.4], [1.9956, 55439.7], [1.9955, 25238.9], [1.9954, 29472.9], [1.9953, 125376.6], [1.9952, 71692.0], [1.9951, 58225.3], [1.995, 26821.7], [1.9949, 35962.5], [1.9948, 26601.3], [1.9947, 39859.3]], "asks": [[1.9967, 5765.0], [1.9968, 4189.3], [1.9969, 11057.9], [1.997, 23709.7], [1.9971, 47986.4], [1.9972, 32599.7], [1.9973, 48416.0], [1.9974, 33378.0], [1.9975, 67037.0], [1.9976, 23379.2], [1.9977, 29158.5], [1.9978, 58242.2], [1.9979, 130538.8], [1.998, 35052.7], [1.9981, 27664.3], [1.9982, 33272.4], [1.9983, 53581.8], [1.9984, 39529.4], [1.9985, 28924.2], [1.9986, 32113.1]], "timestamp": "2025-12-15T08:40:44.449016+00:00"}, {"symbol": "XRPUSDT", "bids": [[1.9972, 17482.7], [1.9971, 8395.0], [1.997, 24913.0], [1.9969, 28724.5], [1.9968, 51907.9], [1.9967, 36944.7], [1.9966, 47812.9], [1.9965, 51275.3], [1.9964, 97440.9], [1.9963, 74634.9], [1.9962, 35832.5], [1.9961, 26538.7], [1.996, 61346.3], [1.9959, 47620.8], [1.9958, 138849.7], [1.9957, 36866.3], [1.9956, 55887.2], [1.9955, 25820.6], [1.9954, 25113.8], [1.9953, 55468.2]], "asks": [[1.9973, 31583.6], [1.9974, 13259.9], [1.9975, 22802.1], [1.9976, 14735.6], [1.9977, 21870.7], [1.9978, 44543.7], [1.9979, 59306.4], [1.998, 37692.6], [1.9981, 25706.5], [1.9982, 28217.4], [1.9983, 50825.5], [1.9984, 63122.5], [1.9985, 107197.5], [1.9986, 32832.9], [1.9987, 55693.4], [1.9988, 23271.6], [1.9989, 31792.0], [1.999, 43869.2], [1.9991, 49116.3], [1.9992, 27934.4]], "timestamp": "2025-12-15T08:41:39.131664+00:00"}, {"symbol": "XRPUSDT", "bids": [[1.9967, 7580.9], [1.9966, 17593.7], [1.9965, 38746.6], [1.9964, 34465.0], [1.9963, 45363.4], [1.9962, 36301.4], [1.9961, 31329.1], [1.996, 57021.7], [1.9959, 40904.8], [1.9958, 40132.8], [1.9957, 49069.7], [1.9956, 57740.3], [1.9955, 24745.7], [1.9954, 30591.7], [1.9953, 119276.7], [1.9952, 62273.9], [1.9951, 54977.7], [1.995, 22045.0], [1.9949, 25816.7], [1.9948, 22252.1]], "asks": [[1.9968, 15988.9], [1.9969, 33753.3], [1.997, 25666.1], [1.9971, 54259.6], [1.9972, 43120.5], [1.9973, 80864.9], [1.9974, 42348.7], [1.9975, 55457.3], [1.9976, 22283.5], [1.9977, 32793.4], [1.9978, 58821.0], [1.9979, 158158.4], [1.998, 28529.3], [1.9981, 34506.6], [1.9982, 27530.2], [1.9983, 47880.7], [1.9984, 37085.4], [1.9985, 31790.4], [1.9986, 29903.2], [1.9987, 56775.4]], "timestamp": "2025-12-15T08:42:32.891816+00:00"}, {"symbol": "XRPUSDT", "bids": [[1.997, 36374.4], [1.9969, 22281.8], [1.9968, 20192.6], [1.9967, 33301.3], [1.9966, 36123.8], [1.9965, 43589.4], [1.9964, 36677.4], [1.9963, 64519.0], [1.9962, 48227.4], [1.9961, 33935.4], [1.996, 64881.3], [1.9959, 33390.7], [1.9958, 40150.5], [1.9957, 38483.5], [1.9956, 68204.0], [1.9955, 120398.6], [1.9954, 27864.1], [1.9953, 62205.7], [1.9952, 61304.3], [1.9951, 62606.4]], "asks": [[1.9971, 3741.1], [1.9972, 28291.2], [1.9973, 68415.5], [1.9974, 24098.3], [1.9975, 55547.9], [1.9976, 29973.7], [1.9977, 38981.0], [1.9978, 47698.6], [1.9979, 54294.7], [1.998, 29310.0], [1.9981, 25845.2], [1.9982, 38508.4], [1.9983, 143462.7], [1.9984, 43262.5], [1.9985, 31798.5], [1.9986, 34179.3], [1.9987, 47251.9], [1.9988, 19501.9], [1.9989, 32661.5], [1.999, 57729.9]], "timestamp": "2025-12-15T08:43:26.550931+00:00"}, {"symbol": "XRPUSDT", "bids": [[1.9968, 39422.2], [1.9967, 22040.9], [1.9966, 37071.3], [1.9965, 40521.8], [1.9964, 37973.5], [1.9963, 43826.6], [1.9962, 49098.9], [1.9961, 41300.0], [1.996, 63763.8], [1.9959, 39310.4], [1.9958, 37797.4], [1.9957, 45428.6], [1.9956, 54503.4], [1.9955, 43647.0], [1.9954, 112671.0], [1.9953, 40625.4], [1.9952, 61491.9], [1.9951, 56113.1], [1.995, 26776.6], [1.9949, 24956.2]], "asks": [[1.9969, 1608.3], [1.997, 13732.7], [1.9971, 15308.8], [1.9972, 31555.7], [1.9973, 65217.2], [1.9974, 23961.6], [1.9975, 67480.7], [1.9976, 32076.1], [1.9977, 35853.6], [1.9978, 46554.9], [1.9979, 47630.9], [1.998, 29716.5], [1.9981, 40532.5], [1.9982, 116848.5], [1.9983, 54571.4], [1.9984, 37528.6], [1.9985, 28275.8], [1.9986, 30958.6], [1.9987, 48266.6], [1.9988, 20432.5]], "timestamp": "2025-12-15T08:44:20.310884+00:00"}, {"symbol": "XRPUSDT", "bids": [[1.9967, 1820.2], [1.9966, 15546.7], [1.9965, 24805.7], [1.9964, 35416.7], [1.9963, 43099.1], [1.9962, 37703.5], [1.9961, 36444.7], [1.996, 73787.1], [1.9959, 41797.7], [1.9958, 37634.0], [1.9957, 38423.9], [1.9956, 55498.7], [1.9955, 30713.5], [1.9954, 18442.4], [1.9953, 59393.8], [1.9952, 153066.0], [1.9951, 57605.2], [1.995, 20096.8], [1.9949, 21070.6], [1.9948, 57312.2]], "asks": [[1.9968, 18999.1], [1.9969, 21612.7], [1.997, 31351.9], [1.9971, 45218.7], [1.9972, 33369.2], [1.9973, 70128.6], [1.9974, 36059.6], [1.9975, 61660.0], [1.9976, 22224.2], [1.9977, 35105.8], [1.9978, 43732.1], [1.9979, 58664.0], [1.998, 113177.0], [1.9981, 35340.4], [1.9982, 27905.4], [1.9983, 49443.6], [1.9984, 38897.3], [1.9985, 28275.8], [1.9986, 29592.3], [1.9987, 58271.7]], "timestamp": "2025-12-15T08:45:13.970603+00:00"}, {"symbol": "XRPUSDT", "bids": [[1.9969, 14458.8], [1.9968, 14971.1], [1.9967, 26392.2], [1.9966, 45061.2], [1.9965, 47555.1], [1.9964, 59681.9], [1.9963, 66108.4], [1.9962, 39534.8], [1.9961, 33454.6], [1.996, 75135.0], [1.9959, 28578.3], [1.9958, 45287.4], [1.9957, 42093.0], [1.9956, 55091.5], [1.9955, 44808.2], [1.9954, 119700.3], [1.9953, 33914.0], [1.9952, 63002.0], [1.9951, 56694.0], [1.995, 29529.6]], "asks": [[1.997, 18864.1], [1.9971, 17298.3], [1.9972, 26321.1], [1.9973, 31261.4], [1.9974, 33760.8], [1.9975, 59056.5], [1.9976, 24832.6], [1.9977, 36478.9], [1.9978, 45423.8], [1.9979, 49026.6], [1.998, 28715.9], [1.9981, 39264.0], [1.9982, 102799.9], [1.9983, 53403.9], [1.9984, 39658.2], [1.9985, 28486.2], [1.9986, 32350.5], [1.9987, 50202.8], [1.9988, 23501.5], [1.9989, 44967.7]], "timestamp": "2025-12-15T08:46:07.626641+00:00"}, {"symbol": "XRPUSDT", "bids": [[1.997, 22422.1], [1.9969, 11826.0], [1.9968, 33543.5], [1.9967, 34318.1], [1.9966, 39696.6], [1.9965, 53358.1], [1.9964, 107731.5], [1.9963, 59504.8], [1.9962, 49400.0], [1.9961, 35191.6], [1.996, 65860.5], [1.9959, 18045.5], [1.9958, 32604.6], [1.9957, 39269.7], [1.9956, 167336.7], [1.9955, 29716.6], [1.9954, 18009.9], [1.9953, 30551.8], [1.9952, 62947.1], [1.9951, 46099.7]], "asks": [[1.9971, 23429.3], [1.9972, 11105.3], [1.9973, 20286.9], [1.9974, 22989.0], [1.9975, 43936.4], [1.9976, 17569.1], [1.9977, 34648.2], [1.9978, 54319.5], [1.9979, 49215.6], [1.998, 35160.0], [1.9981, 26832.9], [1.9982, 36326.1], [1.9983, 122375.1], [1.9984, 36805.5], [1.9985, 39229.6], [1.9986, 29068.0], [1.9987, 48483.3], [1.9988, 23350.0], [1.9989, 35233.0], [1.999, 52799.9]], "timestamp": "2025-12-15T08:47:01.387415+00:00"}, {"symbol": "XRPUSDT", "bids": [[1.9963, 8044.9], [1.9962, 11264.8], [1.9961, 17715.8], [1.996, 21874.0], [1.9959, 38230.0], [1.9958, 31945.1], [1.9957, 46559.9], [1.9956, 68110.9], [1.9955, 27429.7], [1.9954, 20418.1], [1.9953, 39471.1], [1.9952, 51720.6], [1.9951, 49286.5], [1.995, 62698.3], [1.9949, 19404.5], [1.9948, 40976.5], [1.9947, 114412.9], [1.9946, 50258.2], [1.9945, 33994.3], [1.9944, 31225.5]], "asks": [[1.9964, 30578.3], [1.9965, 67168.7], [1.9966, 37520.8], [1.9967, 64195.7], [1.9968, 58085.1], [1.9969, 88537.1], [1.997, 62206.2], [1.9971, 49922.7], [1.9972, 33160.9], [1.9973, 31654.7], [1.9974, 34886.2], [1.9975, 61689.3], [1.9976, 117744.4], [1.9977, 28815.8], [1.9978, 47342.1], [1.9979, 49041.1], [1.998, 34648.6], [1.9981, 27076.7], [1.9982, 26362.3], [1.9983, 45313.8]], "timestamp": "2025-12-15T08:47:55.147970+00:00"}, {"symbol": "XRPUSDT", "bids": [[1.9951, 457.3], [1.995, 46868.9], [1.9949, 5471.1], [1.9948, 16024.6], [1.9947, 23424.9], [1.9946, 27858.4], [1.9945, 52725.3], [1.9944, 21760.9], [1.9943, 31618.3], [1.9942, 51092.6], [1.9941, 26425.5], [1.994, 35010.5], [1.9939, 46060.7], [1.9938, 56475.2], [1.9937, 34179.3], [1.9936, 90105.2], [1.9935, 40110.3], [1.9934, 86776.1], [1.9933, 27400.9], [1.9932, 44915.6]], "asks": [[1.9952, 60366.8], [1.9953, 24253.6], [1.9954, 31147.7], [1.9955, 65230.0], [1.9956, 55788.4], [1.9957, 32313.7], [1.9958, 16368.1], [1.9959, 32094.2], [1.996, 39025.8], [1.9961, 64469.7], [1.9962, 54785.0], [1.9963, 34600.5], [1.9964, 120299.4], [1.9965, 68430.9], [1.9966, 22663.5], [1.9967, 32475.0], [1.9968, 48919.3], [1.9969, 74235.5], [1.997, 22342.3], [1.9971, 34128.7]], "timestamp": "2025-12-15T08:48:48.703846+00:00"}, {"symbol": "XRPUSDT", "bids": [[1.9947, 29582.8], [1.9946, 20274.1], [1.9945, 17304.5], [1.9944, 28116.3], [1.9943, 34432.4], [1.9942, 46042.4], [1.9941, 24494.3], [1.994, 40280.7], [1.9939, 62022.3], [1.9938, 53352.5], [1.9937, 22653.6], [1.9936, 21330.8], [1.9935, 32482.4], [1.9934, 68763.8], [1.9933, 111773.0], [1.9932, 39842.6], [1.9931, 21836.3], [1.993, 55276.3], [1.9929, 29935.7], [1.9928, 47994.8]], "asks": [[1.9948, 12835.2], [1.9949, 13153.9], [1.995, 28042.3], [1.9951, 39000.3], [1.9952, 29785.3], [1.9953, 38270.5], [1.9954, 48211.7], [1.9955, 98645.7], [1.9956, 64113.6], [1.9957, 26926.6], [1.9958, 17281.2], [1.9959, 31986.9], [1.996, 107963.6], [1.9961, 65294.2], [1.9962, 46256.6], [1.9963, 21814.1], [1.9964, 23068.9], [1.9965, 63537.2], [1.9966, 23068.6], [1.9967, 37918.8]], "timestamp": "2025-12-15T08:49:42.278517+00:00"}, {"symbol": "XRPUSDT", "bids": [[1.9952, 3497.1], [1.9951, 11276.3], [1.995, 23122.5], [1.9949, 31724.1], [1.9948, 48536.3], [1.9947, 34580.5], [1.9946, 47334.8], [1.9945, 125871.3], [1.9944, 37913.6], [1.9943, 32745.1], [1.9942, 22691.2], [1.9941, 16246.5], [1.994, 23836.9], [1.9939, 74405.4], [1.9938, 150913.1], [1.9937, 16147.2], [1.9936, 17840.5], [1.9935, 28608.3], [1.9934, 68995.5], [1.9933, 57478.8]], "asks": [[1.9953, 35155.0], [1.9954, 16509.3], [1.9955, 27507.3], [1.9956, 13169.7], [1.9957, 9558.2], [1.9958, 14454.4], [1.9959, 35841.5], [1.996, 46691.0], [1.9961, 68242.5], [1.9962, 49037.6], [1.9963, 19271.8], [1.9964, 23182.9], [1.9965, 74030.4], [1.9966, 98888.0], [1.9967, 29415.9], [1.9968, 40573.0], [1.9969, 70381.3], [1.997, 24679.9], [1.9971, 28653.3], [1.9972, 63844.4]], "timestamp": "2025-12-15T08:50:36.224893+00:00"}, {"symbol": "XRPUSDT", "bids": [[1.9954, 1871.0], [1.9953, 1953.8], [1.9952, 17303.7], [1.9951, 26872.3], [1.995, 42557.6], [1.9949, 48054.0], [1.9948, 50853.9], [1.9947, 46251.6], [1.9946, 53685.8], [1.9945, 117102.6], [1.9944, 35717.2], [1.9943, 29992.1], [1.9942, 21020.8], [1.9941, 17769.5], [1.994, 24342.2], [1.9939, 71650.4], [1.9938, 149044.3], [1.9937, 19838.7], [1.9936, 18141.7], [1.9935, 25459.6]], "asks": [[1.9955, 36847.7], [1.9956, 37270.0], [1.9957, 12949.0], [1.9958, 21219.2], [1.9959, 21816.8], [1.996, 28708.4], [1.9961, 71085.1], [1.9962, 50474.1], [1.9963, 23936.3], [1.9964, 28229.8], [1.9965, 84131.6], [1.9966, 104671.6], [1.9967, 29529.1], [1.9968, 44797.7], [1.9969, 70716.1], [1.997, 23568.8], [1.9971, 28414.2], [1.9972, 26995.5], [1.9973, 35509.4], [1.9974, 41058.5]], "timestamp": "2025-12-15T08:51:29.883307+00:00"}, {"symbol": "XRPUSDT", "bids": [[1.9948, 10686.6], [1.9947, 13997.0], [1.9946, 28405.4], [1.9945, 51418.5], [1.9944, 31336.4], [1.9943, 30174.4], [1.9942, 33945.8], [1.9941, 32973.9], [1.994, 40923.2], [1.9939, 77170.5], [1.9938, 60965.7], [1.9937, 17323.2], [1.9936, 29746.7], [1.9935, 108556.3], [1.9934, 57849.1], [1.9933, 50504.1], [1.9932, 43083.3], [1.9931, 25409.5], [1.993, 63134.5], [1.9929, 26341.5]], "asks": [[1.9949, 47535.9], [1.995, 13107.6], [1.9951, 14643.2], [1.9952, 31145.1], [1.9953, 45796.1], [1.9954, 34159.7], [1.9955, 65682.1], [1.9956, 52166.6], [1.9957, 65149.9], [1.9958, 19143.7], [1.9959, 18008.9], [1.996, 25068.6], [1.9961, 152257.8], [1.9962, 47078.0], [1.9963, 28661.2], [1.9964, 27726.7], [1.9965, 63376.2], [1.9966, 23927.8], [1.9967, 25610.0], [1.9968, 43216.4]], "timestamp": "2025-12-15T08:52:23.888207+00:00"}, {"symbol": "XRPUSDT", "bids": [[1.9943, 6785.9], [1.9942, 21224.8], [1.9941, 25653.5], [1.994, 24677.9], [1.9939, 29809.2], [1.9938, 37116.4], [1.9937, 29473.1], [1.9936, 24076.3], [1.9935, 38218.8], [1.9934, 62089.3], [1.9933, 38165.4], [1.9932, 45859.9], [1.9931, 35371.4], [1.993, 136002.0], [1.9929, 30575.8], [1.9928, 54039.1], [1.9927, 24259.0], [1.9926, 77893.2], [1.9925, 18612.7], [1.9924, 29007.5]], "asks": [[1.9944, 19598.0], [1.9945, 11544.3], [1.9946, 16561.1], [1.9947, 26733.6], [1.9948, 32582.7], [1.9949, 55738.5], [1.995, 66437.2], [1.9951, 35515.9], [1.9952, 40258.1], [1.9953, 54903.8], [1.9954, 37287.1], [1.9955, 36353.6], [1.9956, 58413.7], [1.9957, 140038.8], [1.9958, 17996.1], [1.9959, 23856.7], [1.996, 29356.3], [1.9961, 59269.4], [1.9962, 46519.8], [1.9963, 28743.1]], "timestamp": "2025-12-15T08:53:17.609245+00:00"}, {"symbol": "XRPUSDT", "bids": [[1.9941, 34409.7], [1.994, 27495.9], [1.9939, 26455.2], [1.9938, 30799.0], [1.9937, 19132.7], [1.9936, 37817.5], [1.9935, 47578.9], [1.9934, 58659.6], [1.9933, 26920.9], [1.9932, 43685.8], [1.9931, 37626.5], [1.993, 70184.8], [1.9929, 112066.8], [1.9928, 16316.0], [1.9927, 24693.8], [1.9926, 78966.2], [1.9925, 18609.7], [1.9924, 33833.6], [1.9923, 60862.6], [1.9922, 75199.5]], "asks": [[1.9942, 7384.1], [1.9943, 9495.4], [1.9944, 14828.1], [1.9945, 17433.5], [1.9946, 17917.6], [1.9947, 22165.7], [1.9948, 39886.9], [1.9949, 77230.3], [1.995, 69224.3], [1.9951, 35195.7], [1.9952, 38110.4], [1.9953, 49159.9], [1.9954, 35546.1], [1.9955, 48236.3], [1.9956, 141191.4], [1.9957, 55765.5], [1.9958, 18698.2], [1.9959, 22826.1], [1.996, 31019.1], [1.9961, 59324.4]], "timestamp": "2025-12-15T08:54:11.165390+00:00"}, {"symbol": "XRPUSDT", "bids": [[1.9945, 58344.0], [1.9944, 24948.5], [1.9943, 64358.8], [1.9942, 41264.5], [1.9941, 24075.7], [1.994, 10886.2], [1.9939, 35124.7], [1.9938, 75563.0], [1.9937, 30660.5], [1.9936, 37539.3], [1.9935, 43439.8], [1.9934, 145064.3], [1.9933, 20270.2], [1.9932, 45430.6], [1.9931, 36206.3], [1.993, 55362.0], [1.9929, 17370.8], [1.9928, 23216.4], [1.9927, 23519.8], [1.9926, 79077.1]], "asks": [[1.9946, 3474.7], [1.9947, 7901.0], [1.9948, 23232.0], [1.9949, 18308.6], [1.995, 16305.1], [1.9951, 27401.3], [1.9952, 38031.5], [1.9953, 61644.4], [1.9954, 36067.7], [1.9955, 37694.3], [1.9956, 53689.8], [1.9957, 50279.1], [1.9958, 28611.7], [1.9959, 106786.9], [1.996, 31966.1], [1.9961, 69486.9], [1.9962, 48026.0], [1.9963, 18725.1], [1.9964, 25857.0], [1.9965, 63798.4]], "timestamp": "2025-12-15T08:55:04.925787+00:00"}, {"symbol": "XRPUSDT", "bids": [[1.9945, 1264.3], [1.9944, 23872.5], [1.9943, 18415.4], [1.9942, 22771.4], [1.9941, 27101.6], [1.994, 26819.5], [1.9939, 67759.5], [1.9938, 80292.3], [1.9937, 21254.5], [1.9936, 24503.1], [1.9935, 26259.6], [1.9934, 61025.5], [1.9933, 21901.2], [1.9932, 40284.7], [1.9931, 52602.1], [1.993, 153768.0], [1.9929, 23394.4], [1.9928, 46325.4], [1.9927, 27837.4], [1.9926, 85051.2]], "asks": [[1.9946, 40433.1], [1.9947, 27107.3], [1.9948, 42346.3], [1.9949, 39592.3], [1.995, 28947.9], [1.9951, 35553.6], [1.9952, 43904.2], [1.9953, 51722.5], [1.9954, 29374.4], [1.9955, 34352.8], [1.9956, 56985.2], [1.9957, 133382.4], [1.9958, 18751.8], [1.9959, 26905.2], [1.996, 27881.6], [1.9961, 66427.5], [1.9962, 50160.1], [1.9963, 16896.1], [1.9964, 28138.5], [1.9965, 62061.7]], "timestamp": "2025-12-15T08:55:58.276265+00:00"}, {"symbol": "XRPUSDT", "bids": [[1.9942, 9562.2], [1.9941, 14165.6], [1.994, 25552.4], [1.9939, 26066.3], [1.9938, 40090.0], [1.9937, 15855.7], [1.9936, 32877.0], [1.9935, 38601.0], [1.9934, 60963.9], [1.9933, 22172.7], [1.9932, 42984.0], [1.9931, 42615.8], [1.993, 69579.0], [1.9929, 91853.4], [1.9928, 22926.8], [1.9927, 26483.5], [1.9926, 79439.6], [1.9925, 18830.6], [1.9924, 34823.4], [1.9923, 36550.4]], "asks": [[1.9943, 23678.0], [1.9944, 10165.0], [1.9945, 20967.1], [1.9946, 31755.1], [1.9947, 29101.7], [1.9948, 44601.7], [1.9949, 100299.1], [1.995, 59997.3], [1.9951, 35572.2], [1.9952, 38865.4], [1.9953, 51690.6], [1.9954, 30701.3], [1.9955, 58972.1], [1.9956, 148837.0], [1.9957, 55476.5], [1.9958, 17588.6], [1.9959, 18115.2], [1.996, 26599.8], [1.9961, 58405.8], [1.9962, 50334.9]], "timestamp": "2025-12-15T08:56:52.292075+00:00"}, {"symbol": "XRPUSDT", "bids": [[1.9942, 690.1], [1.9941, 10436.7], [1.994, 18533.0], [1.9939, 12781.2], [1.9938, 30305.7], [1.9937, 20999.8], [1.9936, 44114.6], [1.9935, 28517.5], [1.9934, 60910.2], [1.9933, 26303.1], [1.9932, 50071.9], [1.9931, 44753.5], [1.993, 56545.7], [1.9929, 34821.6], [1.9928, 97359.8], [1.9927, 56776.1], [1.9926, 81259.3], [1.9925, 18781.6], [1.9924, 35374.3], [1.9923, 37750.0]], "asks": [[1.9943, 49894.6], [1.9944, 27240.8], [1.9945, 30577.4], [1.9946, 31199.2], [1.9947, 23421.6], [1.9948, 21543.7], [1.9949, 83633.7], [1.995, 42735.4], [1.9951, 30282.1], [1.9952, 35946.4], [1.9953, 49345.1], [1.9954, 44109.6], [1.9955, 132794.9], [1.9956, 46891.9], [1.9957, 60089.5], [1.9958, 20463.0], [1.9959, 18316.4], [1.996, 24793.3], [1.9961, 58673.7], [1.9962, 52039.1]], "timestamp": "2025-12-15T08:57:46.002427+00:00"}, {"symbol": "XRPUSDT", "bids": [[1.9941, 22783.1], [1.994, 18789.7], [1.9939, 43879.5], [1.9938, 49425.2], [1.9937, 34020.4], [1.9936, 40469.3], [1.9935, 64239.2], [1.9934, 38012.7], [1.9933, 22001.7], [1.9932, 40479.2], [1.9931, 42806.3], [1.993, 62345.4], [1.9929, 25174.5], [1.9928, 38753.8], [1.9927, 123975.6], [1.9926, 78343.3], [1.9925, 19930.4], [1.9924, 15674.4], [1.9923, 27159.9], [1.9922, 61667.7]], "asks": [[1.9942, 12967.6], [1.9943, 14692.5], [1.9944, 16447.6], [1.9945, 39353.6], [1.9946, 34066.8], [1.9947, 22150.4], [1.9948, 38077.3], [1.9949, 72588.0], [1.995, 26473.3], [1.9951, 28922.9], [1.9952, 31706.6], [1.9953, 60615.1], [1.9954, 109668.0], [1.9955, 41175.2], [1.9956, 49205.6], [1.9957, 52847.2], [1.9958, 15895.4], [1.9959, 19988.3], [1.996, 34312.7], [1.9961, 72476.3]], "timestamp": "2025-12-15T08:58:39.661048+00:00"}, {"symbol": "XRPUSDT", "bids": [[1.9927, 13689.0], [1.9926, 11377.9], [1.9925, 11618.7], [1.9924, 16266.9], [1.9923, 30691.6], [1.9922, 42640.5], [1.9921, 41891.7], [1.992, 64861.3], [1.9919, 81777.8], [1.9918, 42400.5], [1.9917, 30863.5], [1.9916, 24630.0], [1.9915, 37551.4], [1.9914, 92412.6], [1.9913, 45414.5], [1.9912, 95903.2], [1.9911, 23841.1], [1.991, 68348.1], [1.9909, 17016.6], [1.9908, 33168.0]], "asks": [[1.9928, 42214.9], [1.9929, 28966.5], [1.993, 24694.2], [1.9931, 27291.1], [1.9932, 74180.6], [1.9933, 35258.7], [1.9934, 42366.2], [1.9935, 93324.3], [1.9936, 80459.5], [1.9937, 52366.8], [1.9938, 26571.7], [1.9939, 129463.6], [1.994, 53931.5], [1.9941, 27725.8], [1.9942, 34972.9], [1.9943, 45213.8], [1.9944, 38909.7], [1.9945, 52064.6], [1.9946, 28184.4], [1.9947, 18417.6]], "timestamp": "2025-12-15T08:59:33.421258+00:00"}, {"symbol": "XRPUSDT", "bids": [[1.992, 11213.6], [1.9919, 7166.0], [1.9918, 14644.9], [1.9917, 9556.0], [1.9916, 20396.8], [1.9915, 36539.1], [1.9914, 74630.3], [1.9913, 40188.0], [1.9912, 36690.9], [1.9911, 41788.9], [1.991, 70151.7], [1.9909, 24007.9], [1.9908, 29173.1], [1.9907, 30669.1], [1.9906, 63780.1], [1.9905, 40336.0], [1.9904, 116981.7], [1.9903, 25201.5], [1.9902, 57180.6], [1.9901, 38586.9]], "asks": [[1.9921, 46872.6], [1.9922, 50511.6], [1.9923, 68211.1], [1.9924, 85504.3], [1.9925, 78080.7], [1.9926, 78204.5], [1.9927, 40209.5], [1.9928, 94935.6], [1.9929, 47741.8], [1.993, 22350.0], [1.9931, 29409.0], [1.9932, 76643.6], [1.9933, 131200.5], [1.9934, 38653.5], [1.9935, 53016.2], [1.9936, 79239.5], [1.9937, 40363.2], [1.9938, 35802.6], [1.9939, 29224.3], [1.994, 50281.1]], "timestamp": "2025-12-15T09:00:26.874887+00:00"}, {"symbol": "XRPUSDT", "bids": [[1.9911, 7918.5], [1.991, 8831.8], [1.9909, 15403.0], [1.9908, 12687.7], [1.9907, 16136.8], [1.9906, 30654.9], [1.9905, 59237.8], [1.9904, 74261.8], [1.9903, 36003.2], [1.9902, 68285.3], [1.9901, 41222.4], [1.99, 103173.0], [1.9899, 33508.1], [1.9898, 82400.3], [1.9897, 34700.6], [1.9896, 45470.5], [1.9895, 157579.6], [1.9894, 55740.1], [1.9893, 64139.9], [1.9892, 33548.1]], "asks": [[1.9912, 54340.0], [1.9913, 40392.3], [1.9914, 36786.5], [1.9915, 29517.9], [1.9916, 21268.4], [1.9917, 31182.0], [1.9918, 27312.3], [1.9919, 63014.1], [1.992, 26719.7], [1.9921, 31200.5], [1.9922, 70085.7], [1.9923, 143914.5], [1.9924, 22642.3], [1.9925, 28659.8], [1.9926, 34616.4], [1.9927, 31835.7], [1.9928, 68433.6], [1.9929, 28740.4], [1.993, 25983.5], [1.9931, 25085.0]], "timestamp": "2025-12-15T09:01:20.840589+00:00"}, {"symbol": "XRPUSDT", "bids": [[1.9917, 13701.2], [1.9916, 16647.2], [1.9915, 36968.3], [1.9914, 41402.2], [1.9913, 53456.1], [1.9912, 81780.7], [1.9911, 66160.3], [1.991, 107113.2], [1.9909, 36484.4], [1.9908, 38569.0], [1.9907, 42538.2], [1.9906, 90001.1], [1.9905, 53460.9], [1.9904, 40636.2], [1.9903, 49608.7], [1.9902, 185160.1], [1.9901, 39591.2], [1.99, 92759.3], [1.9899, 27408.9], [1.9898, 114115.2]], "asks": [[1.9918, 28345.6], [1.9919, 40440.7], [1.992, 24812.2], [1.9921, 14428.9], [1.9922, 30987.2], [1.9923, 60210.7], [1.9924, 15268.3], [1.9925, 32921.8], [1.9926, 32011.8], [1.9927, 38677.8], [1.9928, 66314.7], [1.9929, 41992.6], [1.993, 121098.6], [1.9931, 35284.5], [1.9932, 70499.3], [1.9933, 26434.7], [1.9934, 28572.4], [1.9935, 38292.9], [1.9936, 69047.1], [1.9937, 44963.8]], "timestamp": "2025-12-15T09:02:14.396230+00:00"}, {"symbol": "XRPUSDT", "bids": [[1.993, 6925.7], [1.9929, 9788.6], [1.9928, 19243.3], [1.9927, 17607.1], [1.9926, 22374.0], [1.9925, 31740.0], [1.9924, 52988.2], [1.9923, 78180.2], [1.9922, 81512.0], [1.9921, 35961.8], [1.992, 31718.6], [1.9919, 34664.8], [1.9918, 72494.7], [1.9917, 24164.5], [1.9916, 34144.2], [1.9915, 45647.7], [1.9914, 190604.9], [1.9913, 17975.3], [1.9912, 25611.6], [1.9911, 34791.8]], "asks": [[1.9931, 40554.5], [1.9932, 42201.8], [1.9933, 70056.7], [1.9934, 46693.2], [1.9935, 39782.8], [1.9936, 52515.4], [1.9937, 53665.5], [1.9938, 55250.0], [1.9939, 53975.9], [1.994, 40230.3], [1.9941, 51920.3], [1.9942, 33896.4], [1.9943, 59582.3], [1.9944, 130794.1], [1.9945, 57718.1], [1.9946, 33730.4], [1.9947, 21357.2], [1.9948, 34745.1], [1.9949, 72697.1], [1.995, 35422.9]], "timestamp": "2025-12-15T09:03:08.259559+00:00"}, {"symbol": "XRPUSDT", "bids": [[1.9934, 5178.9], [1.9933, 4487.2], [1.9932, 33887.4], [1.9931, 32513.0], [1.993, 35125.5], [1.9929, 42681.7], [1.9928, 66032.8], [1.9927, 73889.2], [1.9926, 80495.8], [1.9925, 54038.2], [1.9924, 43389.1], [1.9923, 45315.2], [1.9922, 81270.4], [1.9921, 26283.3], [1.992, 138388.3], [1.9919, 34545.9], [1.9918, 64122.2], [1.9917, 17478.0], [1.9916, 27927.1], [1.9915, 40877.6]], "asks": [[1.9935, 34255.0], [1.9936, 11067.1], [1.9937, 19827.7], [1.9938, 26591.0], [1.9939, 24841.6], [1.994, 30934.1], [1.9941, 73961.7], [1.9942, 41713.3], [1.9943, 41976.6], [1.9944, 28021.1], [1.9945, 48101.9], [1.9946, 29154.8], [1.9947, 18611.6], [1.9948, 121578.7], [1.9949, 70714.8], [1.995, 23961.5], [1.9951, 48745.1], [1.9952, 79316.1], [1.9953, 47441.5], [1.9954, 27405.7]], "timestamp": "2025-12-15T09:04:02.122069+00:00"}, {"symbol": "XRPUSDT", "bids": [[1.9952, 10620.6], [1.9951, 14618.7], [1.995, 30377.6], [1.9949, 36795.4], [1.9948, 46855.3], [1.9947, 57874.2], [1.9946, 84057.4], [1.9945, 31836.9], [1.9944, 47954.4], [1.9943, 63840.0], [1.9942, 41708.4], [1.9941, 40549.2], [1.994, 36720.4], [1.9939, 29915.6], [1.9938, 76669.2], [1.9937, 121520.4], [1.9936, 29443.2], [1.9935, 24116.7], [1.9934, 70591.5], [1.9933, 25324.5]], "asks": [[1.9953, 33794.0], [1.9954, 24957.9], [1.9955, 16951.6], [1.9956, 21440.5], [1.9957, 63082.2], [1.9958, 33165.7], [1.9959, 9140.5], [1.996, 35189.0], [1.9961, 63394.1], [1.9962, 46635.0], [1.9963, 27675.1], [1.9964, 43635.5], [1.9965, 147924.2], [1.9966, 31564.3], [1.9967, 19653.3], [1.9968, 47396.7], [1.9969, 80927.0], [1.997, 22742.8], [1.9971, 33177.9], [1.9972, 64040.1]], "timestamp": "2025-12-15T09:04:55.781069+00:00"}, {"symbol": "XRPUSDT", "bids": [[1.9945, 29550.2], [1.9944, 32123.7], [1.9943, 43454.7], [1.9942, 20699.0], [1.9941, 45129.6], [1.994, 38914.2], [1.9939, 93930.2], [1.9938, 43339.9], [1.9937, 38577.2], [1.9936, 42126.7], [1.9935, 37962.6], [1.9934, 80688.3], [1.9933, 23909.8], [1.9932, 122740.3], [1.9931, 35474.3], [1.993, 69395.5], [1.9929, 17088.0], [1.9928, 37621.3], [1.9927, 35175.7], [1.9926, 92219.9]], "asks": [[1.9946, 4205.9], [1.9947, 8771.6], [1.9948, 19548.5], [1.9949, 21041.8], [1.995, 58283.4], [1.9951, 39850.4], [1.9952, 26885.5], [1.9953, 39319.4], [1.9954, 64341.9], [1.9955, 50112.7], [1.9956, 28203.3], [1.9957, 49376.0], [1.9958, 116060.9], [1.9959, 47225.2], [1.996, 62511.1], [1.9961, 27042.3], [1.9962, 29891.9], [1.9963, 41243.6], [1.9964, 42446.6], [1.9965, 60188.2]], "timestamp": "2025-12-15T09:05:49.951568+00:00"}, {"symbol": "XRPUSDT", "bids": [[1.9952, 73097.6], [1.9951, 26214.6], [1.995, 26468.7], [1.9949, 31530.5], [1.9948, 52212.8], [1.9947, 24341.6], [1.9946, 39879.5], [1.9945, 64840.7], [1.9944, 44815.4], [1.9943, 94908.9], [1.9942, 48271.9], [1.9941, 28977.1], [1.994, 44751.5], [1.9939, 58766.8], [1.9938, 35799.8], [1.9937, 125474.1], [1.9936, 36392.7], [1.9935, 26548.6], [1.9934, 71571.7], [1.9933, 23843.6]], "asks": [[1.9953, 4868.7], [1.9954, 4320.2], [1.9955, 22163.3], [1.9956, 43587.9], [1.9957, 20102.8], [1.9958, 21718.7], [1.9959, 55699.9], [1.996, 58927.9], [1.9961, 24202.1], [1.9962, 28784.6], [1.9963, 33205.6], [1.9964, 36668.1], [1.9965, 138930.5], [1.9966, 37157.7], [1.9967, 21304.5], [1.9968, 51487.7], [1.9969, 69524.1], [1.997, 38987.2], [1.9971, 15056.5], [1.9972, 27490.0]], "timestamp": "2025-12-15T09:06:43.506892+00:00"}, {"symbol": "XRPUSDT", "bids": [[1.9969, 28642.7], [1.9968, 21070.6], [1.9967, 22567.9], [1.9966, 22909.2], [1.9965, 33021.3], [1.9964, 29418.8], [1.9963, 50197.1], [1.9962, 35896.1], [1.9961, 25791.4], [1.996, 32455.4], [1.9959, 62933.7], [1.9958, 26001.6], [1.9957, 27941.2], [1.9956, 107539.1], [1.9955, 55142.5], [1.9954, 55226.3], [1.9953, 45893.8], [1.9952, 35900.8], [1.9951, 53469.8], [1.995, 42123.6]], "asks": [[1.997, 17987.4], [1.9971, 12066.7], [1.9972, 18151.8], [1.9973, 16710.4], [1.9974, 41115.4], [1.9975, 65853.1], [1.9976, 24324.4], [1.9977, 57915.9], [1.9978, 43651.7], [1.9979, 90250.6], [1.998, 47561.9], [1.9981, 26471.1], [1.9982, 39993.8], [1.9983, 142132.4], [1.9984, 62342.8], [1.9985, 40159.1], [1.9986, 49737.5], [1.9987, 44055.3], [1.9988, 63031.4], [1.9989, 26770.2]], "timestamp": "2025-12-15T09:07:37.062451+00:00"}, {"symbol": "XRPUSDT", "bids": [[1.9958, 12114.8], [1.9957, 14628.6], [1.9956, 23931.7], [1.9955, 22912.3], [1.9954, 39080.3], [1.9953, 24046.8], [1.9952, 45256.5], [1.9951, 56898.9], [1.995, 33035.4], [1.9949, 25026.6], [1.9948, 32096.6], [1.9947, 52403.3], [1.9946, 39463.2], [1.9945, 35748.1], [1.9944, 105502.1], [1.9943, 60988.4], [1.9942, 36273.8], [1.9941, 19327.3], [1.994, 35125.8], [1.9939, 86620.6]], "asks": [[1.9959, 21701.5], [1.996, 19956.5], [1.9961, 16803.6], [1.9962, 18598.7], [1.9963, 19341.0], [1.9964, 34197.7], [1.9965, 29999.0], [1.9966, 67491.6], [1.9967, 105242.7], [1.9968, 54616.6], [1.9969, 29627.5], [1.997, 52871.9], [1.9971, 152998.5], [1.9972, 43395.5], [1.9973, 29293.0], [1.9974, 55628.5], [1.9975, 57926.9], [1.9976, 18277.0], [1.9977, 17050.2], [1.9978, 19276.8]], "timestamp": "2025-12-15T09:08:30.720805+00:00"}, {"symbol": "XRPUSDT", "bids": [[1.9959, 50524.8], [1.9958, 35559.9], [1.9957, 28666.0], [1.9956, 38525.4], [1.9955, 68762.3], [1.9954, 19744.0], [1.9953, 12375.1], [1.9952, 46394.9], [1.9951, 57943.6], [1.995, 32130.5], [1.9949, 28478.3], [1.9948, 47817.8], [1.9947, 137713.2], [1.9946, 35697.5], [1.9945, 16505.8], [1.9944, 27841.4], [1.9943, 61924.9], [1.9942, 39920.6], [1.9941, 30412.8], [1.994, 52035.5]], "asks": [[1.996, 3283.1], [1.9961, 1319.6], [1.9962, 19495.8], [1.9963, 14220.2], [1.9964, 25851.5], [1.9965, 29876.8], [1.9966, 66144.1], [1.9967, 85802.3], [1.9968, 43576.5], [1.9969, 30096.0], [1.997, 39423.6], [1.9971, 65573.1], [1.9972, 42477.2], [1.9973, 116514.9], [1.9974, 55178.9], [1.9975, 62759.8], [1.9976, 20493.2], [1.9977, 23983.5], [1.9978, 22056.5], [1.9979, 36675.6]], "timestamp": "2025-12-15T09:09:24.481220+00:00"}, {"symbol": "XRPUSDT", "bids": [[1.996, 24157.3], [1.9959, 22321.0], [1.9958, 31936.8], [1.9957, 40549.7], [1.9956, 35473.7], [1.9955, 68064.3], [1.9954, 54588.7], [1.9953, 19436.8], [1.9952, 37837.3], [1.9951, 48390.8], [1.995, 32378.6], [1.9949, 25706.3], [1.9948, 30831.4], [1.9947, 140186.7], [1.9946, 35649.6], [1.9945, 23602.8], [1.9944, 58067.0], [1.9943, 60891.0], [1.9942, 42116.8], [1.9941, 45233.5]], "asks": [[1.9961, 24696.9], [1.9962, 12489.4], [1.9963, 20055.3], [1.9964, 20235.3], [1.9965, 18999.7], [1.9966, 28751.2], [1.9967, 66787.1], [1.9968, 71343.2], [1.9969, 31917.9], [1.997, 45237.5], [1.9971, 64876.8], [1.9972, 32158.3], [1.9973, 38922.2], [1.9974, 68631.2], [1.9975, 158021.1], [1.9976, 26445.6], [1.9977, 25451.0], [1.9978, 22438.2], [1.9979, 31267.7], [1.998, 67044.6]], "timestamp": "2025-12-15T09:10:18.076453+00:00"}, {"symbol": "XRPUSDT", "bids": [[1.9948, 50607.2], [1.9947, 58598.2], [1.9946, 38976.0], [1.9945, 40177.4], [1.9944, 56676.4], [1.9943, 42827.3], [1.9942, 16264.3], [1.9941, 42248.5], [1.994, 49249.9], [1.9939, 54610.1], [1.9938, 33545.8], [1.9937, 46380.6], [1.9936, 103997.0], [1.9935, 32475.5], [1.9934, 65853.6], [1.9933, 22224.9], [1.9932, 29169.1], [1.9931, 39471.7], [1.993, 75852.4], [1.9929, 28419.9]], "asks": [[1.9949, 1841.8], [1.995, 1555.0], [1.9951, 18776.7], [1.9952, 26364.6], [1.9953, 46978.2], [1.9954, 27100.6], [1.9955, 32415.7], [1.9956, 63026.9], [1.9957, 62355.2], [1.9958, 89794.0], [1.9959, 33907.8], [1.996, 48775.0], [1.9961, 38019.0], [1.9962, 88915.1], [1.9963, 142368.8], [1.9964, 40996.0], [1.9965, 28371.6], [1.9966, 53952.9], [1.9967, 65532.6], [1.9968, 56402.9]], "timestamp": "2025-12-15T09:11:12.105217+00:00"}, {"symbol": "XRPUSDT", "bids": [[1.9951, 12817.9], [1.995, 17230.4], [1.9949, 40190.6], [1.9948, 37407.6], [1.9947, 87445.6], [1.9946, 45065.7], [1.9945, 59840.9], [1.9944, 56136.5], [1.9943, 52398.0], [1.9942, 26905.5], [1.9941, 24125.9], [1.994, 31130.3], [1.9939, 61089.2], [1.9938, 122740.2], [1.9937, 47252.7], [1.9936, 55792.1], [1.9935, 29243.0], [1.9934, 68696.2], [1.9933, 23880.8], [1.9932, 28112.4]], "asks": [[1.9952, 25757.4], [1.9953, 19116.1], [1.9954, 29825.5], [1.9955, 33690.2], [1.9956, 27955.8], [1.9957, 54307.6], [1.9958, 33482.2], [1.9959, 59608.9], [1.996, 42544.1], [1.9961, 49637.7], [1.9962, 71226.2], [1.9963, 36206.1], [1.9964, 117604.1], [1.9965, 35316.1], [1.9966, 42742.2], [1.9967, 72209.1], [1.9968, 46185.6], [1.9969, 20823.0], [1.997, 29813.8], [1.9971, 62730.9]], "timestamp": "2025-12-15T09:12:05.763341+00:00"}, {"symbol": "XRPUSDT", "bids": [[1.9946, 20043.2], [1.9945, 20113.0], [1.9944, 20971.5], [1.9943, 36049.0], [1.9942, 59633.2], [1.9941, 29115.5], [1.994, 31002.8], [1.9939, 57623.0], [1.9938, 56702.5], [1.9937, 33567.2], [1.9936, 28160.4], [1.9935, 38491.7], [1.9934, 157984.6], [1.9933, 17969.7], [1.9932, 24097.6], [1.9931, 36439.7], [1.993, 75980.0], [1.9929, 55784.5], [1.9928, 46032.9], [1.9927, 22756.6]], "asks": [[1.9947, 32638.2], [1.9948, 14372.7], [1.9949, 25977.8], [1.995, 24568.4], [1.9951, 28041.1], [1.9952, 38243.0], [1.9953, 50732.5], [1.9954, 52935.1], [1.9955, 48642.9], [1.9956, 55766.3], [1.9957, 57130.5], [1.9958, 47115.7], [1.9959, 123696.8], [1.996, 35020.7], [1.9961, 43403.8], [1.9962, 82036.1], [1.9963, 27412.1], [1.9964, 18387.4], [1.9965, 22015.0], [1.9966, 25428.9]], "timestamp": "2025-12-15T09:12:59.626232+00:00"}, {"symbol": "XRPUSDT", "bids": [[1.9948, 16948.5], [1.9947, 24068.0], [1.9946, 33123.6], [1.9945, 46799.8], [1.9944, 28816.2], [1.9943, 46414.2], [1.9942, 60201.7], [1.9941, 41053.0], [1.994, 41394.6], [1.9939, 43662.7], [1.9938, 53918.9], [1.9937, 31637.5], [1.9936, 38037.0], [1.9935, 121344.2], [1.9934, 67808.3], [1.9933, 19805.1], [1.9932, 23336.9], [1.9931, 41427.3], [1.993, 76035.0], [1.9929, 72943.3]], "asks": [[1.9949, 12075.7], [1.995, 14508.6], [1.9951, 16465.8], [1.9952, 20678.2], [1.9953, 27232.5], [1.9954, 38243.7], [1.9955, 56270.5], [1.9956, 56788.4], [1.9957, 60185.5], [1.9958, 42782.6], [1.9959, 32555.2], [1.996, 44076.0], [1.9961, 126435.0], [1.9962, 80195.5], [1.9963, 42158.0], [1.9964, 23020.2], [1.9965, 19561.1], [1.9966, 27631.5], [1.9967, 64952.0], [1.9968, 53365.3]], "timestamp": "2025-12-15T09:13:53.284908+00:00"}, {"symbol": "XRPUSDT", "bids": [[1.9961, 13033.8], [1.996, 20737.5], [1.9959, 28096.5], [1.9958, 44002.6], [1.9957, 37677.8], [1.9956, 35983.9], [1.9955, 34061.9], [1.9954, 64813.6], [1.9953, 20149.9], [1.9952, 41891.3], [1.9951, 56724.3], [1.995, 57108.4], [1.9949, 16246.6], [1.9948, 101367.7], [1.9947, 35724.5], [1.9946, 68434.1], [1.9945, 20670.3], [1.9944, 23099.5], [1.9943, 46731.6], [1.9942, 60580.8]], "asks": [[1.9962, 14154.9], [1.9963, 10098.5], [1.9964, 21561.1], [1.9965, 23218.2], [1.9966, 33751.2], [1.9967, 66116.3], [1.9968, 47455.4], [1.9969, 38768.6], [1.997, 31590.5], [1.9971, 66172.1], [1.9972, 25054.3], [1.9973, 50137.4], [1.9974, 140729.5], [1.9975, 69380.4], [1.9976, 41763.7], [1.9977, 34088.2], [1.9978, 25946.1], [1.9979, 40980.4], [1.998, 64946.7], [1.9981, 40157.7]], "timestamp": "2025-12-15T09:14:46.532756+00:00"}, {"symbol": "XRPUSDT", "bids": [[1.9968, 7047.3], [1.9967, 17063.7], [1.9966, 31906.1], [1.9965, 34867.6], [1.9964, 50882.8], [1.9963, 41264.4], [1.9962, 18876.9], [1.9961, 15413.6], [1.996, 32902.8], [1.9959, 47326.4], [1.9958, 64142.1], [1.9957, 30928.8], [1.9956, 22309.4], [1.9955, 40149.2], [1.9954, 130479.6], [1.9953, 20189.8], [1.9952, 31132.3], [1.9951, 48200.7], [1.995, 59836.1], [1.9949, 23926.8]], "asks": [[1.9969, 22037.9], [1.997, 21655.0], [1.9971, 19860.3], [1.9972, 20969.2], [1.9973, 28932.1], [1.9974, 30669.1], [1.9975, 62774.9], [1.9976, 46117.0], [1.9977, 31459.9], [1.9978, 31258.2], [1.9979, 51130.0], [1.998, 160297.6], [1.9981, 34472.8], [1.9982, 39612.8], [1.9983, 38660.2], [1.9984, 51812.4], [1.9985, 20751.6], [1.9986, 38251.6], [1.9987, 50887.3], [1.9988, 93319.2]], "timestamp": "2025-12-15T09:15:40.089217+00:00"}, {"symbol": "XRPUSDT", "bids": [[1.996, 8045.7], [1.9959, 10168.4], [1.9958, 15919.7], [1.9957, 31329.2], [1.9956, 32192.3], [1.9955, 33262.1], [1.9954, 68389.2], [1.9953, 29116.6], [1.9952, 31897.6], [1.9951, 47381.8], [1.995, 61344.9], [1.9949, 18517.8], [1.9948, 24021.0], [1.9947, 48521.1], [1.9946, 140314.7], [1.9945, 22098.5], [1.9944, 24147.5], [1.9943, 40560.8], [1.9942, 52566.0], [1.9941, 75271.8]], "asks": [[1.9961, 18322.7], [1.9962, 17281.0], [1.9963, 23301.2], [1.9964, 30418.5], [1.9965, 41017.2], [1.9966, 41650.2], [1.9967, 95370.5], [1.9968, 66673.3], [1.9969, 43098.9], [1.997, 39430.3], [1.9971, 90422.3], [1.9972, 126876.0], [1.9973, 30772.6], [1.9974, 61226.6], [1.9975, 74506.3], [1.9976, 30791.5], [1.9977, 25754.7], [1.9978, 23515.3], [1.9979, 28795.2], [1.998, 63832.7]], "timestamp": "2025-12-15T09:16:34.156760+00:00"}, {"symbol": "XRPUSDT", "bids": [[1.9965, 32288.5], [1.9964, 38432.4], [1.9963, 38925.6], [1.9962, 78067.3], [1.9961, 52267.7], [1.996, 61601.1], [1.9959, 74265.9], [1.9958, 56728.5], [1.9957, 26739.3], [1.9956, 30309.7], [1.9955, 36032.8], [1.9954, 48503.0], [1.9953, 27092.3], [1.9952, 109102.0], [1.9951, 40484.8], [1.995, 61089.9], [1.9949, 15675.2], [1.9948, 15195.1], [1.9947, 51830.3], [1.9946, 102363.1]], "asks": [[1.9966, 3238.6], [1.9967, 1953.6], [1.9968, 12898.2], [1.9969, 22931.2], [1.997, 26198.1], [1.9971, 41816.5], [1.9972, 18434.0], [1.9973, 56358.3], [1.9974, 57683.2], [1.9975, 79387.6], [1.9976, 32360.6], [1.9977, 33049.2], [1.9978, 49990.1], [1.9979, 174610.2], [1.998, 78246.5], [1.9981, 36436.8], [1.9982, 18465.7], [1.9983, 32841.5], [1.9984, 54020.5], [1.9985, 63514.3]], "timestamp": "2025-12-15T09:17:28.020397+00:00"}, {"symbol": "XRPUSDT", "bids": [[1.9968, 47858.7], [1.9967, 29501.4], [1.9966, 25667.2], [1.9965, 28595.7], [1.9964, 27965.2], [1.9963, 30301.7], [1.9962, 33217.5], [1.9961, 25372.6], [1.996, 51812.5], [1.9959, 37845.8], [1.9958, 64956.9], [1.9957, 32221.8], [1.9956, 118022.0], [1.9955, 28116.6], [1.9954, 45989.8], [1.9953, 15355.7], [1.9952, 29097.6], [1.9951, 36464.6], [1.995, 68586.6], [1.9949, 28797.0]], "asks": [[1.9969, 1121.5], [1.997, 3646.7], [1.9971, 10714.6], [1.9972, 23096.7], [1.9973, 25914.6], [1.9974, 30295.5], [1.9975, 97321.4], [1.9976, 63270.5], [1.9977, 30598.1], [1.9978, 25405.4], [1.9979, 46900.6], [1.998, 70527.1], [1.9981, 48990.3], [1.9982, 122729.5], [1.9983, 46483.4], [1.9984, 46746.0], [1.9985, 19446.0], [1.9986, 39468.8], [1.9987, 37611.1], [1.9988, 54251.6]], "timestamp": "2025-12-15T09:18:21.576167+00:00"}, {"symbol": "XRPUSDT", "bids": [[1.9957, 8153.4], [1.9956, 11742.1], [1.9955, 14034.1], [1.9954, 23672.3], [1.9953, 23777.4], [1.9952, 45159.1], [1.9951, 47577.7], [1.995, 61555.9], [1.9949, 17434.0], [1.9948, 21498.2], [1.9947, 35673.5], [1.9946, 59871.5], [1.9945, 29354.1], [1.9944, 32103.9], [1.9943, 114848.8], [1.9942, 45406.0], [1.9941, 22063.4], [1.994, 42359.7], [1.9939, 41470.9], [1.9938, 72711.6]], "asks": [[1.9958, 38251.8], [1.9959, 14701.3], [1.996, 27250.4], [1.9961, 33326.6], [1.9962, 44751.1], [1.9963, 78327.1], [1.9964, 30709.4], [1.9965, 64838.7], [1.9966, 38834.7], [1.9967, 52163.1], [1.9968, 77046.3], [1.9969, 51916.3], [1.997, 133396.0], [1.9971, 46427.7], [1.9972, 64887.2], [1.9973, 34818.7], [1.9974, 61162.4], [1.9975, 60390.4], [1.9976, 63129.5], [1.9977, 27866.8]], "timestamp": "2025-12-15T09:19:15.234348+00:00"}, {"symbol": "XRPUSDT", "bids": [[1.9959, 17975.0], [1.9958, 21048.0], [1.9957, 33275.7], [1.9956, 52479.2], [1.9955, 39482.2], [1.9954, 56498.1], [1.9953, 33728.4], [1.9952, 46302.0], [1.9951, 37546.7], [1.995, 58442.7], [1.9949, 26759.9], [1.9948, 18789.8], [1.9947, 44302.2], [1.9946, 141904.2], [1.9945, 38029.1], [1.9944, 25785.8], [1.9943, 41821.4], [1.9942, 51410.9], [1.9941, 19290.0], [1.994, 44310.2]], "asks": [[1.996, 5334.9], [1.9961, 11027.1], [1.9962, 18689.5], [1.9963, 29829.8], [1.9964, 46538.3], [1.9965, 36137.0], [1.9966, 26604.0], [1.9967, 65968.2], [1.9968, 75450.6], [1.9969, 44152.9], [1.997, 27352.3], [1.9971, 59379.3], [1.9972, 155027.0], [1.9973, 36321.2], [1.9974, 65312.6], [1.9975, 75054.5], [1.9976, 60763.4], [1.9977, 28949.7], [1.9978, 21069.5], [1.9979, 37645.5]], "timestamp": "2025-12-15T09:20:09.097379+00:00"}, {"symbol": "XRPUSDT", "bids": [[1.996, 1590.9], [1.9959, 32747.3], [1.9958, 15339.5], [1.9957, 35243.7], [1.9956, 53591.9], [1.9955, 39237.2], [1.9954, 75199.0], [1.9953, 26243.0], [1.9952, 48194.5], [1.9951, 39276.2], [1.995, 59274.4], [1.9949, 23757.8], [1.9948, 31026.1], [1.9947, 115280.5], [1.9946, 59656.3], [1.9945, 38231.7], [1.9944, 27672.2], [1.9943, 38614.9], [1.9942, 45153.5], [1.9941, 27741.6]], "asks": [[1.9961, 28499.8], [1.9962, 21815.9], [1.9963, 16337.3], [1.9964, 31408.9], [1.9965, 23334.7], [1.9966, 36811.5], [1.9967, 40700.4], [1.9968, 90800.3], [1.9969, 35140.5], [1.997, 26951.5], [1.9971, 45103.3], [1.9972, 75768.2], [1.9973, 142791.4], [1.9974, 69022.2], [1.9975, 67189.9], [1.9976, 71000.5], [1.9977, 28899.7], [1.9978, 21122.1], [1.9979, 37645.1], [1.998, 84133.5]], "timestamp": "2025-12-15T09:21:02.858046+00:00"}, {"symbol": "XRPUSDT", "bids": [[1.9965, 29728.5], [1.9964, 11005.0], [1.9963, 21384.5], [1.9962, 39894.1], [1.9961, 45431.5], [1.996, 38411.0], [1.9959, 44613.1], [1.9958, 69003.2], [1.9957, 47630.2], [1.9956, 42658.5], [1.9955, 28301.1], [1.9954, 53063.1], [1.9953, 30663.2], [1.9952, 122293.5], [1.9951, 39705.3], [1.995, 60414.4], [1.9949, 24419.0], [1.9948, 19934.6], [1.9947, 38594.6], [1.9946, 60513.6]], "asks": [[1.9966, 19795.8], [1.9967, 15112.0], [1.9968, 16885.6], [1.9969, 24380.3], [1.997, 23328.0], [1.9971, 36270.9], [1.9972, 49951.4], [1.9973, 45343.4], [1.9974, 51184.1], [1.9975, 68452.3], [1.9976, 59663.5], [1.9977, 32139.0], [1.9978, 123211.6], [1.9979, 42517.2], [1.998, 94541.9], [1.9981, 33616.7], [1.9982, 17702.3], [1.9983, 34090.6], [1.9984, 55765.0], [1.9985, 24592.7]], "timestamp": "2025-12-15T09:21:56.414412+00:00"}, {"symbol": "XRPUSDT", "bids": [[1.9974, 51584.0], [1.9973, 17011.2], [1.9972, 26662.5], [1.9971, 44429.6], [1.997, 48789.4], [1.9969, 29195.4], [1.9968, 72252.2], [1.9967, 70119.9], [1.9966, 33595.2], [1.9965, 33285.2], [1.9964, 31490.2], [1.9963, 41973.8], [1.9962, 69038.6], [1.9961, 119976.0], [1.996, 35509.0], [1.9959, 29265.2], [1.9958, 61315.5], [1.9957, 31211.8], [1.9956, 37985.6], [1.9955, 44332.2]], "asks": [[1.9975, 20839.8], [1.9976, 2025.3], [1.9977, 14068.6], [1.9978, 20770.4], [1.9979, 27691.5], [1.998, 92481.8], [1.9981, 44110.8], [1.9982, 30474.1], [1.9983, 44240.9], [1.9984, 61116.6], [1.9985, 32796.0], [1.9986, 46952.8], [1.9987, 74644.1], [1.9988, 165889.1], [1.9989, 47807.5], [1.999, 46615.8], [1.9991, 45345.2], [1.9992, 79030.9], [1.9993, 49930.0], [1.9994, 54728.0]], "timestamp": "2025-12-15T09:22:50.175345+00:00"}, {"symbol": "XRPUSDT", "bids": [[1.9966, 47435.7], [1.9965, 98875.9], [1.9964, 20067.8], [1.9963, 29141.2], [1.9962, 40464.7], [1.9961, 21240.3], [1.996, 23463.6], [1.9959, 46938.1], [1.9958, 71904.1], [1.9957, 34895.3], [1.9956, 34254.9], [1.9955, 35512.4], [1.9954, 123346.2], [1.9953, 13598.2], [1.9952, 32842.3], [1.9951, 38453.5], [1.995, 54306.8], [1.9949, 26612.4], [1.9948, 30817.9], [1.9947, 70943.4]], "asks": [[1.9967, 924.9], [1.9968, 14425.6], [1.9969, 11841.8], [1.997, 19949.8], [1.9971, 27776.6], [1.9972, 65748.4], [1.9973, 43513.4], [1.9974, 70808.7], [1.9975, 73346.7], [1.9976, 58449.6], [1.9977, 25106.3], [1.9978, 32135.4], [1.9979, 40004.9], [1.998, 182641.7], [1.9981, 42476.7], [1.9982, 23668.3], [1.9983, 33866.9], [1.9984, 53990.5], [1.9985, 25017.8], [1.9986, 37409.4]], "timestamp": "2025-12-15T09:23:43.628622+00:00"}, {"symbol": "XRPUSDT", "bids": [[1.9976, 27961.7], [1.9975, 24913.8], [1.9974, 29677.7], [1.9973, 51050.5], [1.9972, 40808.6], [1.9971, 33191.7], [1.997, 32221.3], [1.9969, 43348.6], [1.9968, 47900.1], [1.9967, 50369.0], [1.9966, 20313.8], [1.9965, 23812.6], [1.9964, 56175.2], [1.9963, 131146.6], [1.9962, 50614.0], [1.9961, 22967.8], [1.996, 20092.4], [1.9959, 32641.8], [1.9958, 68287.8], [1.9957, 73049.4]], "asks": [[1.9977, 8936.1], [1.9978, 26520.9], [1.9979, 24462.2], [1.998, 36710.5], [1.9981, 28018.0], [1.9982, 32597.8], [1.9983, 50094.8], [1.9984, 69086.3], [1.9985, 36813.8], [1.9986, 44653.5], [1.9987, 50624.3], [1.9988, 77935.0], [1.9989, 123783.2], [1.999, 42492.7], [1.9991, 58359.3], [1.9992, 69347.4], [1.9993, 26007.1], [1.9994, 20578.8], [1.9995, 30031.9], [1.9996, 48271.3]], "timestamp": "2025-12-15T09:24:37.286715+00:00"}, {"symbol": "XRPUSDT", "bids": [[1.9985, 7382.6], [1.9984, 13364.5], [1.9983, 32383.7], [1.9982, 39161.3], [1.9981, 56601.5], [1.998, 58977.9], [1.9979, 81593.9], [1.9978, 62994.9], [1.9977, 63935.2], [1.9976, 29166.9], [1.9975, 38886.5], [1.9974, 24472.1], [1.9973, 75983.2], [1.9972, 61046.2], [1.9971, 127403.8], [1.997, 28087.8], [1.9969, 26849.0], [1.9968, 25455.0], [1.9967, 40342.4], [1.9966, 85726.7]], "asks": [[1.9986, 15775.2], [1.9987, 23118.6], [1.9988, 25180.6], [1.9989, 30104.3], [1.999, 48068.5], [1.9991, 41202.0], [1.9992, 95248.1], [1.9993, 39861.5], [1.9994, 31780.8], [1.9995, 43424.1], [1.9996, 57994.1], [1.9997, 41697.7], [1.9998, 136811.1], [1.9999, 61435.0], [2.0, 111306.8], [2.0001, 31852.7], [2.0002, 41615.4], [2.0003, 42573.8], [2.0004, 72707.2], [2.0005, 48315.8]], "timestamp": "2025-12-15T09:25:31.354968+00:00"}, {"symbol": "XRPUSDT", "bids": [[1.998, 12652.7], [1.9979, 5154.2], [1.9978, 21911.7], [1.9977, 46867.3], [1.9976, 28560.8], [1.9975, 44422.3], [1.9974, 41204.9], [1.9973, 78887.3], [1.9972, 51439.1], [1.9971, 26537.1], [1.997, 22625.9], [1.9969, 29497.2], [1.9968, 21305.0], [1.9967, 42888.3], [1.9966, 135874.9], [1.9965, 22287.9], [1.9964, 40475.7], [1.9963, 43284.3], [1.9962, 59432.1], [1.9961, 55847.8]], "asks": [[1.9981, 20967.5], [1.9982, 13244.3], [1.9983, 24167.2], [1.9984, 27551.0], [1.9985, 30492.1], [1.9986, 43052.8], [1.9987, 38167.8], [1.9988, 80586.1], [1.9989, 36283.8], [1.999, 45276.0], [1.9991, 43257.3], [1.9992, 86986.1], [1.9993, 132424.8], [1.9994, 44517.2], [1.9995, 37189.2], [1.9996, 55753.3], [1.9997, 19716.8], [1.9998, 32991.2], [1.9999, 41093.0], [2.0, 62701.3]], "timestamp": "2025-12-15T09:26:25.319995+00:00"}, {"symbol": "XRPUSDT", "bids": [[1.9981, 1546.6], [1.998, 17390.8], [1.9979, 15756.0], [1.9978, 20504.0], [1.9977, 41029.7], [1.9976, 31353.3], [1.9975, 56320.1], [1.9974, 53248.5], [1.9973, 80040.9], [1.9972, 52709.5], [1.9971, 24225.7], [1.997, 19940.8], [1.9969, 38810.7], [1.9968, 105487.8], [1.9967, 29826.0], [1.9966, 46236.2], [1.9965, 23632.8], [1.9964, 34011.3], [1.9963, 40368.5], [1.9962, 64940.0]], "asks": [[1.9982, 40424.9], [1.9983, 39137.2], [1.9984, 24295.9], [1.9985, 18763.7], [1.9986, 34440.1], [1.9987, 38351.2], [1.9988, 48988.2], [1.9989, 53567.1], [1.999, 40528.2], [1.9991, 39685.0], [1.9992, 81069.6], [1.9993, 46523.9], [1.9994, 122938.2], [1.9995, 45979.6], [1.9996, 55314.2], [1.9997, 30997.2], [1.9998, 32488.4], [1.9999, 39803.4], [2.0, 61727.7], [2.0001, 28062.3]], "timestamp": "2025-12-15T09:27:19.490204+00:00"}, {"symbol": "XRPUSDT", "bids": [[1.9979, 19468.4], [1.9978, 14859.0], [1.9977, 31068.9], [1.9976, 44771.1], [1.9975, 53644.3], [1.9974, 23744.8], [1.9973, 28724.1], [1.9972, 54798.1], [1.9971, 67564.0], [1.997, 37050.6], [1.9969, 27737.7], [1.9968, 22499.1], [1.9967, 116982.0], [1.9966, 49290.1], [1.9965, 26701.4], [1.9964, 31495.2], [1.9963, 42463.5], [1.9962, 58500.4], [1.9961, 43256.8], [1.996, 23296.9]], "asks": [[1.998, 16094.0], [1.9981, 15713.5], [1.9982, 23049.9], [1.9983, 27713.8], [1.9984, 39408.9], [1.9985, 28928.4], [1.9986, 69033.1], [1.9987, 44080.7], [1.9988, 67006.7], [1.9989, 30235.8], [1.999, 36432.7], [1.9991, 62823.7], [1.9992, 81945.2], [1.9993, 52187.7], [1.9994, 135920.0], [1.9995, 31655.0], [1.9996, 44828.6], [1.9997, 20702.2], [1.9998, 30940.4], [1.9999, 35164.4]], "timestamp": "2025-12-15T09:28:13.251087+00:00"}, {"symbol": "XRPUSDT", "bids": [[1.997, 8720.5], [1.9969, 7056.9], [1.9968, 17895.3], [1.9967, 21876.0], [1.9966, 29831.8], [1.9965, 23755.7], [1.9964, 36723.4], [1.9963, 48811.3], [1.9962, 67200.2], [1.9961, 29782.7], [1.996, 20447.0], [1.9959, 33924.8], [1.9958, 65609.3], [1.9957, 105560.0], [1.9956, 19125.2], [1.9955, 29210.2], [1.9954, 44136.5], [1.9953, 19212.0], [1.9952, 31426.9], [1.9951, 46900.0]], "asks": [[1.9971, 20141.2], [1.9972, 21732.9], [1.9973, 37632.4], [1.9974, 38476.0], [1.9975, 84810.2], [1.9976, 64664.1], [1.9977, 62927.7], [1.9978, 77410.1], [1.9979, 77870.3], [1.998, 51429.2], [1.9981, 35945.7], [1.9982, 49571.9], [1.9983, 162050.3], [1.9984, 61783.9], [1.9985, 30287.2], [1.9986, 39913.1], [1.9987, 44550.4], [1.9988, 55687.8], [1.9989, 23293.2], [1.999, 28449.8]], "timestamp": "2025-12-15T09:29:07.011857+00:00"}, {"symbol": "XRPUSDT", "bids": [[1.9968, 11614.1], [1.9967, 16790.1], [1.9966, 16596.1], [1.9965, 23402.6], [1.9964, 28661.1], [1.9963, 36835.9], [1.9962, 76238.2], [1.9961, 28080.0], [1.996, 17698.5], [1.9959, 37089.4], [1.9958, 67289.1], [1.9957, 43938.1], [1.9956, 97782.0], [1.9955, 30902.4], [1.9954, 52720.5], [1.9953, 17308.0], [1.9952, 32445.5], [1.9951, 52449.6], [1.995, 62532.5], [1.9949, 24538.1]], "asks": [[1.9969, 19971.6], [1.997, 17465.6], [1.9971, 28127.8], [1.9972, 23577.9], [1.9973, 39378.2], [1.9974, 43519.4], [1.9975, 94516.5], [1.9976, 90931.6], [1.9977, 57401.5], [1.9978, 49824.4], [1.9979, 82056.9], [1.998, 49215.1], [1.9981, 35522.2], [1.9982, 49975.9], [1.9983, 162223.1], [1.9984, 65452.0], [1.9985, 25406.5], [1.9986, 38359.1], [1.9987, 45559.1], [1.9988, 54020.6]], "timestamp": "2025-12-15T09:30:00.772488+00:00"}, {"symbol": "XRPUSDT", "bids": [[1.9962, 4374.9], [1.9961, 10428.8], [1.996, 20745.9], [1.9959, 26552.7], [1.9958, 43310.0], [1.9957, 34309.6], [1.9956, 26711.7], [1.9955, 40634.9], [1.9954, 48627.5], [1.9953, 33747.4], [1.9952, 44255.4], [1.9951, 37261.7], [1.995, 67236.6], [1.9949, 101788.8], [1.9948, 16877.7], [1.9947, 42576.3], [1.9946, 57857.9], [1.9945, 24489.2], [1.9944, 80720.7], [1.9943, 38631.9]], "asks": [[1.9963, 20051.2], [1.9964, 24858.3], [1.9965, 24403.6], [1.9966, 27432.1], [1.9967, 26876.7], [1.9968, 31324.6], [1.9969, 48766.1], [1.997, 95467.9], [1.9971, 63456.3], [1.9972, 37415.9], [1.9973, 48739.9], [1.9974, 57738.8], [1.9975, 49677.0], [1.9976, 110807.1], [1.9977, 42351.1], [1.9978, 59504.6], [1.9979, 39620.5], [1.998, 28234.6], [1.9981, 30234.8], [1.9982, 31400.0]], "timestamp": "2025-12-15T09:30:54.430569+00:00"}, {"symbol": "XRPUSDT", "bids": [[1.9967, 63743.2], [1.9966, 60881.9], [1.9965, 64889.0], [1.9964, 50857.4], [1.9963, 39356.8], [1.9962, 36646.3], [1.9961, 44376.5], [1.996, 40614.0], [1.9959, 40245.1], [1.9958, 56147.4], [1.9957, 73316.9], [1.9956, 124495.7], [1.9955, 24861.5], [1.9954, 19426.3], [1.9953, 63570.5], [1.9952, 54929.4], [1.9951, 30268.3], [1.995, 23281.1], [1.9949, 26693.9], [1.9948, 20958.6]], "asks": [[1.9968, 2205.5], [1.9969, 3417.9], [1.997, 7951.8], [1.9971, 7370.6], [1.9972, 21127.5], [1.9973, 25350.8], [1.9974, 82382.0], [1.9975, 42373.6], [1.9976, 42060.2], [1.9977, 46243.4], [1.9978, 64346.9], [1.9979, 37769.4], [1.998, 37902.9], [1.9981, 37594.3], [1.9982, 40066.1], [1.9983, 38302.8], [1.9984, 143653.8], [1.9985, 27663.2], [1.9986, 40618.9], [1.9987, 53269.7]], "timestamp": "2025-12-15T09:31:47.915949+00:00"}, {"symbol": "XRPUSDT", "bids": [[1.9966, 79997.2], [1.9965, 47574.0], [1.9964, 48799.8], [1.9963, 24809.6], [1.9962, 28907.2], [1.9961, 65162.2], [1.996, 26381.9], [1.9959, 34374.2], [1.9958, 36266.0], [1.9957, 53503.5], [1.9956, 39475.0], [1.9955, 24103.2], [1.9954, 103937.6], [1.9953, 64528.6], [1.9952, 48375.8], [1.9951, 21723.9], [1.995, 23382.3], [1.9949, 32425.0], [1.9948, 19731.4], [1.9947, 37890.1]], "asks": [[1.9967, 788.1], [1.9968, 668.0], [1.9969, 9818.5], [1.997, 15261.7], [1.9971, 26891.3], [1.9972, 27485.0], [1.9973, 57804.4], [1.9974, 87001.9], [1.9975, 34937.5], [1.9976, 32167.3], [1.9977, 28671.3], [1.9978, 59808.0], [1.9979, 39942.2], [1.998, 59361.0], [1.9981, 123273.1], [1.9982, 34511.5], [1.9983, 35571.7], [1.9984, 50048.2], [1.9985, 44873.3], [1.9986, 38382.9]], "timestamp": "2025-12-15T09:32:41.443118+00:00"}, {"symbol": "XRPUSDT", "bids": [[1.9954, 25198.5], [1.9953, 13662.3], [1.9952, 17896.5], [1.9951, 21903.5], [1.995, 23080.3], [1.9949, 27003.6], [1.9948, 31037.3], [1.9947, 36752.1], [1.9946, 60556.7], [1.9945, 35192.1], [1.9944, 29151.2], [1.9943, 50977.5], [1.9942, 132417.3], [1.9941, 24086.7], [1.994, 30806.1], [1.9939, 39235.7], [1.9938, 88730.7], [1.9937, 36341.7], [1.9936, 22875.6], [1.9935, 28759.4]], "asks": [[1.9955, 22683.0], [1.9956, 34049.0], [1.9957, 26275.5], [1.9958, 35390.6], [1.9959, 33821.4], [1.996, 43557.6], [1.9961, 44976.2], [1.9962, 93407.0], [1.9963, 82327.8], [1.9964, 43822.2], [1.9965, 40041.9], [1.9966, 68902.8], [1.9967, 48536.0], [1.9968, 60427.9], [1.9969, 137090.5], [1.997, 66704.9], [1.9971, 40401.1], [1.9972, 27868.8], [1.9973, 60887.6], [1.9974, 74882.7]], "timestamp": "2025-12-15T09:33:35.200748+00:00"}, {"symbol": "XRPUSDT", "bids": [[1.9955, 15880.1], [1.9954, 21121.5], [1.9953, 30414.1], [1.9952, 25826.6], [1.9951, 31485.4], [1.995, 49445.5], [1.9949, 27334.2], [1.9948, 34575.0], [1.9947, 37903.3], [1.9946, 64641.9], [1.9945, 35533.2], [1.9944, 41949.4], [1.9943, 120751.6], [1.9942, 45566.3], [1.9941, 22629.5], [1.994, 30806.1], [1.9939, 33389.0], [1.9938, 56605.7], [1.9937, 40768.6], [1.9936, 31382.8]], "asks": [[1.9956, 10894.9], [1.9957, 9290.8], [1.9958, 23416.3], [1.9959, 37712.1], [1.996, 39857.1], [1.9961, 42558.9], [1.9962, 81354.7], [1.9963, 78194.1], [1.9964, 44987.6], [1.9965, 42294.3], [1.9966, 77772.7], [1.9967, 51100.0], [1.9968, 58060.6], [1.9969, 139488.8], [1.997, 67927.7], [1.9971, 48768.8], [1.9972, 29661.4], [1.9973, 59156.2], [1.9974, 67757.3], [1.9975, 30930.1]], "timestamp": "2025-12-15T09:34:29.166359+00:00"}, {"symbol": "XRPUSDT", "bids": [[1.9958, 27057.2], [1.9957, 13739.9], [1.9956, 29722.9], [1.9955, 52336.8], [1.9954, 35370.4], [1.9953, 40547.1], [1.9952, 64193.9], [1.9951, 81632.4], [1.995, 53164.1], [1.9949, 22291.8], [1.9948, 25421.2], [1.9947, 37241.3], [1.9946, 57966.2], [1.9945, 119741.1], [1.9944, 19215.4], [1.9943, 38171.4], [1.9942, 56761.7], [1.9941, 21440.5], [1.994, 47791.1], [1.9939, 33326.1]], "asks": [[1.9959, 16987.9], [1.996, 8892.4], [1.9961, 15485.1], [1.9962, 17001.9], [1.9963, 22179.9], [1.9964, 23480.3], [1.9965, 40903.1], [1.9966, 73679.7], [1.9967, 42787.1], [1.9968, 40104.1], [1.9969, 37151.7], [1.997, 62023.2], [1.9971, 112623.3], [1.9972, 32311.6], [1.9973, 58678.7], [1.9974, 71114.8], [1.9975, 26794.1], [1.9976, 22892.9], [1.9977, 31523.9], [1.9978, 61134.7]], "timestamp": "2025-12-15T09:35:22.827136+00:00"}, {"symbol": "XRPUSDT", "bids": [[1.9956, 5898.7], [1.9955, 13490.7], [1.9954, 25212.6], [1.9953, 28519.4], [1.9952, 62769.1], [1.9951, 71840.4], [1.995, 57434.8], [1.9949, 29816.4], [1.9948, 27246.2], [1.9947, 36818.2], [1.9946, 57726.3], [1.9945, 31447.8], [1.9944, 31103.0], [1.9943, 121307.0], [1.9942, 55202.9], [1.9941, 23309.1], [1.994, 34444.6], [1.9939, 40343.0], [1.9938, 58757.6], [1.9937, 26893.1]], "asks": [[1.9957, 39643.8], [1.9958, 9163.9], [1.9959, 18906.9], [1.996, 18918.1], [1.9961, 27565.0], [1.9962, 54005.5], [1.9963, 36643.0], [1.9964, 50638.6], [1.9965, 36619.3], [1.9966, 56219.8], [1.9967, 45391.8], [1.9968, 34758.4], [1.9969, 39334.7], [1.997, 134760.3], [1.9971, 30195.5], [1.9972, 32290.3], [1.9973, 45867.6], [1.9974, 68315.4], [1.9975, 27877.4], [1.9976, 24124.7]], "timestamp": "2025-12-15T09:36:16.278276+00:00"}, {"symbol": "XRPUSDT", "bids": [[1.9955, 5992.0], [1.9954, 10158.2], [1.9953, 26272.1], [1.9952, 43773.4], [1.9951, 81888.0], [1.995, 36004.4], [1.9949, 30758.1], [1.9948, 32775.5], [1.9947, 39764.7], [1.9946, 59009.8], [1.9945, 31960.4], [1.9944, 19292.9], [1.9943, 52916.9], [1.9942, 142554.0], [1.9941, 26003.9], [1.994, 68736.0], [1.9939, 33226.6], [1.9938, 64860.2], [1.9937, 25052.6], [1.9936, 30709.7]], "asks": [[1.9956, 49261.1], [1.9957, 24301.6], [1.9958, 29057.4], [1.9959, 36566.7], [1.996, 26056.3], [1.9961, 21196.3], [1.9962, 24242.9], [1.9963, 35113.9], [1.9964, 50631.8], [1.9965, 31844.9], [1.9966, 54434.6], [1.9967, 43817.7], [1.9968, 43031.7], [1.9969, 105630.2], [1.997, 54419.5], [1.9971, 28321.7], [1.9972, 20833.5], [1.9973, 38541.3], [1.9974, 64190.3], [1.9975, 27114.7]], "timestamp": "2025-12-15T09:37:10.038403+00:00"}, {"symbol": "XRPUSDT", "bids": [[1.9958, 12828.1], [1.9957, 4312.4], [1.9956, 18899.7], [1.9955, 28113.6], [1.9954, 32434.1], [1.9953, 32850.5], [1.9952, 55597.5], [1.9951, 97230.3], [1.995, 44497.8], [1.9949, 23485.5], [1.9948, 27169.2], [1.9947, 38229.7], [1.9946, 71894.9], [1.9945, 119270.1], [1.9944, 20961.0], [1.9943, 37840.3], [1.9942, 47046.9], [1.9941, 30294.3], [1.994, 49172.2], [1.9939, 39003.7]], "asks": [[1.9959, 23661.4], [1.996, 9895.6], [1.9961, 20743.7], [1.9962, 27123.6], [1.9963, 26920.3], [1.9964, 24106.8], [1.9965, 33451.9], [1.9966, 71240.5], [1.9967, 40270.4], [1.9968, 36174.4], [1.9969, 34938.3], [1.997, 73739.3], [1.9971, 101713.1], [1.9972, 20209.8], [1.9973, 43417.6], [1.9974, 63686.5], [1.9975, 29337.3], [1.9976, 15684.6], [1.9977, 23344.7], [1.9978, 53337.9]], "timestamp": "2025-12-15T09:38:03.799902+00:00"}, {"symbol": "XRPUSDT", "bids": [[1.9956, 41465.6], [1.9955, 32391.7], [1.9954, 28963.6], [1.9953, 29225.3], [1.9952, 25424.2], [1.9951, 31060.3], [1.995, 64105.0], [1.9949, 41824.8], [1.9948, 40067.8], [1.9947, 43054.4], [1.9946, 62129.0], [1.9945, 45182.4], [1.9944, 115324.2], [1.9943, 42499.5], [1.9942, 47537.4], [1.9941, 31400.9], [1.994, 33706.5], [1.9939, 37798.1], [1.9938, 88672.8], [1.9937, 29630.4]], "asks": [[1.9957, 6003.1], [1.9958, 17082.4], [1.9959, 21131.2], [1.996, 20418.6], [1.9961, 30128.7], [1.9962, 65277.3], [1.9963, 47961.8], [1.9964, 50773.6], [1.9965, 24616.9], [1.9966, 59337.3], [1.9967, 43830.9], [1.9968, 46667.8], [1.9969, 45729.2], [1.997, 139148.8], [1.9971, 34757.4], [1.9972, 22606.2], [1.9973, 37672.5], [1.9974, 62114.2], [1.9975, 27595.8], [1.9976, 16098.8]], "timestamp": "2025-12-15T09:38:57.355519+00:00"}, {"symbol": "XRPUSDT", "bids": [[1.996, 19841.7], [1.9959, 16312.0], [1.9958, 30790.0], [1.9957, 33764.6], [1.9956, 48683.4], [1.9955, 46941.4], [1.9954, 52419.9], [1.9953, 43964.4], [1.9952, 35944.0], [1.9951, 32697.3], [1.995, 55897.7], [1.9949, 24571.9], [1.9948, 36293.6], [1.9947, 123812.3], [1.9946, 58148.7], [1.9945, 30042.8], [1.9944, 19936.5], [1.9943, 43055.3], [1.9942, 62318.1], [1.9941, 39182.4]], "asks": [[1.9961, 22362.2], [1.9962, 15739.5], [1.9963, 54738.2], [1.9964, 22067.7], [1.9965, 21562.2], [1.9966, 47207.4], [1.9967, 48337.8], [1.9968, 68296.5], [1.9969, 39929.0], [1.997, 62606.6], [1.9971, 36018.7], [1.9972, 41045.3], [1.9973, 134299.8], [1.9974, 73268.1], [1.9975, 43973.8], [1.9976, 19661.5], [1.9977, 22914.2], [1.9978, 54728.7], [1.9979, 39898.6], [1.998, 63272.1]], "timestamp": "2025-12-15T09:39:51.423244+00:00"}, {"symbol": "XRPUSDT", "bids": [[1.9961, 50230.6], [1.996, 34559.9], [1.9959, 40062.2], [1.9958, 32124.3], [1.9957, 29203.2], [1.9956, 45539.2], [1.9955, 52954.7], [1.9954, 68499.4], [1.9953, 34085.1], [1.9952, 40391.1], [1.9951, 29103.7], [1.995, 64785.2], [1.9949, 108187.3], [1.9948, 22669.5], [1.9947, 41756.0], [1.9946, 58652.3], [1.9945, 35282.1], [1.9944, 26206.1], [1.9943, 41229.7], [1.9942, 58192.1]], "asks": [[1.9962, 9707.1], [1.9963, 12968.2], [1.9964, 15775.2], [1.9965, 16083.9], [1.9966, 6663.3], [1.9967, 20239.3], [1.9968, 64715.6], [1.9969, 37214.8], [1.997, 64673.2], [1.9971, 36428.0], [1.9972, 30524.9], [1.9973, 60711.9], [1.9974, 159163.0], [1.9975, 38492.5], [1.9976, 25489.3], [1.9977, 33946.6], [1.9978, 53258.4], [1.9979, 44174.5], [1.998, 65831.2], [1.9981, 41050.9]], "timestamp": "2025-12-15T09:40:45.285827+00:00"}, {"symbol": "XRPUSDT", "bids": [[1.9958, 25276.2], [1.9957, 42532.5], [1.9956, 30094.5], [1.9955, 43139.5], [1.9954, 25108.4], [1.9953, 16216.7], [1.9952, 35348.3], [1.9951, 39228.6], [1.995, 53706.6], [1.9949, 24158.0], [1.9948, 34638.9], [1.9947, 52069.8], [1.9946, 62873.4], [1.9945, 49209.4], [1.9944, 117972.0], [1.9943, 41133.8], [1.9942, 46184.0], [1.9941, 20344.8], [1.994, 33998.6], [1.9939, 56109.7]], "asks": [[1.9959, 15512.5], [1.996, 41372.9], [1.9961, 17255.5], [1.9962, 24145.3], [1.9963, 23696.5], [1.9964, 16438.8], [1.9965, 32370.6], [1.9966, 66073.6], [1.9967, 47222.2], [1.9968, 37450.0], [1.9969, 44655.1], [1.997, 138152.2], [1.9971, 32200.8], [1.9972, 34706.6], [1.9973, 39358.1], [1.9974, 61449.9], [1.9975, 30205.5], [1.9976, 15743.2], [1.9977, 25312.2], [1.9978, 50253.6]], "timestamp": "2025-12-15T09:41:39.047062+00:00"}, {"symbol": "XRPUSDT", "bids": [[1.9956, 47915.9], [1.9955, 36255.2], [1.9954, 14180.3], [1.9953, 31326.2], [1.9952, 17204.6], [1.9951, 31636.6], [1.995, 48211.3], [1.9949, 40625.2], [1.9948, 26863.5], [1.9947, 41552.2], [1.9946, 60408.5], [1.9945, 33162.4], [1.9944, 29270.7], [1.9943, 120548.7], [1.9942, 46740.4], [1.9941, 18469.6], [1.994, 34970.3], [1.9939, 42756.3], [1.9938, 58432.7], [1.9937, 36694.7]], "asks": [[1.9957, 11701.7], [1.9958, 13342.0], [1.9959, 36750.0], [1.996, 25651.8], [1.9961, 22893.2], [1.9962, 69020.7], [1.9963, 57135.2], [1.9964, 71386.1], [1.9965, 40737.9], [1.9966, 57186.8], [1.9967, 28903.5], [1.9968, 36718.6], [1.9969, 136856.6], [1.997, 52198.1], [1.9971, 47615.8], [1.9972, 23357.1], [1.9973, 26980.0], [1.9974, 70691.0], [1.9975, 38961.4], [1.9976, 17521.8]], "timestamp": "2025-12-15T09:42:32.910007+00:00"}, {"symbol": "XRPUSDT", "bids": [[1.9956, 26532.3], [1.9955, 35572.7], [1.9954, 25271.2], [1.9953, 18759.0], [1.9952, 12655.3], [1.9951, 21012.0], [1.995, 43852.7], [1.9949, 36514.9], [1.9948, 22237.9], [1.9947, 36418.7], [1.9946, 57377.4], [1.9945, 29382.1], [1.9944, 103079.0], [1.9943, 35651.9], [1.9942, 44724.0], [1.9941, 14513.1], [1.994, 32672.0], [1.9939, 39362.4], [1.9938, 55681.3], [1.9937, 31202.8]], "asks": [[1.9957, 12064.9], [1.9958, 18766.0], [1.9959, 47838.7], [1.996, 23395.6], [1.9961, 16679.4], [1.9962, 51529.1], [1.9963, 48368.5], [1.9964, 68888.2], [1.9965, 30917.8], [1.9966, 53110.3], [1.9967, 24242.7], [1.9968, 39224.8], [1.9969, 111646.8], [1.997, 47558.3], [1.9971, 33773.3], [1.9972, 23892.7], [1.9973, 20293.0], [1.9974, 60525.3], [1.9975, 36918.5], [1.9976, 14478.0]], "timestamp": "2025-12-15T09:43:26.567851+00:00"}, {"symbol": "XRPUSDT", "bids": [[1.9957, 7100.1], [1.9956, 12977.5], [1.9955, 32185.0], [1.9954, 17067.8], [1.9953, 31065.9], [1.9952, 34685.9], [1.9951, 30798.3], [1.995, 63213.5], [1.9949, 29673.3], [1.9948, 33441.2], [1.9947, 43040.3], [1.9946, 59486.5], [1.9945, 32376.7], [1.9944, 110870.9], [1.9943, 38644.6], [1.9942, 53755.3], [1.9941, 20463.1], [1.994, 39641.6], [1.9939, 51294.3], [1.9938, 55554.2]], "asks": [[1.9958, 20437.0], [1.9959, 23366.9], [1.996, 65812.0], [1.9961, 23665.9], [1.9962, 52018.9], [1.9963, 50653.3], [1.9964, 74466.6], [1.9965, 39685.7], [1.9966, 58861.5], [1.9967, 30777.6], [1.9968, 43167.1], [1.9969, 52212.3], [1.997, 140207.0], [1.9971, 33282.6], [1.9972, 34214.9], [1.9973, 30493.9], [1.9974, 69997.1], [1.9975, 41391.8], [1.9976, 17503.8], [1.9977, 28296.1]], "timestamp": "2025-12-15T09:44:20.021920+00:00"}, {"symbol": "XRPUSDT", "bids": [[1.9963, 19234.8], [1.9962, 19864.0], [1.9961, 35262.9], [1.996, 43472.7], [1.9959, 48714.0], [1.9958, 58858.6], [1.9957, 10056.3], [1.9956, 44108.5], [1.9955, 58334.2], [1.9954, 61061.1], [1.9953, 27205.6], [1.9952, 31472.4], [1.9951, 49432.1], [1.995, 140707.4], [1.9949, 24724.0], [1.9948, 26632.7], [1.9947, 47409.5], [1.9946, 61111.1], [1.9945, 48258.5], [1.9944, 35062.6]], "asks": [[1.9964, 34347.0], [1.9965, 7441.8], [1.9966, 14165.0], [1.9967, 14059.0], [1.9968, 33452.2], [1.9969, 22194.2], [1.997, 54247.4], [1.9971, 43960.0], [1.9972, 18475.9], [1.9973, 29656.6], [1.9974, 74541.6], [1.9975, 52662.1], [1.9976, 105206.8], [1.9977, 30474.8], [1.9978, 63520.6], [1.9979, 32633.6], [1.998, 48612.5], [1.9981, 53060.4], [1.9982, 71491.2], [1.9983, 43982.0]], "timestamp": "2025-12-15T09:45:13.987178+00:00"}, {"symbol": "XRPUSDT", "bids": [[1.996, 1635.6], [1.9959, 3289.9], [1.9958, 16440.9], [1.9957, 15441.0], [1.9956, 28759.2], [1.9955, 58316.5], [1.9954, 69220.0], [1.9953, 37112.0], [1.9952, 31674.3], [1.9951, 33679.5], [1.995, 54675.5], [1.9949, 24746.7], [1.9948, 29540.4], [1.9947, 124526.1], [1.9946, 60178.3], [1.9945, 41119.7], [1.9944, 23678.2], [1.9943, 49432.6], [1.9942, 63785.8], [1.9941, 32186.1]], "asks": [[1.9961, 45985.1], [1.9962, 19696.5], [1.9963, 36980.3], [1.9964, 33268.7], [1.9965, 26692.2], [1.9966, 54102.9], [1.9967, 18422.5], [1.9968, 48231.4], [1.9969, 28057.8], [1.997, 50291.1], [1.9971, 23906.1], [1.9972, 21765.4], [1.9973, 110988.1], [1.9974, 76126.0], [1.9975, 45260.2], [1.9976, 19523.1], [1.9977, 26495.8], [1.9978, 51485.9], [1.9979, 33770.0], [1.998, 37973.2]], "timestamp": "2025-12-15T09:46:07.850382+00:00"}, {"symbol": "XRPUSDT", "bids": [[1.9954, 33319.1], [1.9953, 25968.5], [1.9952, 37233.4], [1.9951, 28614.8], [1.995, 46330.9], [1.9949, 32039.8], [1.9948, 30574.8], [1.9947, 57828.9], [1.9946, 62975.4], [1.9945, 40950.2], [1.9944, 35055.2], [1.9943, 41909.1], [1.9942, 59158.7], [1.9941, 102661.9], [1.994, 31869.0], [1.9939, 37253.1], [1.9938, 51608.7], [1.9937, 23896.6], [1.9936, 40154.4], [1.9935, 78213.5]], "asks": [[1.9955, 6981.6], [1.9956, 7277.6], [1.9957, 22876.9], [1.9958, 43810.3], [1.9959, 69927.2], [1.996, 48135.8], [1.9961, 50324.7], [1.9962, 44508.3], [1.9963, 58479.1], [1.9964, 33553.5], [1.9965, 66621.6], [1.9966, 119626.1], [1.9967, 32330.2], [1.9968, 39715.5], [1.9969, 43437.9], [1.997, 59872.4], [1.9971, 31781.0], [1.9972, 23530.0], [1.9973, 26632.8], [1.9974, 70515.6]], "timestamp": "2025-12-15T09:47:01.406035+00:00"}, {"symbol": "XRPUSDT", "bids": [[1.9957, 34729.7], [1.9956, 42246.4], [1.9955, 34245.9], [1.9954, 22227.8], [1.9953, 23323.3], [1.9952, 31066.0], [1.9951, 40930.0], [1.995, 59717.9], [1.9949, 23653.7], [1.9948, 29485.0], [1.9947, 52268.3], [1.9946, 75406.7], [1.9945, 120047.9], [1.9944, 19563.4], [1.9943, 42484.6], [1.9942, 47390.1], [1.9941, 20034.1], [1.994, 50271.7], [1.9939, 45949.7], [1.9938, 56457.4]], "asks": [[1.9958, 17604.2], [1.9959, 8155.6], [1.996, 14224.7], [1.9961, 11413.0], [1.9962, 31736.7], [1.9963, 28991.0], [1.9964, 52082.4], [1.9965, 59061.9], [1.9966, 26801.9], [1.9967, 29388.0], [1.9968, 37963.3], [1.9969, 54515.3], [1.997, 135153.1], [1.9971, 33141.2], [1.9972, 25327.5], [1.9973, 38727.5], [1.9974, 68784.4], [1.9975, 36478.7], [1.9976, 20703.4], [1.9977, 25720.2]], "timestamp": "2025-12-15T09:47:55.025257+00:00"}, {"symbol": "XRPUSDT", "bids": [[1.9952, 17499.6], [1.9951, 18121.4], [1.995, 35107.8], [1.9949, 22734.1], [1.9948, 19943.4], [1.9947, 28100.1], [1.9946, 72341.4], [1.9945, 46946.4], [1.9944, 24933.3], [1.9943, 43679.7], [1.9942, 48591.9], [1.9941, 27812.2], [1.994, 56557.4], [1.9939, 120936.5], [1.9938, 47746.7], [1.9937, 17595.7], [1.9936, 25598.6], [1.9935, 39637.7], [1.9934, 73319.6], [1.9933, 19185.9]], "asks": [[1.9953, 23271.0], [1.9954, 23026.2], [1.9955, 77128.1], [1.9956, 41357.1], [1.9957, 21924.0], [1.9958, 34061.2], [1.9959, 34592.3], [1.996, 47975.3], [1.9961, 56436.9], [1.9962, 45798.5], [1.9963, 60892.2], [1.9964, 126903.6], [1.9965, 54100.5], [1.9966, 27849.2], [1.9967, 40429.0], [1.9968, 39212.1], [1.9969, 38640.6], [1.997, 56009.0], [1.9971, 37041.1], [1.9972, 26431.0]], "timestamp": "2025-12-15T09:48:48.723092+00:00"}, {"symbol": "XRPUSDT", "bids": [[1.9961, 20140.4], [1.996, 45546.9], [1.9959, 29216.1], [1.9958, 16609.3], [1.9957, 52450.8], [1.9956, 91394.7], [1.9955, 33060.5], [1.9954, 41302.4], [1.9953, 52950.2], [1.9952, 86401.7], [1.9951, 28895.5], [1.995, 65066.4], [1.9949, 125473.8], [1.9948, 21928.8], [1.9947, 42827.8], [1.9946, 57939.1], [1.9945, 39837.1], [1.9944, 36841.6], [1.9943, 42320.7], [1.9942, 60721.7]], "asks": [[1.9962, 9130.5], [1.9963, 12529.7], [1.9964, 19093.9], [1.9965, 20239.6], [1.9966, 21387.8], [1.9967, 24461.1], [1.9968, 47340.9], [1.9969, 49578.2], [1.997, 50935.2], [1.9971, 26319.8], [1.9972, 23484.8], [1.9973, 38061.7], [1.9974, 143331.9], [1.9975, 35731.0], [1.9976, 21437.9], [1.9977, 36637.6], [1.9978, 52682.1], [1.9979, 35823.2], [1.998, 41408.6], [1.9981, 28728.1]], "timestamp": "2025-12-15T09:49:43.921904+00:00"}, {"symbol": "XRPUSDT", "bids": [[1.9972, 2049.9], [1.9971, 17480.0], [1.997, 37724.2], [1.9969, 30097.3], [1.9968, 35627.5], [1.9967, 32041.9], [1.9966, 71846.8], [1.9965, 73900.1], [1.9964, 41406.0], [1.9963, 26563.5], [1.9962, 39001.0], [1.9961, 69111.4], [1.996, 125325.3], [1.9959, 23572.1], [1.9958, 38356.6], [1.9957, 41007.3], [1.9956, 72694.8], [1.9955, 55300.8], [1.9954, 22934.3], [1.9953, 28201.0]], "asks": [[1.9973, 54136.8], [1.9974, 26881.6], [1.9975, 69846.8], [1.9976, 57412.8], [1.9977, 59050.3], [1.9978, 32205.1], [1.9979, 34386.2], [1.998, 92026.1], [1.9981, 41013.7], [1.9982, 42197.8], [1.9983, 52053.5], [1.9984, 62153.4], [1.9985, 47391.6], [1.9986, 124637.3], [1.9987, 55682.1], [1.9988, 59461.0], [1.9989, 23079.3], [1.999, 21569.0], [1.9991, 39268.1], [1.9992, 70486.8]], "timestamp": "2025-12-15T09:50:38.189568+00:00"}, {"symbol": "XRPUSDT", "bids": [[1.9993, 7176.9], [1.9992, 6012.0], [1.9991, 10298.5], [1.999, 25147.9], [1.9989, 27812.5], [1.9988, 36132.9], [1.9987, 81806.9], [1.9986, 50087.7], [1.9985, 21744.0], [1.9984, 35160.8], [1.9983, 67188.7], [1.9982, 62719.6], [1.9981, 35001.0], [1.998, 111053.2], [1.9979, 57354.9], [1.9978, 27548.8], [1.9977, 38492.0], [1.9976, 33618.0], [1.9975, 53884.4], [1.9974, 29420.8]], "asks": [[1.9994, 47350.8], [1.9995, 17871.5], [1.9996, 19357.1], [1.9997, 29842.4], [1.9998, 48965.7], [1.9999, 43923.3], [2.0, 33242.2], [2.0001, 67240.8], [2.0002, 54738.6], [2.0003, 56476.1], [2.0004, 42567.6], [2.0005, 43137.3], [2.0006, 109572.7], [2.0007, 62098.4], [2.0008, 27635.6], [2.0009, 44028.9], [2.001, 37458.9], [2.0011, 41949.1], [2.0012, 56520.8], [2.0013, 36467.2]], "timestamp": "2025-12-15T09:51:31.594866+00:00"}, {"symbol": "XRPUSDT", "bids": [[1.9976, 7455.8], [1.9975, 9355.2], [1.9974, 20939.2], [1.9973, 18207.7], [1.9972, 28146.3], [1.9971, 43973.2], [1.997, 82814.5], [1.9969, 28595.8], [1.9968, 28324.0], [1.9967, 32536.1], [1.9966, 37528.8], [1.9965, 51082.2], [1.9964, 40081.1], [1.9963, 107221.5], [1.9962, 38472.8], [1.9961, 50550.9], [1.996, 30332.9], [1.9959, 30282.6], [1.9958, 47180.0], [1.9957, 30072.3]], "asks": [[1.9977, 38758.9], [1.9978, 18727.8], [1.9979, 25380.8], [1.998, 27819.1], [1.9981, 27788.2], [1.9982, 18142.7], [1.9983, 47918.3], [1.9984, 49289.9], [1.9985, 46426.3], [1.9986, 54832.8], [1.9987, 59296.3], [1.9988, 43391.1], [1.9989, 117680.8], [1.999, 25657.6], [1.9991, 59068.5], [1.9992, 37253.2], [1.9993, 40195.5], [1.9994, 39745.7], [1.9995, 67873.7], [1.9996, 30795.7]], "timestamp": "2025-12-15T09:52:25.505911+00:00"}, {"symbol": "XRPUSDT", "bids": [[1.9997, 13188.9], [1.9996, 27741.9], [1.9995, 35626.2], [1.9994, 39506.8], [1.9993, 25735.7], [1.9992, 40389.5], [1.9991, 80659.6], [1.999, 43501.4], [1.9989, 37017.7], [1.9988, 29994.8], [1.9987, 62118.9], [1.9986, 113787.9], [1.9985, 18926.8], [1.9984, 43549.7], [1.9983, 56015.1], [1.9982, 24678.0], [1.9981, 19850.0], [1.998, 23322.4], [1.9979, 56251.5], [1.9978, 75577.4]], "asks": [[1.9998, 20617.6], [1.9999, 6706.5], [2.0, 17984.4], [2.0001, 17904.8], [2.0002, 32378.9], [2.0003, 45585.4], [2.0004, 38243.9], [2.0005, 46595.2], [2.0006, 31154.5], [2.0007, 62621.1], [2.0008, 21665.3], [2.0009, 24983.3], [2.001, 114074.3], [2.0011, 39524.6], [2.0012, 57079.7], [2.0013, 39768.0], [2.0014, 29310.6], [2.0015, 19643.3], [2.0016, 33843.4], [2.0017, 65982.4]], "timestamp": "2025-12-15T09:53:19.003756+00:00"}, {"symbol": "XRPUSDT", "bids": [[1.9986, 57253.5], [1.9985, 31019.9], [1.9984, 32598.8], [1.9983, 20637.8], [1.9982, 51343.1], [1.9981, 23357.7], [1.998, 34059.8], [1.9979, 55652.5], [1.9978, 61498.4], [1.9977, 25509.2], [1.9976, 24796.2], [1.9975, 103507.6], [1.9974, 57327.8], [1.9973, 20378.6], [1.9972, 25524.5], [1.9971, 48699.3], [1.997, 54384.3], [1.9969, 27850.9], [1.9968, 51133.1], [1.9967, 28515.2]], "asks": [[1.9987, 1805.8], [1.9988, 2727.0], [1.9989, 8745.2], [1.999, 20102.9], [1.9991, 22138.5], [1.9992, 32743.8], [1.9993, 52439.1], [1.9994, 80681.4], [1.9995, 38471.0], [1.9996, 38150.8], [1.9997, 27908.9], [1.9998, 25070.7], [1.9999, 58360.3], [2.0, 55026.4], [2.0001, 117847.8], [2.0002, 38669.8], [2.0003, 58668.0], [2.0004, 33405.4], [2.0005, 42815.8], [2.0006, 27380.1]], "timestamp": "2025-12-15T09:54:12.720688+00:00"}, {"symbol": "XRPUSDT", "bids": [[1.9988, 45741.9], [1.9987, 12367.6], [1.9986, 24222.7], [1.9985, 40448.8], [1.9984, 30038.9], [1.9983, 35547.5], [1.9982, 62099.1], [1.9981, 39667.3], [1.998, 41351.1], [1.9979, 45808.8], [1.9978, 143758.4], [1.9977, 23460.8], [1.9976, 19179.7], [1.9975, 25630.3], [1.9974, 56643.1], [1.9973, 17969.2], [1.9972, 26605.7], [1.9971, 64349.7], [1.997, 61569.7], [1.9969, 22101.9]], "asks": [[1.9989, 852.8], [1.999, 7111.2], [1.9991, 22387.7], [1.9992, 17531.2], [1.9993, 23032.5], [1.9994, 33354.9], [1.9995, 65475.1], [1.9996, 40673.3], [1.9997, 20826.6], [1.9998, 38040.8], [1.9999, 62051.1], [2.0, 41489.0], [2.0001, 42909.5], [2.0002, 103866.0], [2.0003, 55604.8], [2.0004, 39966.6], [2.0005, 24130.5], [2.0006, 24507.1], [2.0007, 56497.3], [2.0008, 27180.1]], "timestamp": "2025-12-15T09:55:07.606824+00:00"}, {"symbol": "XRPUSDT", "bids": [[1.9989, 46660.7], [1.9988, 12775.9], [1.9987, 20399.5], [1.9986, 39073.8], [1.9985, 50345.1], [1.9984, 42632.2], [1.9983, 54969.9], [1.9982, 38859.9], [1.9981, 33879.9], [1.998, 27277.1], [1.9979, 32593.5], [1.9978, 73244.7], [1.9977, 116278.2], [1.9976, 19454.6], [1.9975, 25836.5], [1.9974, 61386.4], [1.9973, 25412.9], [1.9972, 21015.1], [1.9971, 52884.7], [1.997, 73330.9]], "asks": [[1.999, 16495.0], [1.9991, 11296.0], [1.9992, 17146.5], [1.9993, 24356.9], [1.9994, 31805.3], [1.9995, 62739.4], [1.9996, 42648.0], [1.9997, 22294.3], [1.9998, 42639.5], [1.9999, 64069.2], [2.0, 33958.6], [2.0001, 47920.4], [2.0002, 110535.2], [2.0003, 60029.2], [2.0004, 43495.3], [2.0005, 25398.0], [2.0006, 26300.1], [2.0007, 59580.8], [2.0008, 33120.6], [2.0009, 47787.1]], "timestamp": "2025-12-15T09:56:01.674658+00:00"}, {"symbol": "XRPUSDT", "bids": [[1.998, 46253.3], [1.9979, 15138.2], [1.9978, 23316.2], [1.9977, 42496.0], [1.9976, 16411.6], [1.9975, 34034.4], [1.9974, 41838.4], [1.9973, 44585.8], [1.9972, 28847.0], [1.9971, 50333.9], [1.997, 60241.7], [1.9969, 108403.4], [1.9968, 25248.6], [1.9967, 17059.7], [1.9966, 25463.4], [1.9965, 50730.0], [1.9964, 48306.5], [1.9963, 40846.2], [1.9962, 31716.5], [1.9961, 85720.1]], "asks": [[1.9981, 6949.8], [1.9982, 9239.7], [1.9983, 8247.8], [1.9984, 21188.0], [1.9985, 25609.1], [1.9986, 36763.0], [1.9987, 90687.0], [1.9988, 57845.5], [1.9989, 47947.8], [1.999, 40705.9], [1.9991, 76957.4], [1.9992, 42226.5], [1.9993, 112917.6], [1.9994, 36110.4], [1.9995, 74875.0], [1.9996, 35342.5], [1.9997, 26180.7], [1.9998, 42313.4], [1.9999, 58668.5], [2.0, 40358.1]], "timestamp": "2025-12-15T09:56:55.639989+00:00"}, {"symbol": "XRPUSDT", "bids": [[1.997, 27410.1], [1.9969, 9124.9], [1.9968, 25533.6], [1.9967, 48773.3], [1.9966, 34838.4], [1.9965, 67281.8], [1.9964, 51167.7], [1.9963, 43099.8], [1.9962, 33020.1], [1.9961, 64142.2], [1.996, 41897.2], [1.9959, 36157.8], [1.9958, 112428.7], [1.9957, 28011.6], [1.9956, 61205.9], [1.9955, 18648.0], [1.9954, 18905.7], [1.9953, 24585.0], [1.9952, 76088.9], [1.9951, 51688.4]], "asks": [[1.9971, 28581.4], [1.9972, 11545.9], [1.9973, 19603.1], [1.9974, 47092.2], [1.9975, 27086.4], [1.9976, 43721.5], [1.9977, 39101.9], [1.9978, 74801.7], [1.9979, 54006.3], [1.998, 49929.0], [1.9981, 31963.8], [1.9982, 137881.6], [1.9983, 83621.6], [1.9984, 41874.0], [1.9985, 39875.1], [1.9986, 35831.1], [1.9987, 57751.5], [1.9988, 23292.7], [1.9989, 27569.7], [1.999, 33745.9]], "timestamp": "2025-12-15T09:57:49.195926+00:00"}, {"symbol": "XRPUSDT", "bids": [[1.997, 22115.1], [1.9969, 1203.5], [1.9968, 15731.0], [1.9967, 38800.0], [1.9966, 31890.4], [1.9965, 33904.5], [1.9964, 47968.3], [1.9963, 30082.3], [1.9962, 28287.3], [1.9961, 63610.5], [1.996, 38743.0], [1.9959, 23018.8], [1.9958, 25677.1], [1.9957, 110278.8], [1.9956, 70074.1], [1.9955, 23212.0], [1.9954, 43931.8], [1.9953, 28337.4], [1.9952, 90339.6], [1.9951, 27536.3]], "asks": [[1.9971, 36031.0], [1.9972, 7885.8], [1.9973, 18544.6], [1.9974, 43823.6], [1.9975, 34197.9], [1.9976, 20810.8], [1.9977, 18705.9], [1.9978, 70827.4], [1.9979, 88966.0], [1.998, 38293.3], [1.9981, 22917.5], [1.9982, 44891.4], [1.9983, 95125.3], [1.9984, 128568.9], [1.9985, 48412.7], [1.9986, 32434.0], [1.9987, 57856.3], [1.9988, 27476.9], [1.9989, 24819.9], [1.999, 31629.6]], "timestamp": "2025-12-15T09:58:43.161223+00:00"}, {"symbol": "XRPUSDT", "bids": [[1.9975, 2293.0], [1.9974, 738.7], [1.9973, 19655.9], [1.9972, 20961.4], [1.9971, 32134.3], [1.997, 36795.6], [1.9969, 34595.0], [1.9968, 42218.0], [1.9967, 60190.4], [1.9966, 36514.7], [1.9965, 63553.4], [1.9964, 29251.0], [1.9963, 33863.3], [1.9962, 27150.0], [1.9961, 142489.5], [1.996, 25748.2], [1.9959, 22576.8], [1.9958, 27230.6], [1.9957, 34280.0], [1.9956, 87578.3]], "asks": [[1.9976, 28819.2], [1.9977, 23383.1], [1.9978, 23862.4], [1.9979, 47128.5], [1.998, 34724.1], [1.9981, 29310.2], [1.9982, 42990.8], [1.9983, 93709.3], [1.9984, 34251.9], [1.9985, 42937.1], [1.9986, 47319.3], [1.9987, 154313.9], [1.9988, 37377.8], [1.9989, 36023.3], [1.999, 40916.2], [1.9991, 72252.1], [1.9992, 24712.8], [1.9993, 18900.8], [1.9994, 26296.4], [1.9995, 72988.9]], "timestamp": "2025-12-15T09:59:37.126559+00:00"}, {"symbol": "XRPUSDT", "bids": [[1.9978, 8753.4], [1.9977, 15332.7], [1.9976, 17481.7], [1.9975, 24896.5], [1.9974, 27913.5], [1.9973, 39326.0], [1.9972, 27107.7], [1.9971, 40402.8], [1.997, 51776.9], [1.9969, 66361.2], [1.9968, 21684.6], [1.9967, 35859.2], [1.9966, 35393.7], [1.9965, 142965.6], [1.9964, 28816.3], [1.9963, 27638.1], [1.9962, 27959.2], [1.9961, 69898.2], [1.996, 29604.3], [1.9959, 39670.2]], "asks": [[1.9979, 49690.5], [1.998, 9165.5], [1.9981, 8175.2], [1.9982, 15841.6], [1.9983, 42414.8], [1.9984, 26470.7], [1.9985, 44106.2], [1.9986, 66407.5], [1.9987, 69860.8], [1.9988, 30341.4], [1.9989, 35230.2], [1.999, 47358.8], [1.9991, 165526.0], [1.9992, 32031.9], [1.9993, 30918.7], [1.9994, 27056.5], [1.9995, 63267.1], [1.9996, 23211.8], [1.9997, 24241.2], [1.9998, 49692.5]], "timestamp": "2025-12-15T10:00:31.296897+00:00"}, {"symbol": "XRPUSDT", "bids": [[1.9974, 60287.7], [1.9973, 38170.5], [1.9972, 24979.2], [1.9971, 46742.3], [1.997, 38834.3], [1.9969, 40483.6], [1.9968, 35415.7], [1.9967, 47054.7], [1.9966, 29551.5], [1.9965, 73450.7], [1.9964, 135341.3], [1.9963, 37722.6], [1.9962, 37569.6], [1.9961, 33591.5], [1.996, 56022.9], [1.9959, 20369.3], [1.9958, 33102.9], [1.9957, 32158.3], [1.9956, 77647.2], [1.9955, 36350.8]], "asks": [[1.9975, 40179.2], [1.9976, 5353.3], [1.9977, 10741.4], [1.9978, 29508.9], [1.9979, 37614.7], [1.998, 20474.0], [1.9981, 40876.3], [1.9982, 38601.8], [1.9983, 80739.0], [1.9984, 45773.4], [1.9985, 45070.0], [1.9986, 42971.1], [1.9987, 73049.7], [1.9988, 28450.0], [1.9989, 55275.6], [1.999, 125827.5], [1.9991, 73659.5], [1.9992, 28080.2], [1.9993, 17368.4], [1.9994, 26868.1]], "timestamp": "2025-12-15T10:01:24.954988+00:00"}, {"symbol": "XRPUSDT", "bids": [[1.9968, 75428.1], [1.9967, 49087.3], [1.9966, 27712.1], [1.9965, 29657.7], [1.9964, 18463.3], [1.9963, 21551.5], [1.9962, 55659.7], [1.9961, 37486.5], [1.996, 70972.9], [1.9959, 102567.5], [1.9958, 37289.5], [1.9957, 39507.1], [1.9956, 60265.7], [1.9955, 18602.9], [1.9954, 18961.2], [1.9953, 24721.7], [1.9952, 78099.2], [1.9951, 54059.8], [1.995, 45414.4], [1.9949, 32580.4]], "asks": [[1.9969, 3797.0], [1.997, 7319.0], [1.9971, 19192.3], [1.9972, 31444.2], [1.9973, 30529.2], [1.9974, 43621.0], [1.9975, 95922.7], [1.9976, 62499.5], [1.9977, 40633.2], [1.9978, 46640.6], [1.9979, 66894.7], [1.998, 36364.0], [1.9981, 29887.1], [1.9982, 56540.5], [1.9983, 75821.3], [1.9984, 131579.2], [1.9985, 40215.9], [1.9986, 29945.3], [1.9987, 59972.1], [1.9988, 19745.2]], "timestamp": "2025-12-15T10:02:19.125047+00:00"}, {"symbol": "XRPUSDT", "bids": [[1.9972, 38062.5], [1.9971, 24579.6], [1.997, 33283.5], [1.9969, 40746.4], [1.9968, 66789.3], [1.9967, 33256.4], [1.9966, 53078.4], [1.9965, 60747.8], [1.9964, 76200.9], [1.9963, 37383.2], [1.9962, 43326.3], [1.9961, 124824.2], [1.996, 54399.4], [1.9959, 18254.4], [1.9958, 31353.5], [1.9957, 28147.7], [1.9956, 72632.3], [1.9955, 17943.0], [1.9954, 21439.2], [1.9953, 22423.3]], "asks": [[1.9973, 3428.3], [1.9974, 13813.2], [1.9975, 19710.0], [1.9976, 18952.6], [1.9977, 20377.3], [1.9978, 31370.3], [1.9979, 86418.0], [1.998, 34068.7], [1.9981, 29983.2], [1.9982, 53717.1], [1.9983, 57575.9], [1.9984, 35254.4], [1.9985, 50361.7], [1.9986, 56300.9], [1.9987, 157687.5], [1.9988, 20482.0], [1.9989, 23858.4], [1.999, 45113.6], [1.9991, 81742.4], [1.9992, 66505.1]], "timestamp": "2025-12-15T10:03:12.476376+00:00"}, {"symbol": "XRPUSDT", "bids": [[1.9975, 13629.5], [1.9974, 8615.0], [1.9973, 15839.2], [1.9972, 25023.5], [1.9971, 22918.5], [1.997, 47034.1], [1.9969, 65570.5], [1.9968, 104174.7], [1.9967, 41265.0], [1.9966, 42588.3], [1.9965, 41292.7], [1.9964, 159311.9], [1.9963, 26353.1], [1.9962, 29377.7], [1.9961, 42204.3], [1.996, 54228.4], [1.9959, 22737.9], [1.9958, 47780.6], [1.9957, 32464.9], [1.9956, 76486.4]], "asks": [[1.9976, 16780.0], [1.9977, 9969.5], [1.9978, 17922.8], [1.9979, 21909.5], [1.998, 25872.8], [1.9981, 22147.3], [1.9982, 59616.1], [1.9983, 71924.3], [1.9984, 29590.0], [1.9985, 38551.3], [1.9986, 34263.1], [1.9987, 72837.1], [1.9988, 30141.4], [1.9989, 47289.2], [1.999, 123161.2], [1.9991, 78541.8], [1.9992, 25414.3], [1.9993, 24144.6], [1.9994, 54874.3], [1.9995, 72018.6]], "timestamp": "2025-12-15T10:04:06.545530+00:00"}, {"symbol": "XRPUSDT", "bids": [[1.9984, 3019.5], [1.9983, 15385.0], [1.9982, 36190.7], [1.9981, 36541.8], [1.998, 66652.6], [1.9979, 47877.0], [1.9978, 63104.9], [1.9977, 57441.0], [1.9976, 77109.3], [1.9975, 44026.5], [1.9974, 32210.8], [1.9973, 18148.3], [1.9972, 52754.1], [1.9971, 109700.7], [1.997, 33783.1], [1.9969, 28371.7], [1.9968, 65278.7], [1.9967, 20208.8], [1.9966, 51070.1], [1.9965, 28958.8]], "asks": [[1.9985, 29563.8], [1.9986, 13012.5], [1.9987, 10941.8], [1.9988, 12203.3], [1.9989, 23106.8], [1.999, 33155.9], [1.9991, 92826.0], [1.9992, 44348.3], [1.9993, 35356.4], [1.9994, 33246.8], [1.9995, 70904.2], [1.9996, 24699.4], [1.9997, 52603.1], [1.9998, 136894.2], [1.9999, 67884.1], [2.0, 41372.0], [2.0001, 29165.1], [2.0002, 29323.1], [2.0003, 58354.1], [2.0004, 51271.1]], "timestamp": "2025-12-15T10:05:00.100269+00:00"}, {"symbol": "XRPUSDT", "bids": [[1.9974, 7283.5], [1.9973, 14370.9], [1.9972, 10074.3], [1.9971, 20130.7], [1.997, 32676.3], [1.9969, 36583.9], [1.9968, 91060.5], [1.9967, 17535.2], [1.9966, 21505.2], [1.9965, 24496.2], [1.9964, 74130.5], [1.9963, 26654.3], [1.9962, 24983.2], [1.9961, 112998.4], [1.996, 73580.6], [1.9959, 18264.1], [1.9958, 31444.5], [1.9957, 43075.2], [1.9956, 81642.1], [1.9955, 17268.9]], "asks": [[1.9975, 64874.2], [1.9976, 14819.5], [1.9977, 17931.1], [1.9978, 30238.1], [1.9979, 49766.6], [1.998, 39602.5], [1.9981, 83649.2], [1.9982, 52206.0], [1.9983, 107581.7], [1.9984, 56247.8], [1.9985, 39027.5], [1.9986, 54191.2], [1.9987, 70251.5], [1.9988, 43405.2], [1.9989, 137197.5], [1.999, 37541.6], [1.9991, 69044.6], [1.9992, 31435.5], [1.9993, 19246.2], [1.9994, 28735.2]], "timestamp": "2025-12-15T10:05:53.860390+00:00"}, {"symbol": "XRPUSDT", "bids": [[1.9966, 13269.2], [1.9965, 7853.3], [1.9964, 19613.4], [1.9963, 24911.8], [1.9962, 28242.4], [1.9961, 50998.1], [1.996, 63996.9], [1.9959, 23071.9], [1.9958, 31480.1], [1.9957, 38244.4], [1.9956, 60742.8], [1.9955, 27172.6], [1.9954, 25812.3], [1.9953, 108939.1], [1.9952, 73899.4], [1.9951, 33945.0], [1.995, 59048.0], [1.9949, 67367.0], [1.9948, 22685.1], [1.9947, 31988.6]], "asks": [[1.9967, 33346.7], [1.9968, 14257.1], [1.9969, 25167.8], [1.997, 27482.7], [1.9971, 28737.1], [1.9972, 33117.7], [1.9973, 62604.1], [1.9974, 83650.6], [1.9975, 42636.2], [1.9976, 42942.3], [1.9977, 34995.9], [1.9978, 23859.8], [1.9979, 70445.6], [1.998, 124137.9], [1.9981, 42521.3], [1.9982, 42828.8], [1.9983, 68845.8], [1.9984, 28619.5], [1.9985, 39605.4], [1.9986, 53089.4]], "timestamp": "2025-12-15T10:06:47.416770+00:00"}, {"symbol": "XRPUSDT", "bids": [[1.995, 29585.1], [1.9949, 13491.4], [1.9948, 17850.3], [1.9947, 21424.5], [1.9946, 55393.3], [1.9945, 44362.2], [1.9944, 48618.2], [1.9943, 45389.0], [1.9942, 49504.5], [1.9941, 29743.1], [1.994, 42027.8], [1.9939, 47903.7], [1.9938, 126868.4], [1.9937, 19197.6], [1.9936, 23980.3], [1.9935, 32523.6], [1.9934, 72080.3], [1.9933, 30724.2], [1.9932, 32790.8], [1.9931, 49363.0]], "asks": [[1.9951, 23445.8], [1.9952, 7842.6], [1.9953, 21259.5], [1.9954, 13863.0], [1.9955, 24038.2], [1.9956, 27705.5], [1.9957, 57337.5], [1.9958, 60626.9], [1.9959, 80940.7], [1.996, 57762.5], [1.9961, 46759.8], [1.9962, 38534.7], [1.9963, 84578.2], [1.9964, 138610.3], [1.9965, 77905.8], [1.9966, 56567.7], [1.9967, 73939.7], [1.9968, 32746.5], [1.9969, 18244.7], [1.997, 35277.1]], "timestamp": "2025-12-15T10:07:41.586364+00:00"}, {"symbol": "XRPUSDT", "bids": [[1.9958, 970.3], [1.9957, 11524.2], [1.9956, 18252.3], [1.9955, 23725.3], [1.9954, 29644.3], [1.9953, 20830.2], [1.9952, 88132.3], [1.9951, 41338.4], [1.995, 42290.0], [1.9949, 29168.5], [1.9948, 22544.3], [1.9947, 39855.4], [1.9946, 61807.3], [1.9945, 127077.8], [1.9944, 19542.0], [1.9943, 43877.3], [1.9942, 53412.6], [1.9941, 36046.3], [1.994, 84690.7], [1.9939, 45042.1]], "asks": [[1.9959, 92698.7], [1.996, 37294.6], [1.9961, 24473.1], [1.9962, 14666.5], [1.9963, 27199.9], [1.9964, 41237.4], [1.9965, 72038.5], [1.9966, 55230.9], [1.9967, 76830.1], [1.9968, 40787.4], [1.9969, 21253.8], [1.997, 31349.3], [1.9971, 64672.4], [1.9972, 118008.5], [1.9973, 26957.9], [1.9974, 59132.4], [1.9975, 56452.2], [1.9976, 25752.2], [1.9977, 15609.9], [1.9978, 24139.3]], "timestamp": "2025-12-15T10:08:35.244967+00:00"}, {"symbol": "XRPUSDT", "bids": [[1.996, 1432.6], [1.9959, 2795.5], [1.9958, 11512.8], [1.9957, 26245.5], [1.9956, 31871.8], [1.9955, 54907.9], [1.9954, 83238.1], [1.9953, 32966.9], [1.9952, 45388.5], [1.9951, 48261.4], [1.995, 61766.4], [1.9949, 31155.5], [1.9948, 18322.6], [1.9947, 53305.3], [1.9946, 154597.5], [1.9945, 36814.2], [1.9944, 25677.9], [1.9943, 78042.6], [1.9942, 51864.3], [1.9941, 35822.8]], "asks": [[1.9961, 53236.4], [1.9962, 13764.4], [1.9963, 17912.6], [1.9964, 20411.3], [1.9965, 26752.1], [1.9966, 49409.5], [1.9967, 42079.6], [1.9968, 40936.5], [1.9969, 26009.2], [1.997, 56820.3], [1.9971, 37861.7], [1.9972, 87672.6], [1.9973, 27909.2], [1.9974, 49354.8], [1.9975, 58444.1], [1.9976, 26249.6], [1.9977, 25531.3], [1.9978, 23502.9], [1.9979, 58353.6], [1.998, 34044.6]], "timestamp": "2025-12-15T10:09:28.924817+00:00"}, {"symbol": "XRPUSDT", "bids": [[1.9959, 8894.8], [1.9958, 11098.8], [1.9957, 34492.4], [1.9956, 32057.2], [1.9955, 58708.4], [1.9954, 58939.1], [1.9953, 46909.3], [1.9952, 57606.6], [1.9951, 46911.2], [1.995, 61708.4], [1.9949, 28138.5], [1.9948, 32404.4], [1.9947, 126299.0], [1.9946, 58085.8], [1.9945, 38606.8], [1.9944, 23630.4], [1.9943, 48087.9], [1.9942, 50699.4], [1.9941, 37005.0], [1.994, 51159.4]], "asks": [[1.996, 24336.1], [1.9961, 11591.8], [1.9962, 17840.7], [1.9963, 13641.8], [1.9964, 21846.8], [1.9965, 29267.6], [1.9966, 58305.5], [1.9967, 39845.2], [1.9968, 43563.9], [1.9969, 28020.4], [1.997, 65543.1], [1.9971, 96286.8], [1.9972, 16672.6], [1.9973, 27183.1], [1.9974, 53530.3], [1.9975, 57430.3], [1.9976, 23160.6], [1.9977, 18611.7], [1.9978, 24498.1], [1.9979, 57780.9]], "timestamp": "2025-12-15T10:10:22.868922+00:00"}, {"symbol": "XRPUSDT", "bids": [[1.9957, 13163.8], [1.9956, 15631.9], [1.9955, 29676.4], [1.9954, 59653.0], [1.9953, 25488.8], [1.9952, 66647.3], [1.9951, 73245.6], [1.995, 73792.6], [1.9949, 34331.3], [1.9948, 19448.7], [1.9947, 36082.2], [1.9946, 76925.2], [1.9945, 137676.9], [1.9944, 21448.3], [1.9943, 49740.5], [1.9942, 52187.4], [1.9941, 21365.4], [1.994, 46031.6], [1.9939, 50056.3], [1.9938, 56806.3]], "asks": [[1.9958, 18124.4], [1.9959, 25789.8], [1.996, 14866.0], [1.9961, 12364.0], [1.9962, 16766.1], [1.9963, 24581.1], [1.9964, 24825.6], [1.9965, 34175.5], [1.9966, 51174.7], [1.9967, 31949.1], [1.9968, 34691.9], [1.9969, 26187.6], [1.997, 70329.1], [1.9971, 97612.1], [1.9972, 23921.8], [1.9973, 25837.9], [1.9974, 45557.1], [1.9975, 60826.5], [1.9976, 24997.6], [1.9977, 17287.9]], "timestamp": "2025-12-15T10:11:16.321742+00:00"}, {"symbol": "XRPUSDT", "bids": [[1.9958, 18125.4], [1.9957, 19763.2], [1.9956, 40398.5], [1.9955, 57261.0], [1.9954, 46597.5], [1.9953, 29894.9], [1.9952, 82040.4], [1.9951, 57939.2], [1.995, 59627.3], [1.9949, 29843.5], [1.9948, 19549.5], [1.9947, 51283.7], [1.9946, 153176.1], [1.9945, 36883.4], [1.9944, 21800.3], [1.9943, 48246.7], [1.9942, 53662.3], [1.9941, 38334.5], [1.994, 32948.3], [1.9939, 46133.9]], "asks": [[1.9959, 12189.8], [1.996, 5417.8], [1.9961, 14464.5], [1.9962, 13989.4], [1.9963, 10991.5], [1.9964, 19605.3], [1.9965, 35124.6], [1.9966, 48386.9], [1.9967, 34321.5], [1.9968, 33992.0], [1.9969, 26030.7], [1.997, 56028.9], [1.9971, 37948.2], [1.9972, 86156.8], [1.9973, 25177.1], [1.9974, 49258.7], [1.9975, 66247.6], [1.9976, 26702.6], [1.9977, 17082.8], [1.9978, 28588.2]], "timestamp": "2025-12-15T10:12:10.185530+00:00"}, {"symbol": "XRPUSDT", "bids": [[1.9961, 6945.9], [1.996, 10343.8], [1.9959, 26518.8], [1.9958, 45761.3], [1.9957, 29448.7], [1.9956, 41611.5], [1.9955, 83988.0], [1.9954, 52263.3], [1.9953, 32640.3], [1.9952, 37144.6], [1.9951, 32884.2], [1.995, 72443.0], [1.9949, 119937.9], [1.9948, 29424.2], [1.9947, 34687.8], [1.9946, 60844.6], [1.9945, 47375.2], [1.9944, 67124.7], [1.9943, 44024.0], [1.9942, 51983.2]], "asks": [[1.9962, 19228.5], [1.9963, 28361.7], [1.9964, 29306.0], [1.9965, 39685.5], [1.9966, 37793.5], [1.9967, 33445.8], [1.9968, 32324.8], [1.9969, 25893.8], [1.997, 39673.8], [1.9971, 66524.7], [1.9972, 31883.4], [1.9973, 89577.0], [1.9974, 44374.4], [1.9975, 62148.0], [1.9976, 29567.3], [1.9977, 18150.5], [1.9978, 27332.4], [1.9979, 58406.2], [1.998, 34419.4], [1.9981, 22801.5]], "timestamp": "2025-12-15T10:13:03.945019+00:00"}, {"symbol": "XRPUSDT", "bids": [[1.9954, 7398.0], [1.9953, 3688.3], [1.9952, 8862.7], [1.9951, 27485.6], [1.995, 37355.1], [1.9949, 41164.5], [1.9948, 77296.1], [1.9947, 38695.4], [1.9946, 31992.1], [1.9945, 51856.6], [1.9944, 78825.7], [1.9943, 55176.3], [1.9942, 44217.5], [1.9941, 111789.6], [1.994, 37410.8], [1.9939, 67126.8], [1.9938, 60388.3], [1.9937, 22013.1], [1.9936, 41523.5], [1.9935, 37910.2]], "asks": [[1.9955, 22929.2], [1.9956, 26365.9], [1.9957, 24766.8], [1.9958, 21776.0], [1.9959, 42887.1], [1.996, 38333.7], [1.9961, 74401.5], [1.9962, 48924.3], [1.9963, 87647.5], [1.9964, 27607.7], [1.9965, 31597.0], [1.9966, 52693.5], [1.9967, 160757.5], [1.9968, 24951.8], [1.9969, 37170.7], [1.997, 45151.5], [1.9971, 60974.2], [1.9972, 22008.2], [1.9973, 22145.5], [1.9974, 44944.9]], "timestamp": "2025-12-15T10:13:57.603642+00:00"}, {"symbol": "XRPUSDT", "bids": [[1.9955, 26417.4], [1.9954, 20129.0], [1.9953, 25663.1], [1.9952, 43431.3], [1.9951, 37614.5], [1.995, 35115.1], [1.9949, 50904.5], [1.9948, 87963.7], [1.9947, 34262.2], [1.9946, 33213.4], [1.9945, 50109.8], [1.9944, 91603.0], [1.9943, 149557.6], [1.9942, 44737.7], [1.9941, 19076.4], [1.994, 43882.4], [1.9939, 67962.7], [1.9938, 66758.7], [1.9937, 28658.5], [1.9936, 33082.6]], "asks": [[1.9956, 12849.4], [1.9957, 7924.2], [1.9958, 16228.4], [1.9959, 36056.3], [1.996, 35214.9], [1.9961, 41889.9], [1.9962, 64539.2], [1.9963, 86429.2], [1.9964, 30058.2], [1.9965, 34273.4], [1.9966, 54718.5], [1.9967, 170746.8], [1.9968, 23718.7], [1.9969, 37460.0], [1.997, 50260.2], [1.9971, 66098.8], [1.9972, 26797.6], [1.9973, 24051.5], [1.9974, 44947.1], [1.9975, 58445.7]], "timestamp": "2025-12-15T10:14:51.057060+00:00"}, {"symbol": "XRPUSDT", "bids": [[1.9957, 802.3], [1.9956, 6880.6], [1.9955, 14751.1], [1.9954, 37273.3], [1.9953, 50791.9], [1.9952, 70656.5], [1.9951, 38977.8], [1.995, 41247.8], [1.9949, 36455.9], [1.9948, 56810.8], [1.9947, 35565.7], [1.9946, 51071.9], [1.9945, 131057.6], [1.9944, 42378.8], [1.9943, 64693.9], [1.9942, 45893.4], [1.9941, 23823.6], [1.994, 58499.2], [1.9939, 64211.6], [1.9938, 55344.4]], "asks": [[1.9958, 35087.4], [1.9959, 15963.3], [1.996, 19955.1], [1.9961, 26533.8], [1.9962, 38784.0], [1.9963, 69047.0], [1.9964, 49422.1], [1.9965, 73271.7], [1.9966, 50915.4], [1.9967, 81323.4], [1.9968, 26078.6], [1.9969, 45700.5], [1.997, 129014.9], [1.9971, 64316.3], [1.9972, 32811.6], [1.9973, 31677.5], [1.9974, 42778.2], [1.9975, 60984.5], [1.9976, 25535.3], [1.9977, 18807.7]], "timestamp": "2025-12-15T10:15:46.291193+00:00"}, {"symbol": "XRPUSDT", "bids": [[1.9946, 6096.6], [1.9945, 14569.2], [1.9944, 20024.2], [1.9943, 32307.8], [1.9942, 53100.8], [1.9941, 21761.8], [1.994, 49105.0], [1.9939, 69509.0], [1.9938, 74605.5], [1.9937, 34341.6], [1.9936, 24617.3], [1.9935, 28805.7], [1.9934, 162831.5], [1.9933, 24044.1], [1.9932, 21118.6], [1.9931, 24203.7], [1.993, 82878.3], [1.9929, 35082.7], [1.9928, 93675.3], [1.9927, 21686.9]], "asks": [[1.9947, 37830.2], [1.9948, 21449.8], [1.9949, 23653.8], [1.995, 32494.8], [1.9951, 41102.9], [1.9952, 50113.4], [1.9953, 74068.3], [1.9954, 74163.5], [1.9955, 86625.8], [1.9956, 24800.5], [1.9957, 25606.4], [1.9958, 58257.9], [1.9959, 163849.7], [1.996, 23311.9], [1.9961, 54751.6], [1.9962, 38491.1], [1.9963, 63460.1], [1.9964, 32583.3], [1.9965, 20371.0], [1.9966, 30953.8]], "timestamp": "2025-12-15T10:16:40.012415+00:00"}, {"symbol": "XRPUSDT", "bids": [[1.9948, 1059.9], [1.9947, 8823.4], [1.9946, 22505.1], [1.9945, 32061.8], [1.9944, 44600.7], [1.9943, 43820.8], [1.9942, 84169.1], [1.9941, 23292.7], [1.994, 38369.6], [1.9939, 44897.8], [1.9938, 64891.9], [1.9937, 120075.6], [1.9936, 26862.3], [1.9935, 48156.9], [1.9934, 68926.8], [1.9933, 32609.4], [1.9932, 24100.8], [1.9931, 30571.4], [1.993, 92918.0], [1.9929, 41920.6]], "asks": [[1.9949, 64761.7], [1.995, 24159.4], [1.9951, 31728.4], [1.9952, 27563.4], [1.9953, 33752.6], [1.9954, 44461.4], [1.9955, 96283.3], [1.9956, 31754.3], [1.9957, 39729.5], [1.9958, 58054.6], [1.9959, 60293.4], [1.996, 23197.6], [1.9961, 141712.0], [1.9962, 34228.4], [1.9963, 69857.3], [1.9964, 37566.7], [1.9965, 19394.1], [1.9966, 32156.4], [1.9967, 77532.5], [1.9968, 31028.6]], "timestamp": "2025-12-15T10:17:33.978444+00:00"}, {"symbol": "XRPUSDT", "bids": [[1.9948, 7287.1], [1.9947, 12331.5], [1.9946, 25271.8], [1.9945, 28821.0], [1.9944, 44686.8], [1.9943, 37209.1], [1.9942, 81277.3], [1.9941, 22562.8], [1.994, 45586.6], [1.9939, 46260.0], [1.9938, 62688.5], [1.9937, 30912.8], [1.9936, 120683.3], [1.9935, 45662.4], [1.9934, 70212.6], [1.9933, 24924.1], [1.9932, 22167.2], [1.9931, 31589.8], [1.993, 93762.3], [1.9929, 38971.7]], "asks": [[1.9949, 40286.1], [1.995, 19109.9], [1.9951, 20324.7], [1.9952, 36866.0], [1.9953, 43828.2], [1.9954, 39697.7], [1.9955, 102055.0], [1.9956, 26024.6], [1.9957, 39254.1], [1.9958, 59908.5], [1.9959, 61980.4], [1.996, 45147.6], [1.9961, 129368.1], [1.9962, 35061.3], [1.9963, 76160.5], [1.9964, 34231.2], [1.9965, 17941.1], [1.9966, 30111.7], [1.9967, 77585.6], [1.9968, 30395.9]], "timestamp": "2025-12-15T10:18:27.328650+00:00"}, {"symbol": "XRPUSDT", "bids": [[1.9935, 21651.3], [1.9934, 6785.9], [1.9933, 7454.6], [1.9932, 22143.5], [1.9931, 39632.9], [1.993, 94378.0], [1.9929, 36053.9], [1.9928, 61102.9], [1.9927, 39237.1], [1.9926, 73660.7], [1.9925, 26496.9], [1.9924, 38484.4], [1.9923, 120956.8], [1.9922, 70483.3], [1.9921, 34567.1], [1.992, 77504.7], [1.9919, 29961.7], [1.9918, 86923.9], [1.9917, 45373.1], [1.9916, 33638.5]], "asks": [[1.9936, 50829.7], [1.9937, 17441.0], [1.9938, 33346.2], [1.9939, 38686.1], [1.994, 36777.3], [1.9941, 43014.5], [1.9942, 89859.4], [1.9943, 117317.0], [1.9944, 71139.9], [1.9945, 61621.9], [1.9946, 57586.9], [1.9947, 59158.3], [1.9948, 30083.5], [1.9949, 64764.5], [1.995, 149836.4], [1.9951, 73293.9], [1.9952, 38747.5], [1.9953, 21277.8], [1.9954, 23965.2], [1.9955, 78035.6]], "timestamp": "2025-12-15T10:19:20.986512+00:00"}, {"symbol": "XRPUSDT", "bids": [[1.993, 28482.1], [1.9929, 11786.1], [1.9928, 14370.1], [1.9927, 24494.2], [1.9926, 41122.3], [1.9925, 39825.7], [1.9924, 72894.4], [1.9923, 57518.2], [1.9922, 43966.2], [1.9921, 29817.3], [1.992, 93829.7], [1.9919, 35715.9], [1.9918, 166665.2], [1.9917, 19554.6], [1.9916, 29556.0], [1.9915, 53300.7], [1.9914, 71109.8], [1.9913, 33860.0], [1.9912, 60004.0], [1.9911, 42305.0]], "asks": [[1.9931, 37343.9], [1.9932, 29796.8], [1.9933, 30140.4], [1.9934, 27968.9], [1.9935, 35654.5], [1.9936, 49318.6], [1.9937, 86970.0], [1.9938, 90320.6], [1.9939, 62050.3], [1.994, 71306.0], [1.9941, 55262.7], [1.9942, 61648.1], [1.9943, 60408.9], [1.9944, 66460.4], [1.9945, 141196.5], [1.9946, 32730.1], [1.9947, 66851.9], [1.9948, 29446.8], [1.9949, 37071.4], [1.995, 43021.3]], "timestamp": "2025-12-15T10:20:14.747537+00:00"}, {"symbol": "XRPUSDT", "bids": [[1.9936, 2009.9], [1.9935, 10427.5], [1.9934, 28093.9], [1.9933, 36586.5], [1.9932, 43931.2], [1.9931, 74777.6], [1.993, 77978.2], [1.9929, 43520.7], [1.9928, 72412.9], [1.9927, 72268.9], [1.9926, 58370.4], [1.9925, 41472.3], [1.9924, 126388.7], [1.9923, 54044.8], [1.9922, 37646.0], [1.9921, 19025.5], [1.992, 25740.2], [1.9919, 47316.3], [1.9918, 79915.1], [1.9917, 18668.5]], "asks": [[1.9937, 40010.7], [1.9938, 28315.9], [1.9939, 37988.1], [1.994, 30533.1], [1.9941, 38549.9], [1.9942, 52685.7], [1.9943, 101603.2], [1.9944, 41414.4], [1.9945, 28371.9], [1.9946, 43537.2], [1.9947, 73967.9], [1.9948, 51799.0], [1.9949, 143798.3], [1.995, 49964.1], [1.9951, 78294.2], [1.9952, 45685.9], [1.9953, 33598.1], [1.9954, 32180.3], [1.9955, 95208.3], [1.9956, 33407.8]], "timestamp": "2025-12-15T10:21:07.995907+00:00"}, {"symbol": "XRPUSDT", "bids": [[1.9936, 63182.2], [1.9935, 30939.2], [1.9934, 27902.7], [1.9933, 17734.5], [1.9932, 32711.0], [1.9931, 59354.5], [1.993, 57812.6], [1.9929, 40516.9], [1.9928, 70488.5], [1.9927, 71597.5], [1.9926, 53025.5], [1.9925, 37518.4], [1.9924, 120664.8], [1.9923, 50988.6], [1.9922, 37648.6], [1.9921, 21288.9], [1.992, 29747.7], [1.9919, 54331.6], [1.9918, 89331.7], [1.9917, 21333.2]], "asks": [[1.9937, 896.4], [1.9938, 8857.0], [1.9939, 21364.8], [1.994, 34158.5], [1.9941, 59464.2], [1.9942, 25869.5], [1.9943, 102554.7], [1.9944, 51550.2], [1.9945, 35624.7], [1.9946, 44314.5], [1.9947, 68278.9], [1.9948, 52253.2], [1.9949, 147341.5], [1.995, 46720.1], [1.9951, 81218.1], [1.9952, 37850.4], [1.9953, 23621.3], [1.9954, 32230.4], [1.9955, 84133.6], [1.9956, 38357.4]], "timestamp": "2025-12-15T10:22:01.449465+00:00"}, {"symbol": "XRPUSDT", "bids": [[1.9943, 19510.3], [1.9942, 6867.5], [1.9941, 20149.2], [1.994, 31328.5], [1.9939, 60879.9], [1.9938, 49474.5], [1.9937, 81435.8], [1.9936, 81564.6], [1.9935, 117374.3], [1.9934, 39026.5], [1.9933, 40902.5], [1.9932, 52995.1], [1.9931, 195421.0], [1.993, 43106.0], [1.9929, 33300.4], [1.9928, 34652.5], [1.9927, 55122.6], [1.9926, 48033.6], [1.9925, 21171.4], [1.9924, 42629.4]], "asks": [[1.9944, 25173.8], [1.9945, 16484.6], [1.9946, 19858.5], [1.9947, 26921.2], [1.9948, 35561.0], [1.9949, 35044.5], [1.995, 65200.7], [1.9951, 64057.6], [1.9952, 35813.3], [1.9953, 32363.3], [1.9954, 29961.3], [1.9955, 91357.5], [1.9956, 122526.6], [1.9957, 34593.5], [1.9958, 34970.8], [1.9959, 75733.2], [1.996, 41400.5], [1.9961, 61005.6], [1.9962, 29206.7], [1.9963, 66973.7]], "timestamp": "2025-12-15T10:22:55.108281+00:00"}, {"symbol": "XRPUSDT", "bids": [[1.9935, 17314.7], [1.9934, 17119.0], [1.9933, 26736.5], [1.9932, 45818.3], [1.9931, 68643.4], [1.993, 42241.2], [1.9929, 65234.6], [1.9928, 66034.6], [1.9927, 179919.5], [1.9926, 63835.6], [1.9925, 32682.8], [1.9924, 38846.1], [1.9923, 70084.8], [1.9922, 57359.1], [1.9921, 48025.3], [1.992, 131958.0], [1.9919, 47202.2], [1.9918, 66311.3], [1.9917, 27112.8], [1.9916, 47457.0]], "asks": [[1.9936, 19038.3], [1.9937, 14736.5], [1.9938, 25087.3], [1.9939, 30632.5], [1.994, 44246.5], [1.9941, 41378.3], [1.9942, 57745.6], [1.9943, 121259.7], [1.9944, 57298.6], [1.9945, 94072.3], [1.9946, 33300.6], [1.9947, 61119.9], [1.9948, 39907.4], [1.9949, 158028.0], [1.995, 44180.0], [1.9951, 73321.4], [1.9952, 28483.9], [1.9953, 21902.6], [1.9954, 29800.5], [1.9955, 76559.0]], "timestamp": "2025-12-15T10:23:49.380293+00:00"}