[{"id": "707523928", "price": 1.8955, "amount": 6.3, "side": "sell", "timestamp": 1765842119634}, {"id": "707523929", "price": 1.8956, "amount": 7.2, "side": "buy", "timestamp": 1765842120023}, {"id": "707523930", "price": 1.8955, "amount": 2813.1, "side": "sell", "timestamp": 1765842120073}, {"id": "707523931", "price": 1.8954, "amount": 27.2, "side": "sell", "timestamp": 1765842120106}, {"id": "707523932", "price": 1.8955, "amount": 31.6, "side": "buy", "timestamp": 1765842120744}, {"id": "707523933", "price": 1.8954, "amount": 8.4, "side": "sell", "timestamp": 1765842120885}, {"id": "707523934", "price": 1.8954, "amount": 37.1, "side": "sell", "timestamp": 1765842121072}, {"id": "707523935", "price": 1.8955, "amount": 22.3, "side": "buy", "timestamp": 1765842121852}, {"id": "707523936", "price": 1.8954, "amount": 44.5, "side": "sell", "timestamp": 1765842122039}, {"id": "707523937", "price": 1.8955, "amount": 4.7, "side": "buy", "timestamp": 1765842122214}, {"id": "707523938", "price": 1.8955, "amount": 2.7, "side": "buy", "timestamp": 1765842122461}, {"id": "707523939", "price": 1.8955, "amount": 478.0, "side": "buy", "timestamp": 1765842122596}, {"id": "707523940", "price": 1.8955, "amount": 28.0, "side": "sell", "timestamp": 1765842122899}, {"id": "707523941", "price": 1.8955, "amount": 37.1, "side": "sell", "timestamp": 1765842123073}, {"id": "707523942", "price": 1.8955, "amount": 37.1, "side": "sell", "timestamp": 1765842124069}, {"id": "707523943", "price": 1.8956, "amount": 13.7, "side": "buy", "timestamp": 1765842124520}, {"id": "707523944", "price": 1.8956, "amount": 60.7, "side": "buy", "timestamp": 1765842124754}, {"id": "707523945", "price": 1.8956, "amount": 5.9, "side": "buy", "timestamp": 1765842124903}, {"id": "707523946", "price": 1.8956, "amount": 3.6, "side": "buy", "timestamp": 1765842125064}, {"id": "707523947", "price": 1.8955, "amount": 44.5, "side": "sell", "timestamp": 1765842125069}, {"id": "707523948", "price": 1.8956, "amount": 16.5, "side": "buy", "timestamp": 1765842125116}, {"id": "707523949", "price": 1.8956, "amount": 4.3, "side": "buy", "timestamp": 1765842125223}, {"id": "707523950", "price": 1.8956, "amount": 19.9, "side": "buy", "timestamp": 1765842125415}, {"id": "707523951", "price": 1.8956, "amount": 9.7, "side": "buy", "timestamp": 1765842125685}, {"id": "707523952", "price": 1.8955, "amount": 37.1, "side": "sell", "timestamp": 1765842126072}, {"id": "707523953", "price": 1.8955, "amount": 26.4, "side": "sell", "timestamp": 1765842126817}, {"id": "707523954", "price": 1.8955, "amount": 37.1, "side": "sell", "timestamp": 1765842127074}, {"id": "707523955", "price": 1.8956, "amount": 280.5, "side": "buy", "timestamp": 1765842127752}, {"id": "707523956", "price": 1.8955, "amount": 44.5, "side": "sell", "timestamp": 1765842128072}, {"id": "707523957", "price": 1.8955, "amount": 37.1, "side": "sell", "timestamp": 1765842129070}, {"id": "707523958", "price": 1.8956, "amount": 2.5, "side": "buy", "timestamp": 1765842129163}, {"id": "707523959", "price": 1.8956, "amount": 16.0, "side": "buy", "timestamp": 1765842129777}, {"id": "707523960", "price": 1.8956, "amount": 3.4, "side": "buy", "timestamp": 1765842129958}, {"id": "707523961", "price": 1.8955, "amount": 9.9, "side": "sell", "timestamp": 1765842130074}, {"id": "707523962", "price": 1.8956, "amount": 13.7, "side": "buy", "timestamp": 1765842130098}, {"id": "707523963", "price": 1.8955, "amount": 27.2, "side": "sell", "timestamp": 1765842130106}, {"id": "707523964", "price": 1.8955, "amount": 929.7, "side": "sell", "timestamp": 1765842130695}, {"id": "707523965", "price": 1.8954, "amount": 40.0, "side": "sell", "timestamp": 1765842131020}, {"id": "707523966", "price": 1.8954, "amount": 58.0, "side": "sell", "timestamp": 1765842131189}, {"id": "707523967", "price": 1.8955, "amount": 21.5, "side": "buy", "timestamp": 1765842131782}, {"id": "707523968", "price": 1.8954, "amount": 37.1, "side": "sell", "timestamp": 1765842132070}, {"id": "707523969", "price": 1.8955, "amount": 677.5, "side": "buy", "timestamp": 1765842132444}, {"id": "707523970", "price": 1.8954, "amount": 37.1, "side": "sell", "timestamp": 1765842133070}, {"id": "707523971", "price": 1.8955, "amount": 721.2, "side": "buy", "timestamp": 1765842133651}, {"id": "707523972", "price": 1.8954, "amount": 44.5, "side": "sell", "timestamp": 1765842134056}, {"id": "707523973", "price": 1.8955, "amount": 2.9, "side": "buy", "timestamp": 1765842134557}, {"id": "707523974", "price": 1.8955, "amount": 263.7, "side": "buy", "timestamp": 1765842135035}, {"id": "707523975", "price": 1.8954, "amount": 37.1, "side": "sell", "timestamp": 1765842135070}, {"id": "707523976", "price": 1.8955, "amount": 12.6, "side": "buy", "timestamp": 1765842135976}, {"id": "707523977", "price": 1.8954, "amount": 37.1, "side": "sell", "timestamp": 1765842136074}, {"id": "707524151", "price": 1.8951, "amount": 7.0, "side": "sell", "timestamp": 1765842181568}, {"id": "707524152", "price": 1.8951, "amount": 0.1, "side": "sell", "timestamp": 1765842181693}, {"id": "707524153", "price": 1.8951, "amount": 44.5, "side": "sell", "timestamp": 1765842182071}, {"id": "707524154", "price": 1.8952, "amount": 21.9, "side": "buy", "timestamp": 1765842182340}, {"id": "707524155", "price": 1.8952, "amount": 52.7, "side": "buy", "timestamp": 1765842182484}, {"id": "707524156", "price": 1.8951, "amount": 5867.9, "side": "sell", "timestamp": 1765842182486}, {"id": "707524157", "price": 1.8951, "amount": 15.8, "side": "buy", "timestamp": 1765842182497}, {"id": "707524158", "price": 1.895, "amount": 0.1, "side": "sell", "timestamp": 1765842182622}, {"id": "707524159", "price": 1.895, "amount": 0.1, "side": "sell", "timestamp": 1765842182834}, {"id": "707524160", "price": 1.895, "amount": 37.1, "side": "sell", "timestamp": 1765842183072}, {"id": "707524161", "price": 1.895, "amount": 0.1, "side": "sell", "timestamp": 1765842183187}, {"id": "707524162", "price": 1.8951, "amount": 204.2, "side": "buy", "timestamp": 1765842183467}, {"id": "707524163", "price": 1.8952, "amount": 2663.3, "side": "buy", "timestamp": 1765842183471}, {"id": "707524164", "price": 1.8952, "amount": 5.4, "side": "buy", "timestamp": 1765842183585}, {"id": "707524165", "price": 1.8952, "amount": 1370.9, "side": "buy", "timestamp": 1765842184014}, {"id": "707524166", "price": 1.8953, "amount": 5506.5, "side": "buy", "timestamp": 1765842184014}, {"id": "707524167", "price": 1.8952, "amount": 9.9, "side": "sell", "timestamp": 1765842184076}, {"id": "707524168", "price": 1.8953, "amount": 739.0, "side": "buy", "timestamp": 1765842184076}, {"id": "707524169", "price": 1.8952, "amount": 27.2, "side": "sell", "timestamp": 1765842184103}, {"id": "707524170", "price": 1.8953, "amount": 18.3, "side": "buy", "timestamp": 1765842184434}, {"id": "707524171", "price": 1.8953, "amount": 3.6, "side": "buy", "timestamp": 1765842184714}, {"id": "707524172", "price": 1.8952, "amount": 44.5, "side": "sell", "timestamp": 1765842185034}, {"id": "707524173", "price": 1.8953, "amount": 3.4, "side": "buy", "timestamp": 1765842185109}, {"id": "707524174", "price": 1.8953, "amount": 3.9, "side": "buy", "timestamp": 1765842185225}, {"id": "707524175", "price": 1.8953, "amount": 30.7, "side": "buy", "timestamp": 1765842185688}, {"id": "707524176", "price": 1.8953, "amount": 5.3, "side": "buy", "timestamp": 1765842185814}, {"id": "707524177", "price": 1.8952, "amount": 380.2, "side": "sell", "timestamp": 1765842185846}, {"id": "707524178", "price": 1.8952, "amount": 37.1, "side": "sell", "timestamp": 1765842186082}, {"id": "707524179", "price": 1.8952, "amount": 9.9, "side": "sell", "timestamp": 1765842187073}, {"id": "707524180", "price": 1.8953, "amount": 14.5, "side": "buy", "timestamp": 1765842187103}, {"id": "707524181", "price": 1.8952, "amount": 27.2, "side": "sell", "timestamp": 1765842187107}, {"id": "707524182", "price": 1.8952, "amount": 2870.4, "side": "sell", "timestamp": 1765842187294}, {"id": "707524183", "price": 1.8951, "amount": 1059.8, "side": "sell", "timestamp": 1765842187323}, {"id": "707524184", "price": 1.8951, "amount": 5.0, "side": "buy", "timestamp": 1765842188012}, {"id": "707524185", "price": 1.895, "amount": 44.5, "side": "sell", "timestamp": 1765842188071}, {"id": "707524186", "price": 1.8951, "amount": 646.0, "side": "buy", "timestamp": 1765842188390}, {"id": "707524187", "price": 1.8952, "amount": 241.7, "side": "buy", "timestamp": 1765842188429}, {"id": "707524188", "price": 1.8952, "amount": 6.8, "side": "sell", "timestamp": 1765842188852}, {"id": "707524189", "price": 1.8952, "amount": 37.1, "side": "sell", "timestamp": 1765842189075}, {"id": "707524190", "price": 1.8952, "amount": 3.3, "side": "sell", "timestamp": 1765842189517}, {"id": "707524191", "price": 1.8952, "amount": 1159.9, "side": "sell", "timestamp": 1765842189629}, {"id": "707524192", "price": 1.8953, "amount": 247.2, "side": "buy", "timestamp": 1765842189683}, {"id": "707524193", "price": 1.8952, "amount": 37.1, "side": "sell", "timestamp": 1765842190072}, {"id": "707524194", "price": 1.8952, "amount": 10.0, "side": "sell", "timestamp": 1765842190559}, {"id": "707524195", "price": 1.8952, "amount": 1359.9, "side": "sell", "timestamp": 1765842190865}, {"id": "707524196", "price": 1.8952, "amount": 89.6, "side": "sell", "timestamp": 1765842190967}, {"id": "707524197", "price": 1.8952, "amount": 44.5, "side": "sell", "timestamp": 1765842191072}, {"id": "707524198", "price": 1.8952, "amount": 40.5, "side": "sell", "timestamp": 1765842191230}, {"id": "707524199", "price": 1.8952, "amount": 4.7, "side": "sell", "timestamp": 1765842191474}, {"id": "707524200", "price": 1.8952, "amount": 6.4, "side": "sell", "timestamp": 1765842191634}, {"id": "707524314", "price": 1.8957, "amount": 138.3, "side": "buy", "timestamp": 1765842234164}, {"id": "707524315", "price": 1.8957, "amount": 13.3, "side": "buy", "timestamp": 1765842234371}, {"id": "707524316", "price": 1.8956, "amount": 51.5, "side": "sell", "timestamp": 1765842235050}, {"id": "707524317", "price": 1.8957, "amount": 22.9, "side": "buy", "timestamp": 1765842235526}, {"id": "707524318", "price": 1.8957, "amount": 32.2, "side": "buy", "timestamp": 1765842235688}, {"id": "707524319", "price": 1.8956, "amount": 37.1, "side": "sell", "timestamp": 1765842236075}, {"id": "707524320", "price": 1.8956, "amount": 7.4, "side": "sell", "timestamp": 1765842236204}, {"id": "707524321", "price": 1.8957, "amount": 6.0, "side": "buy", "timestamp": 1765842236238}, {"id": "707524322", "price": 1.8956, "amount": 13.3, "side": "sell", "timestamp": 1765842236351}, {"id": "707524323", "price": 1.8957, "amount": 5366.8, "side": "buy", "timestamp": 1765842236549}, {"id": "707524324", "price": 1.8958, "amount": 1690.6, "side": "buy", "timestamp": 1765842236583}, {"id": "707524325", "price": 1.8958, "amount": 584.2, "side": "buy", "timestamp": 1765842236761}, {"id": "707524326", "price": 1.8959, "amount": 41.9, "side": "buy", "timestamp": 1765842236761}, {"id": "707524327", "price": 1.8958, "amount": 37.1, "side": "sell", "timestamp": 1765842237074}, {"id": "707524328", "price": 1.8959, "amount": 64.3, "side": "buy", "timestamp": 1765842237186}, {"id": "707524329", "price": 1.8958, "amount": 5.3, "side": "sell", "timestamp": 1765842237286}, {"id": "707524330", "price": 1.8958, "amount": 4.4, "side": "sell", "timestamp": 1765842237922}, {"id": "707524331", "price": 1.8958, "amount": 37.1, "side": "sell", "timestamp": 1765842238079}, {"id": "707524332", "price": 1.8958, "amount": 8.2, "side": "sell", "timestamp": 1765842238415}, {"id": "707524333", "price": 1.8959, "amount": 360.5, "side": "buy", "timestamp": 1765842238818}, {"id": "707524334", "price": 1.8958, "amount": 44.5, "side": "sell", "timestamp": 1765842239038}, {"id": "707524335", "price": 1.8959, "amount": 42.7, "side": "buy", "timestamp": 1765842239895}, {"id": "707524336", "price": 1.8958, "amount": 37.1, "side": "sell", "timestamp": 1765842240075}, {"id": "707524337", "price": 1.8959, "amount": 54.9, "side": "buy", "timestamp": 1765842240347}, {"id": "707524338", "price": 1.8958, "amount": 37.1, "side": "sell", "timestamp": 1765842241075}, {"id": "707524339", "price": 1.8959, "amount": 4.3, "side": "buy", "timestamp": 1765842241199}, {"id": "707524340", "price": 1.8959, "amount": 20.5, "side": "buy", "timestamp": 1765842241603}, {"id": "707524341", "price": 1.8958, "amount": 21.2, "side": "sell", "timestamp": 1765842241999}, {"id": "707524342", "price": 1.8958, "amount": 27.2, "side": "sell", "timestamp": 1765842242108}, {"id": "707524343", "price": 1.8958, "amount": 3.9, "side": "sell", "timestamp": 1765842242349}, {"id": "707524344", "price": 1.8959, "amount": 5.3, "side": "buy", "timestamp": 1765842242515}, {"id": "707524345", "price": 1.8958, "amount": 8.9, "side": "sell", "timestamp": 1765842242700}, {"id": "707524346", "price": 1.8958, "amount": 30.2, "side": "sell", "timestamp": 1765842242812}, {"id": "707524347", "price": 1.8959, "amount": 16.6, "side": "buy", "timestamp": 1765842242893}, {"id": "707524348", "price": 1.8958, "amount": 37.1, "side": "sell", "timestamp": 1765842243076}, {"id": "707524349", "price": 1.8959, "amount": 23.4, "side": "buy", "timestamp": 1765842243824}, {"id": "707524350", "price": 1.8958, "amount": 37.1, "side": "sell", "timestamp": 1765842244075}, {"id": "707524351", "price": 1.8959, "amount": 7.3, "side": "buy", "timestamp": 1765842244164}, {"id": "707524352", "price": 1.8959, "amount": 18.5, "side": "buy", "timestamp": 1765842244565}, {"id": "707524353", "price": 1.8959, "amount": 9.0, "side": "buy", "timestamp": 1765842244691}, {"id": "707524354", "price": 1.8959, "amount": 328.2, "side": "buy", "timestamp": 1765842244852}, {"id": "707524355", "price": 1.8958, "amount": 47.4, "side": "sell", "timestamp": 1765842245081}, {"id": "707524356", "price": 1.8959, "amount": 18.5, "side": "buy", "timestamp": 1765842245429}, {"id": "707524357", "price": 1.8959, "amount": 79.1, "side": "buy", "timestamp": 1765842245598}, {"id": "707524358", "price": 1.8958, "amount": 2.7, "side": "sell", "timestamp": 1765842245625}, {"id": "707524359", "price": 1.8959, "amount": 5.5, "side": "buy", "timestamp": 1765842245675}, {"id": "707524360", "price": 1.8959, "amount": 22.3, "side": "buy", "timestamp": 1765842245787}, {"id": "707524361", "price": 1.8958, "amount": 5.0, "side": "sell", "timestamp": 1765842245883}, {"id": "707524362", "price": 1.8958, "amount": 37.1, "side": "sell", "timestamp": 1765842246079}, {"id": "707524363", "price": 1.8959, "amount": 6.8, "side": "buy", "timestamp": 1765842246438}, {"id": "707524478", "price": 1.8959, "amount": 255.0, "side": "sell", "timestamp": 1765842284118}, {"id": "707524479", "price": 1.8959, "amount": 8.9, "side": "sell", "timestamp": 1765842284523}, {"id": "707524480", "price": 1.8959, "amount": 2430.8, "side": "sell", "timestamp": 1765842284910}, {"id": "707524481", "price": 1.8959, "amount": 37.1, "side": "sell", "timestamp": 1765842285078}, {"id": "707524482", "price": 1.896, "amount": 11.5, "side": "buy", "timestamp": 1765842285659}, {"id": "707524483", "price": 1.896, "amount": 82.1, "side": "buy", "timestamp": 1765842285961}, {"id": "707524484", "price": 1.8959, "amount": 37.1, "side": "sell", "timestamp": 1765842286077}, {"id": "707524485", "price": 1.896, "amount": 30.1, "side": "buy", "timestamp": 1765842286974}, {"id": "707524486", "price": 1.8959, "amount": 44.5, "side": "sell", "timestamp": 1765842287056}, {"id": "707524487", "price": 1.896, "amount": 1633.6, "side": "buy", "timestamp": 1765842287176}, {"id": "707524488", "price": 1.8959, "amount": 2.6, "side": "sell", "timestamp": 1765842287893}, {"id": "707524489", "price": 1.8959, "amount": 37.1, "side": "sell", "timestamp": 1765842288081}, {"id": "707524490", "price": 1.8959, "amount": 37.1, "side": "sell", "timestamp": 1765842289082}, {"id": "707524491", "price": 1.896, "amount": 146.6, "side": "buy", "timestamp": 1765842289679}, {"id": "707524492", "price": 1.8959, "amount": 44.5, "side": "sell", "timestamp": 1765842290079}, {"id": "707524493", "price": 1.896, "amount": 2606.5, "side": "buy", "timestamp": 1765842290342}, {"id": "707524494", "price": 1.8961, "amount": 120.2, "side": "buy", "timestamp": 1765842290347}, {"id": "707524495", "price": 1.8962, "amount": 1188.4, "side": "buy", "timestamp": 1765842290756}, {"id": "707524496", "price": 1.8961, "amount": 510.2, "side": "sell", "timestamp": 1765842291022}, {"id": "707524497", "price": 1.8962, "amount": 210.9, "side": "buy", "timestamp": 1765842291262}, {"id": "707524498", "price": 1.8961, "amount": 116.1, "side": "sell", "timestamp": 1765842292081}, {"id": "707524499", "price": 1.8962, "amount": 5793.4, "side": "buy", "timestamp": 1765842292801}, {"id": "707524500", "price": 1.8963, "amount": 658.8, "side": "buy", "timestamp": 1765842292811}, {"id": "707524501", "price": 1.8962, "amount": 44.5, "side": "sell", "timestamp": 1765842293081}, {"id": "707524502", "price": 1.8963, "amount": 10.1, "side": "buy", "timestamp": 1765842293250}, {"id": "707524503", "price": 1.8962, "amount": 546.4, "side": "sell", "timestamp": 1765842293779}, {"id": "707524504", "price": 1.8962, "amount": 37.1, "side": "sell", "timestamp": 1765842294077}, {"id": "707524505", "price": 1.8963, "amount": 49.8, "side": "buy", "timestamp": 1765842294491}, {"id": "707524506", "price": 1.8963, "amount": 2583.7, "side": "buy", "timestamp": 1765842294986}, {"id": "707524507", "price": 1.8963, "amount": 37.1, "side": "sell", "timestamp": 1765842295079}, {"id": "707524508", "price": 1.8964, "amount": 18.0, "side": "buy", "timestamp": 1765842295193}, {"id": "707524509", "price": 1.8963, "amount": 3.0, "side": "sell", "timestamp": 1765842295332}, {"id": "707524510", "price": 1.8963, "amount": 65.5, "side": "sell", "timestamp": 1765842295579}, {"id": "707524511", "price": 1.8964, "amount": 105.5, "side": "buy", "timestamp": 1765842295589}, {"id": "707524512", "price": 1.8964, "amount": 1054.3, "side": "buy", "timestamp": 1765842296018}, {"id": "707524513", "price": 1.8963, "amount": 44.5, "side": "sell", "timestamp": 1765842296082}, {"id": "707524514", "price": 1.8963, "amount": 145.0, "side": "sell", "timestamp": 1765842296605}, {"id": "707524515", "price": 1.8964, "amount": 100.0, "side": "buy", "timestamp": 1765842296901}, {"id": "707524516", "price": 1.8963, "amount": 37.1, "side": "sell", "timestamp": 1765842297079}, {"id": "707524517", "price": 1.8964, "amount": 302.5, "side": "buy", "timestamp": 1765842297124}, {"id": "707524518", "price": 1.8964, "amount": 66.5, "side": "buy", "timestamp": 1765842297657}, {"id": "707524519", "price": 1.8963, "amount": 37.1, "side": "sell", "timestamp": 1765842298078}, {"id": "707524520", "price": 1.8963, "amount": 44.5, "side": "sell", "timestamp": 1765842299005}, {"id": "707524521", "price": 1.8963, "amount": 180.1, "side": "sell", "timestamp": 1765842299215}, {"id": "707524522", "price": 1.8963, "amount": 6.5, "side": "sell", "timestamp": 1765842299665}, {"id": "707524523", "price": 1.8964, "amount": 73.4, "side": "buy", "timestamp": 1765842299999}, {"id": "707524524", "price": 1.8963, "amount": 354.8, "side": "sell", "timestamp": 1765842300054}, {"id": "707524525", "price": 1.8964, "amount": 263.6, "side": "buy", "timestamp": 1765842300721}, {"id": "707524526", "price": 1.8964, "amount": 901.6, "side": "buy", "timestamp": 1765842300995}, {"id": "707524527", "price": 1.8963, "amount": 37.1, "side": "sell", "timestamp": 1765842301107}, {"id": "707524666", "price": 1.8956, "amount": 1188.2, "side": "buy", "timestamp": 1765842342240}, {"id": "707524667", "price": 1.8956, "amount": 13.4, "side": "buy", "timestamp": 1765842342530}, {"id": "707524668", "price": 1.8955, "amount": 37.1, "side": "sell", "timestamp": 1765842343084}, {"id": "707524669", "price": 1.8956, "amount": 1480.1, "side": "buy", "timestamp": 1765842343173}, {"id": "707524670", "price": 1.8956, "amount": 188.5, "side": "sell", "timestamp": 1765842343327}, {"id": "707524671", "price": 1.8956, "amount": 44.5, "side": "sell", "timestamp": 1765842344086}, {"id": "707524672", "price": 1.8957, "amount": 75.2, "side": "buy", "timestamp": 1765842344895}, {"id": "707524673", "price": 1.8956, "amount": 37.1, "side": "sell", "timestamp": 1765842345084}, {"id": "707524674", "price": 1.8956, "amount": 9.9, "side": "sell", "timestamp": 1765842346084}, {"id": "707524675", "price": 1.8957, "amount": 3.9, "side": "buy", "timestamp": 1765842346102}, {"id": "707524676", "price": 1.8956, "amount": 27.2, "side": "sell", "timestamp": 1765842346108}, {"id": "707524677", "price": 1.8957, "amount": 2.2, "side": "buy", "timestamp": 1765842346682}, {"id": "707524678", "price": 1.8956, "amount": 44.5, "side": "sell", "timestamp": 1765842347083}, {"id": "707524679", "price": 1.8957, "amount": 93.7, "side": "buy", "timestamp": 1765842347679}, {"id": "707524680", "price": 1.8956, "amount": 37.1, "side": "sell", "timestamp": 1765842348081}, {"id": "707524681", "price": 1.8956, "amount": 248.5, "side": "sell", "timestamp": 1765842348939}, {"id": "707524682", "price": 1.8956, "amount": 37.1, "side": "sell", "timestamp": 1765842349084}, {"id": "707524683", "price": 1.8957, "amount": 6.0, "side": "buy", "timestamp": 1765842349173}, {"id": "707524684", "price": 1.8956, "amount": 4364.7, "side": "sell", "timestamp": 1765842349368}, {"id": "707524685", "price": 1.8956, "amount": 520.8, "side": "buy", "timestamp": 1765842349450}, {"id": "707524686", "price": 1.8955, "amount": 44.5, "side": "sell", "timestamp": 1765842350022}, {"id": "707524687", "price": 1.8955, "amount": 158.1, "side": "sell", "timestamp": 1765842350515}, {"id": "707524688", "price": 1.8956, "amount": 4.3, "side": "buy", "timestamp": 1765842350948}, {"id": "707524689", "price": 1.8955, "amount": 37.1, "side": "sell", "timestamp": 1765842351081}, {"id": "707524690", "price": 1.8955, "amount": 28.2, "side": "sell", "timestamp": 1765842351511}, {"id": "707524691", "price": 1.8955, "amount": 12.8, "side": "sell", "timestamp": 1765842351990}, {"id": "707524692", "price": 1.8955, "amount": 27.2, "side": "sell", "timestamp": 1765842352109}, {"id": "707524693", "price": 1.8956, "amount": 4.8, "side": "buy", "timestamp": 1765842352394}, {"id": "707524694", "price": 1.8955, "amount": 29.9, "side": "sell", "timestamp": 1765842352765}, {"id": "707524695", "price": 1.8955, "amount": 44.5, "side": "sell", "timestamp": 1765842353050}, {"id": "707524696", "price": 1.8956, "amount": 77.1, "side": "buy", "timestamp": 1765842353179}, {"id": "707524697", "price": 1.8955, "amount": 2.8, "side": "sell", "timestamp": 1765842353248}, {"id": "707524698", "price": 1.8955, "amount": 1876.6, "side": "sell", "timestamp": 1765842353699}, {"id": "707524699", "price": 1.8954, "amount": 37.1, "side": "sell", "timestamp": 1765842354085}, {"id": "707524700", "price": 1.8954, "amount": 5148.6, "side": "sell", "timestamp": 1765842354687}, {"id": "707524701", "price": 1.8953, "amount": 1490.2, "side": "sell", "timestamp": 1765842354738}, {"id": "707524702", "price": 1.8952, "amount": 3819.7, "side": "sell", "timestamp": 1765842354800}, {"id": "707524703", "price": 1.8952, "amount": 5509.6, "side": "buy", "timestamp": 1765842354907}, {"id": "707524704", "price": 1.8952, "amount": 26.5, "side": "sell", "timestamp": 1765842355028}, {"id": "707524705", "price": 1.8953, "amount": 16.1, "side": "buy", "timestamp": 1765842355062}, {"id": "707524706", "price": 1.8954, "amount": 77.7, "side": "buy", "timestamp": 1765842355064}, {"id": "707524707", "price": 1.8954, "amount": 37.1, "side": "sell", "timestamp": 1765842355086}, {"id": "707524708", "price": 1.8955, "amount": 452.6, "side": "buy", "timestamp": 1765842355172}, {"id": "707524709", "price": 1.8955, "amount": 90.5, "side": "buy", "timestamp": 1765842356015}, {"id": "707524710", "price": 1.8954, "amount": 44.5, "side": "sell", "timestamp": 1765842356017}, {"id": "707524711", "price": 1.8954, "amount": 6.7, "side": "sell", "timestamp": 1765842356894}, {"id": "707524712", "price": 1.8954, "amount": 37.1, "side": "sell", "timestamp": 1765842357081}, {"id": "707524713", "price": 1.8955, "amount": 274.7, "side": "buy", "timestamp": 1765842357325}, {"id": "707524714", "price": 1.8954, "amount": 4.4, "side": "sell", "timestamp": 1765842357561}, {"id": "707524715", "price": 1.8954, "amount": 37.1, "side": "sell", "timestamp": 1765842358080}, {"id": "707524878", "price": 1.8964, "amount": 11.3, "side": "buy", "timestamp": 1765842399367}, {"id": "707524879", "price": 1.8963, "amount": 190.7, "side": "sell", "timestamp": 1765842399705}, {"id": "707524880", "price": 1.8964, "amount": 4.0, "side": "buy", "timestamp": 1765842399742}, {"id": "707524881", "price": 1.8963, "amount": 4302.1, "side": "sell", "timestamp": 1765842400084}, {"id": "707524882", "price": 1.8963, "amount": 3.2, "side": "buy", "timestamp": 1765842400213}, {"id": "707524883", "price": 1.8963, "amount": 2.8, "side": "buy", "timestamp": 1765842400375}, {"id": "707524884", "price": 1.8963, "amount": 6.2, "side": "buy", "timestamp": 1765842400792}, {"id": "707524885", "price": 1.8962, "amount": 37.1, "side": "sell", "timestamp": 1765842401084}, {"id": "707524886", "price": 1.8963, "amount": 7.5, "side": "buy", "timestamp": 1765842401181}, {"id": "707524887", "price": 1.8962, "amount": 7.4, "side": "sell", "timestamp": 1765842401199}, {"id": "707524888", "price": 1.8962, "amount": 36.6, "side": "sell", "timestamp": 1765842401537}, {"id": "707524889", "price": 1.8962, "amount": 37.1, "side": "sell", "timestamp": 1765842402087}, {"id": "707524890", "price": 1.8962, "amount": 37.1, "side": "sell", "timestamp": 1765842403083}, {"id": "707524891", "price": 1.8962, "amount": 6.8, "side": "sell", "timestamp": 1765842403229}, {"id": "707524892", "price": 1.8962, "amount": 1651.5, "side": "sell", "timestamp": 1765842403810}, {"id": "707524893", "price": 1.8962, "amount": 0.4, "side": "buy", "timestamp": 1765842403827}, {"id": "707524894", "price": 1.8961, "amount": 3769.6, "side": "sell", "timestamp": 1765842403871}, {"id": "707524895", "price": 1.896, "amount": 3259.5, "side": "sell", "timestamp": 1765842403875}, {"id": "707524896", "price": 1.8959, "amount": 79.0, "side": "sell", "timestamp": 1765842403898}, {"id": "707524897", "price": 1.8959, "amount": 202.1, "side": "sell", "timestamp": 1765842404045}, {"id": "707524898", "price": 1.8959, "amount": 4813.1, "side": "sell", "timestamp": 1765842405088}, {"id": "707524899", "price": 1.8958, "amount": 27.2, "side": "sell", "timestamp": 1765842405109}, {"id": "707524900", "price": 1.8958, "amount": 5698.9, "side": "sell", "timestamp": 1765842405268}, {"id": "707524901", "price": 1.8957, "amount": 1935.5, "side": "sell", "timestamp": 1765842405291}, {"id": "707524902", "price": 1.8956, "amount": 530.3, "side": "sell", "timestamp": 1765842405361}, {"id": "707524903", "price": 1.8955, "amount": 89.4, "side": "sell", "timestamp": 1765842405363}, {"id": "707524904", "price": 1.8955, "amount": 10.8, "side": "buy", "timestamp": 1765842405561}, {"id": "707524905", "price": 1.8954, "amount": 37.1, "side": "sell", "timestamp": 1765842406087}, {"id": "707524906", "price": 1.8954, "amount": 44.5, "side": "sell", "timestamp": 1765842407083}, {"id": "707524907", "price": 1.8954, "amount": 6.4, "side": "sell", "timestamp": 1765842407624}, {"id": "707524908", "price": 1.8955, "amount": 211.7, "side": "buy", "timestamp": 1765842407647}, {"id": "707524909", "price": 1.8956, "amount": 317.5, "side": "buy", "timestamp": 1765842407786}, {"id": "707524910", "price": 1.8955, "amount": 37.1, "side": "sell", "timestamp": 1765842408088}, {"id": "707524911", "price": 1.8955, "amount": 677.6, "side": "sell", "timestamp": 1765842408525}, {"id": "707524912", "price": 1.8956, "amount": 3.2, "side": "buy", "timestamp": 1765842408597}, {"id": "707524913", "price": 1.8955, "amount": 37.1, "side": "sell", "timestamp": 1765842409085}, {"id": "707524914", "price": 1.8955, "amount": 122.3, "side": "sell", "timestamp": 1765842409251}, {"id": "707524915", "price": 1.8955, "amount": 3.1, "side": "buy", "timestamp": 1765842409390}, {"id": "707524916", "price": 1.8955, "amount": 49.9, "side": "buy", "timestamp": 1765842409904}, {"id": "707524917", "price": 1.8954, "amount": 44.5, "side": "sell", "timestamp": 1765842410089}, {"id": "707524918", "price": 1.8955, "amount": 9.7, "side": "buy", "timestamp": 1765842410654}, {"id": "707524919", "price": 1.8955, "amount": 25.7, "side": "buy", "timestamp": 1765842410894}, {"id": "707524920", "price": 1.8954, "amount": 37.1, "side": "sell", "timestamp": 1765842411088}, {"id": "707524921", "price": 1.8955, "amount": 146.8, "side": "buy", "timestamp": 1765842411277}, {"id": "707524922", "price": 1.8954, "amount": 37.1, "side": "sell", "timestamp": 1765842412084}, {"id": "707524923", "price": 1.8955, "amount": 798.9, "side": "buy", "timestamp": 1765842412261}, {"id": "707524924", "price": 1.8954, "amount": 138.9, "side": "sell", "timestamp": 1765842412477}, {"id": "707524925", "price": 1.8954, "amount": 44.5, "side": "sell", "timestamp": 1765842413085}, {"id": "707524926", "price": 1.8955, "amount": 54.8, "side": "buy", "timestamp": 1765842413297}, {"id": "707524927", "price": 1.8955, "amount": 22.2, "side": "buy", "timestamp": 1765842413499}, {"id": "707525073", "price": 1.8952, "amount": 44.6, "side": "sell", "timestamp": 1765842455087}, {"id": "707525074", "price": 1.8953, "amount": 26.2, "side": "buy", "timestamp": 1765842455300}, {"id": "707525075", "price": 1.8952, "amount": 63.2, "side": "sell", "timestamp": 1765842455379}, {"id": "707525076", "price": 1.8953, "amount": 28.3, "side": "buy", "timestamp": 1765842455649}, {"id": "707525077", "price": 1.8952, "amount": 37.2, "side": "sell", "timestamp": 1765842456087}, {"id": "707525078", "price": 1.8953, "amount": 525.8, "side": "buy", "timestamp": 1765842456348}, {"id": "707525079", "price": 1.8953, "amount": 1046.0, "side": "buy", "timestamp": 1765842456775}, {"id": "707525080", "price": 1.8952, "amount": 97.8, "side": "sell", "timestamp": 1765842457018}, {"id": "707525081", "price": 1.8953, "amount": 192.6, "side": "buy", "timestamp": 1765842457370}, {"id": "707525082", "price": 1.8953, "amount": 1440.9, "side": "buy", "timestamp": 1765842457862}, {"id": "707525083", "price": 1.8954, "amount": 1398.9, "side": "buy", "timestamp": 1765842457871}, {"id": "707525084", "price": 1.8955, "amount": 178.4, "side": "buy", "timestamp": 1765842457911}, {"id": "707525085", "price": 1.8956, "amount": 71.0, "side": "buy", "timestamp": 1765842457920}, {"id": "707525086", "price": 1.8955, "amount": 44.6, "side": "sell", "timestamp": 1765842458087}, {"id": "707525087", "price": 1.8956, "amount": 55.9, "side": "buy", "timestamp": 1765842458404}, {"id": "707525088", "price": 1.8955, "amount": 290.8, "side": "sell", "timestamp": 1765842458495}, {"id": "707525089", "price": 1.8956, "amount": 13.2, "side": "buy", "timestamp": 1765842458605}, {"id": "707525090", "price": 1.8955, "amount": 225.0, "side": "sell", "timestamp": 1765842458625}, {"id": "707525091", "price": 1.8955, "amount": 37.2, "side": "sell", "timestamp": 1765842459087}, {"id": "707525092", "price": 1.8955, "amount": 142.8, "side": "sell", "timestamp": 1765842459347}, {"id": "707525093", "price": 1.8955, "amount": 8.4, "side": "sell", "timestamp": 1765842459553}, {"id": "707525094", "price": 1.8956, "amount": 11361.9, "side": "buy", "timestamp": 1765842459637}, {"id": "707525095", "price": 1.8957, "amount": 10534.8, "side": "buy", "timestamp": 1765842459637}, {"id": "707525096", "price": 1.8958, "amount": 12022.4, "side": "buy", "timestamp": 1765842459637}, {"id": "707525097", "price": 1.8959, "amount": 46080.9, "side": "buy", "timestamp": 1765842459637}, {"id": "707525098", "price": 1.8958, "amount": 968.1, "side": "buy", "timestamp": 1765842459641}, {"id": "707525099", "price": 1.8957, "amount": 14.1, "side": "sell", "timestamp": 1765842459896}, {"id": "707525100", "price": 1.8957, "amount": 19776.8, "side": "sell", "timestamp": 1765842460090}, {"id": "707525101", "price": 1.8957, "amount": 1.0, "side": "buy", "timestamp": 1765842460339}, {"id": "707525102", "price": 1.8956, "amount": 5.3, "side": "sell", "timestamp": 1765842460354}, {"id": "707525103", "price": 1.8957, "amount": 3.1, "side": "buy", "timestamp": 1765842460663}, {"id": "707525104", "price": 1.8957, "amount": 3.1, "side": "buy", "timestamp": 1765842460835}, {"id": "707525105", "price": 1.8957, "amount": 13.2, "side": "buy", "timestamp": 1765842460978}, {"id": "707525106", "price": 1.8956, "amount": 44.6, "side": "sell", "timestamp": 1765842461007}, {"id": "707525107", "price": 1.8956, "amount": 388.7, "side": "sell", "timestamp": 1765842461556}, {"id": "707525108", "price": 1.8955, "amount": 37.2, "side": "sell", "timestamp": 1765842462090}, {"id": "707525109", "price": 1.8955, "amount": 1445.3, "side": "sell", "timestamp": 1765842463091}, {"id": "707525110", "price": 1.8954, "amount": 27.3, "side": "sell", "timestamp": 1765842463108}, {"id": "707525111", "price": 1.8954, "amount": 462.7, "side": "sell", "timestamp": 1765842464086}, {"id": "707525112", "price": 1.8953, "amount": 37.2, "side": "sell", "timestamp": 1765842465092}, {"id": "707525113", "price": 1.8954, "amount": 3.7, "side": "buy", "timestamp": 1765842465472}, {"id": "707525114", "price": 1.8953, "amount": 37.2, "side": "sell", "timestamp": 1765842466088}, {"id": "707525115", "price": 1.8953, "amount": 44.6, "side": "sell", "timestamp": 1765842467088}, {"id": "707525116", "price": 1.8953, "amount": 176.2, "side": "sell", "timestamp": 1765842468005}, {"id": "707525117", "price": 1.8953, "amount": 27.3, "side": "sell", "timestamp": 1765842468111}, {"id": "707525118", "price": 1.8954, "amount": 7.5, "side": "buy", "timestamp": 1765842468405}, {"id": "707525119", "price": 1.8953, "amount": 2966.9, "side": "sell", "timestamp": 1765842468682}, {"id": "707525120", "price": 1.8953, "amount": 81.7, "side": "buy", "timestamp": 1765842469052}, {"id": "707525121", "price": 1.8952, "amount": 47.7, "side": "sell", "timestamp": 1765842469088}, {"id": "707525122", "price": 1.8953, "amount": 5.2, "side": "buy", "timestamp": 1765842469455}, {"id": "707525250", "price": 1.8951, "amount": 252.5, "side": "buy", "timestamp": 1765842502059}, {"id": "707525251", "price": 1.895, "amount": 37.2, "side": "sell", "timestamp": 1765842502089}, {"id": "707525252", "price": 1.8951, "amount": 2.7, "side": "buy", "timestamp": 1765842502133}, {"id": "707525253", "price": 1.895, "amount": 850.2, "side": "sell", "timestamp": 1765842502782}, {"id": "707525254", "price": 1.895, "amount": 47.9, "side": "sell", "timestamp": 1765842503089}, {"id": "707525255", "price": 1.8951, "amount": 30.2, "side": "buy", "timestamp": 1765842503271}, {"id": "707525256", "price": 1.8951, "amount": 261.5, "side": "buy", "timestamp": 1765842503720}, {"id": "707525257", "price": 1.895, "amount": 37.2, "side": "sell", "timestamp": 1765842504092}, {"id": "707525258", "price": 1.8951, "amount": 52.8, "side": "buy", "timestamp": 1765842504894}, {"id": "707525259", "price": 1.895, "amount": 5313.9, "side": "sell", "timestamp": 1765842505067}, {"id": "707525260", "price": 1.895, "amount": 44.6, "side": "sell", "timestamp": 1765842506093}, {"id": "707525261", "price": 1.895, "amount": 37.2, "side": "sell", "timestamp": 1765842507090}, {"id": "707525262", "price": 1.895, "amount": 47.0, "side": "sell", "timestamp": 1765842508069}, {"id": "707525263", "price": 1.8951, "amount": 3.2, "side": "buy", "timestamp": 1765842508381}, {"id": "707525264", "price": 1.895, "amount": 37.2, "side": "sell", "timestamp": 1765842509089}, {"id": "707525265", "price": 1.895, "amount": 7.4, "side": "sell", "timestamp": 1765842509198}, {"id": "707525266", "price": 1.895, "amount": 37.2, "side": "sell", "timestamp": 1765842510093}, {"id": "707525267", "price": 1.8951, "amount": 13.6, "side": "buy", "timestamp": 1765842510344}, {"id": "707525268", "price": 1.8951, "amount": 3.1, "side": "buy", "timestamp": 1765842510664}, {"id": "707525269", "price": 1.8951, "amount": 3.1, "side": "buy", "timestamp": 1765842510776}, {"id": "707525270", "price": 1.895, "amount": 265.6, "side": "sell", "timestamp": 1765842510902}, {"id": "707525271", "price": 1.895, "amount": 47.2, "side": "sell", "timestamp": 1765842511039}, {"id": "707525272", "price": 1.8951, "amount": 15.8, "side": "buy", "timestamp": 1765842511868}, {"id": "707525273", "price": 1.895, "amount": 17.3, "side": "sell", "timestamp": 1765842512009}, {"id": "707525274", "price": 1.895, "amount": 27.3, "side": "sell", "timestamp": 1765842512113}, {"id": "707525275", "price": 1.8951, "amount": 13.1, "side": "buy", "timestamp": 1765842513084}, {"id": "707525276", "price": 1.895, "amount": 37.2, "side": "sell", "timestamp": 1765842513091}, {"id": "707525277", "price": 1.895, "amount": 26.5, "side": "sell", "timestamp": 1765842513206}, {"id": "707525278", "price": 1.895, "amount": 5174.7, "side": "sell", "timestamp": 1765842514093}, {"id": "707525279", "price": 1.8949, "amount": 27.3, "side": "sell", "timestamp": 1765842514108}, {"id": "707525280", "price": 1.895, "amount": 1480.3, "side": "buy", "timestamp": 1765842514154}, {"id": "707525281", "price": 1.8949, "amount": 44.6, "side": "sell", "timestamp": 1765842515022}, {"id": "707525282", "price": 1.8949, "amount": 7.0, "side": "sell", "timestamp": 1765842515635}, {"id": "707525283", "price": 1.8949, "amount": 37.2, "side": "sell", "timestamp": 1765842516091}, {"id": "707525284", "price": 1.895, "amount": 2.7, "side": "buy", "timestamp": 1765842516401}, {"id": "707525285", "price": 1.8949, "amount": 13.3, "side": "sell", "timestamp": 1765842516444}, {"id": "707525286", "price": 1.8949, "amount": 37.2, "side": "sell", "timestamp": 1765842517094}, {"id": "707525287", "price": 1.8949, "amount": 44.6, "side": "sell", "timestamp": 1765842518066}, {"id": "707525288", "price": 1.895, "amount": 3.2, "side": "buy", "timestamp": 1765842518371}, {"id": "707525289", "price": 1.8949, "amount": 309.5, "side": "sell", "timestamp": 1765842519040}, {"id": "707525290", "price": 1.8949, "amount": 1091.8, "side": "sell", "timestamp": 1765842520039}, {"id": "707525291", "price": 1.895, "amount": 954.7, "side": "buy", "timestamp": 1765842520652}, {"id": "707525292", "price": 1.895, "amount": 3.1, "side": "buy", "timestamp": 1765842520763}, {"id": "707525293", "price": 1.895, "amount": 10.5, "side": "buy", "timestamp": 1765842520993}, {"id": "707525294", "price": 1.8949, "amount": 44.6, "side": "sell", "timestamp": 1765842521087}, {"id": "707525295", "price": 1.8949, "amount": 37.2, "side": "sell", "timestamp": 1765842522094}, {"id": "707525296", "price": 1.8949, "amount": 16.4, "side": "sell", "timestamp": 1765842522905}, {"id": "707525297", "price": 1.8949, "amount": 56.0, "side": "sell", "timestamp": 1765842523075}, {"id": "707525298", "price": 1.8949, "amount": 44.6, "side": "sell", "timestamp": 1765842524095}, {"id": "707525299", "price": 1.8949, "amount": 37.2, "side": "sell", "timestamp": 1765842525091}, {"id": "707525463", "price": 1.8936, "amount": 3629.3, "side": "sell", "timestamp": 1765842573411}, {"id": "707525464", "price": 1.8935, "amount": 771.9, "side": "sell", "timestamp": 1765842573417}, {"id": "707525465", "price": 1.8934, "amount": 28.0, "side": "sell", "timestamp": 1765842573424}, {"id": "707525466", "price": 1.8933, "amount": 472.2, "side": "sell", "timestamp": 1765842573439}, {"id": "707525467", "price": 1.8933, "amount": 11855.7, "side": "buy", "timestamp": 1765842573460}, {"id": "707525468", "price": 1.8934, "amount": 3143.5, "side": "buy", "timestamp": 1765842573473}, {"id": "707525469", "price": 1.8935, "amount": 3011.9, "side": "buy", "timestamp": 1765842573478}, {"id": "707525470", "price": 1.8936, "amount": 45.2, "side": "buy", "timestamp": 1765842573612}, {"id": "707525471", "price": 1.8937, "amount": 273.1, "side": "buy", "timestamp": 1765842573836}, {"id": "707525472", "price": 1.8937, "amount": 1374.8, "side": "buy", "timestamp": 1765842574037}, {"id": "707525473", "price": 1.8936, "amount": 37.2, "side": "sell", "timestamp": 1765842574096}, {"id": "707525474", "price": 1.8936, "amount": 364.2, "side": "sell", "timestamp": 1765842574416}, {"id": "707525475", "price": 1.8936, "amount": 48.4, "side": "sell", "timestamp": 1765842574634}, {"id": "707525476", "price": 1.8937, "amount": 618.3, "side": "buy", "timestamp": 1765842574770}, {"id": "707525477", "price": 1.8937, "amount": 57.4, "side": "buy", "timestamp": 1765842574894}, {"id": "707525478", "price": 1.8936, "amount": 37.2, "side": "sell", "timestamp": 1765842575097}, {"id": "707525479", "price": 1.8937, "amount": 896.6, "side": "buy", "timestamp": 1765842575368}, {"id": "707525480", "price": 1.8938, "amount": 2890.9, "side": "buy", "timestamp": 1765842575370}, {"id": "707525481", "price": 1.8939, "amount": 3057.0, "side": "buy", "timestamp": 1765842575380}, {"id": "707525482", "price": 1.894, "amount": 7390.0, "side": "buy", "timestamp": 1765842575391}, {"id": "707525483", "price": 1.8941, "amount": 5574.1, "side": "buy", "timestamp": 1765842575396}, {"id": "707525484", "price": 1.8942, "amount": 4151.8, "side": "buy", "timestamp": 1765842575396}, {"id": "707525485", "price": 1.8943, "amount": 1028.7, "side": "buy", "timestamp": 1765842575410}, {"id": "707525486", "price": 1.8942, "amount": 157.8, "side": "sell", "timestamp": 1765842575641}, {"id": "707525487", "price": 1.8943, "amount": 1675.8, "side": "buy", "timestamp": 1765842575735}, {"id": "707525488", "price": 1.8942, "amount": 4598.5, "side": "sell", "timestamp": 1765842575780}, {"id": "707525489", "price": 1.8941, "amount": 682.4, "side": "sell", "timestamp": 1765842575780}, {"id": "707525490", "price": 1.8941, "amount": 830.9, "side": "sell", "timestamp": 1765842576096}, {"id": "707525491", "price": 1.894, "amount": 27.3, "side": "sell", "timestamp": 1765842576109}, {"id": "707525492", "price": 1.8941, "amount": 347.9, "side": "buy", "timestamp": 1765842576460}, {"id": "707525493", "price": 1.894, "amount": 37.2, "side": "sell", "timestamp": 1765842577097}, {"id": "707525494", "price": 1.8941, "amount": 473.5, "side": "buy", "timestamp": 1765842577743}, {"id": "707525495", "price": 1.8942, "amount": 37.4, "side": "buy", "timestamp": 1765842577746}, {"id": "707525496", "price": 1.8942, "amount": 3.1, "side": "sell", "timestamp": 1765842577808}, {"id": "707525497", "price": 1.8943, "amount": 115.3, "side": "buy", "timestamp": 1765842577839}, {"id": "707525498", "price": 1.8944, "amount": 163.7, "side": "buy", "timestamp": 1765842577849}, {"id": "707525499", "price": 1.8945, "amount": 175.3, "side": "buy", "timestamp": 1765842577861}, {"id": "707525500", "price": 1.8946, "amount": 581.9, "side": "buy", "timestamp": 1765842577861}, {"id": "707525501", "price": 1.8946, "amount": 1327.9, "side": "buy", "timestamp": 1765842577982}, {"id": "707525502", "price": 1.8945, "amount": 9.9, "side": "sell", "timestamp": 1765842578093}, {"id": "707525503", "price": 1.8946, "amount": 21.7, "side": "buy", "timestamp": 1765842578106}, {"id": "707525504", "price": 1.8945, "amount": 34.7, "side": "sell", "timestamp": 1765842578108}, {"id": "707525505", "price": 1.8946, "amount": 1992.5, "side": "buy", "timestamp": 1765842578432}, {"id": "707525506", "price": 1.8947, "amount": 398.0, "side": "buy", "timestamp": 1765842578441}, {"id": "707525507", "price": 1.8947, "amount": 255.8, "side": "sell", "timestamp": 1765842578796}, {"id": "707525508", "price": 1.8947, "amount": 37.2, "side": "sell", "timestamp": 1765842579093}, {"id": "707525509", "price": 1.8947, "amount": 37.2, "side": "sell", "timestamp": 1765842580096}, {"id": "707525510", "price": 1.8948, "amount": 59.1, "side": "buy", "timestamp": 1765842580278}, {"id": "707525511", "price": 1.8948, "amount": 3.1, "side": "buy", "timestamp": 1765842580601}, {"id": "707525512", "price": 1.8947, "amount": 7741.8, "side": "sell", "timestamp": 1765842580649}, {"id": "707525614", "price": 1.8946, "amount": 864.6, "side": "buy", "timestamp": 1765842616715}, {"id": "707525615", "price": 1.8945, "amount": 44.6, "side": "sell", "timestamp": 1765842617021}, {"id": "707525616", "price": 1.8945, "amount": 48.4, "side": "sell", "timestamp": 1765842617388}, {"id": "707525617", "price": 1.8945, "amount": 37.2, "side": "sell", "timestamp": 1765842618095}, {"id": "707525618", "price": 1.8945, "amount": 37.2, "side": "sell", "timestamp": 1765842619100}, {"id": "707525619", "price": 1.8945, "amount": 44.6, "side": "sell", "timestamp": 1765842620046}, {"id": "707525620", "price": 1.8945, "amount": 142.1, "side": "sell", "timestamp": 1765842620270}, {"id": "707525621", "price": 1.8946, "amount": 5.5, "side": "buy", "timestamp": 1765842620599}, {"id": "707525622", "price": 1.8946, "amount": 6298.2, "side": "buy", "timestamp": 1765842620970}, {"id": "707525623", "price": 1.8945, "amount": 39.5, "side": "sell", "timestamp": 1765842621097}, {"id": "707525624", "price": 1.8946, "amount": 15.0, "side": "buy", "timestamp": 1765842621479}, {"id": "707525625", "price": 1.8946, "amount": 9.5, "side": "buy", "timestamp": 1765842621711}, {"id": "707525626", "price": 1.8945, "amount": 37.2, "side": "sell", "timestamp": 1765842622097}, {"id": "707525627", "price": 1.8946, "amount": 9.4, "side": "buy", "timestamp": 1765842622272}, {"id": "707525628", "price": 1.8946, "amount": 57.8, "side": "buy", "timestamp": 1765842622700}, {"id": "707525629", "price": 1.8946, "amount": 274.9, "side": "buy", "timestamp": 1765842622821}, {"id": "707525630", "price": 1.8945, "amount": 44.6, "side": "sell", "timestamp": 1765842623085}, {"id": "707525631", "price": 1.8946, "amount": 6.3, "side": "buy", "timestamp": 1765842623137}, {"id": "707525632", "price": 1.8945, "amount": 10.3, "side": "sell", "timestamp": 1765842623631}, {"id": "707525633", "price": 1.8946, "amount": 6.0, "side": "buy", "timestamp": 1765842623817}, {"id": "707525634", "price": 1.8945, "amount": 24.0, "side": "sell", "timestamp": 1765842623847}, {"id": "707525635", "price": 1.8946, "amount": 816.2, "side": "buy", "timestamp": 1765842624021}, {"id": "707525636", "price": 1.8945, "amount": 37.2, "side": "sell", "timestamp": 1765842624095}, {"id": "707525637", "price": 1.8946, "amount": 84.9, "side": "buy", "timestamp": 1765842624894}, {"id": "707525638", "price": 1.8945, "amount": 40.7, "side": "sell", "timestamp": 1765842625065}, {"id": "707525639", "price": 1.8945, "amount": 79.0, "side": "sell", "timestamp": 1765842625236}, {"id": "707525640", "price": 1.8945, "amount": 549.7, "side": "sell", "timestamp": 1765842625875}, {"id": "707525641", "price": 1.8945, "amount": 49.8, "side": "sell", "timestamp": 1765842626097}, {"id": "707525642", "price": 1.8946, "amount": 15.8, "side": "buy", "timestamp": 1765842626362}, {"id": "707525643", "price": 1.8945, "amount": 37.2, "side": "sell", "timestamp": 1765842627100}, {"id": "707525644", "price": 1.8945, "amount": 257.3, "side": "sell", "timestamp": 1765842627392}, {"id": "707525645", "price": 1.8945, "amount": 37.2, "side": "sell", "timestamp": 1765842628100}, {"id": "707525646", "price": 1.8945, "amount": 117.1, "side": "sell", "timestamp": 1765842628209}, {"id": "707525647", "price": 1.8945, "amount": 6.0, "side": "sell", "timestamp": 1765842628681}, {"id": "707525648", "price": 1.8945, "amount": 44.6, "side": "sell", "timestamp": 1765842629095}, {"id": "707525649", "price": 1.8945, "amount": 37.2, "side": "sell", "timestamp": 1765842630098}, {"id": "707525650", "price": 1.8946, "amount": 540.2, "side": "buy", "timestamp": 1765842631076}, {"id": "707525651", "price": 1.8945, "amount": 40.7, "side": "sell", "timestamp": 1765842631099}, {"id": "707525652", "price": 1.8945, "amount": 60.4, "side": "sell", "timestamp": 1765842632074}, {"id": "707525653", "price": 1.8946, "amount": 2744.6, "side": "buy", "timestamp": 1765842632177}, {"id": "707525654", "price": 1.8946, "amount": 6.0, "side": "buy", "timestamp": 1765842633065}, {"id": "707525655", "price": 1.8945, "amount": 37.2, "side": "sell", "timestamp": 1765842633100}, {"id": "707525656", "price": 1.8945, "amount": 37.2, "side": "sell", "timestamp": 1765842634100}, {"id": "707525657", "price": 1.8945, "amount": 107.1, "side": "sell", "timestamp": 1765842634411}, {"id": "707525658", "price": 1.8945, "amount": 6.8, "side": "sell", "timestamp": 1765842634543}, {"id": "707525659", "price": 1.8946, "amount": 3.6, "side": "buy", "timestamp": 1765842634961}, {"id": "707525660", "price": 1.8945, "amount": 44.6, "side": "sell", "timestamp": 1765842635096}, {"id": "707525661", "price": 1.8946, "amount": 9.5, "side": "buy", "timestamp": 1765842636000}, {"id": "707525662", "price": 1.8945, "amount": 50.9, "side": "sell", "timestamp": 1765842636097}, {"id": "707525663", "price": 1.8945, "amount": 2.9, "side": "sell", "timestamp": 1765842636225}, {"id": "707525780", "price": 1.8938, "amount": 37.2, "side": "sell", "timestamp": 1765842676099}, {"id": "707525781", "price": 1.8938, "amount": 56.4, "side": "sell", "timestamp": 1765842677103}, {"id": "707525782", "price": 1.8939, "amount": 500.0, "side": "buy", "timestamp": 1765842677278}, {"id": "707525783", "price": 1.8939, "amount": 644.0, "side": "buy", "timestamp": 1765842677709}, {"id": "707525784", "price": 1.894, "amount": 36.9, "side": "buy", "timestamp": 1765842677871}, {"id": "707525785", "price": 1.8939, "amount": 37.2, "side": "sell", "timestamp": 1765842678102}, {"id": "707525786", "price": 1.8939, "amount": 5192.6, "side": "sell", "timestamp": 1765842678605}, {"id": "707525787", "price": 1.8939, "amount": 4.0, "side": "sell", "timestamp": 1765842678754}, {"id": "707525788", "price": 1.8939, "amount": 37.2, "side": "sell", "timestamp": 1765842679103}, {"id": "707525789", "price": 1.8939, "amount": 289.9, "side": "sell", "timestamp": 1765842679660}, {"id": "707525790", "price": 1.8938, "amount": 37.2, "side": "sell", "timestamp": 1765842680102}, {"id": "707525791", "price": 1.8938, "amount": 9.5, "side": "sell", "timestamp": 1765842680585}, {"id": "707525792", "price": 1.8939, "amount": 1583.9, "side": "buy", "timestamp": 1765842680843}, {"id": "707525793", "price": 1.8938, "amount": 242.4, "side": "sell", "timestamp": 1765842681102}, {"id": "707525794", "price": 1.8938, "amount": 79.1, "side": "sell", "timestamp": 1765842681372}, {"id": "707525795", "price": 1.8938, "amount": 14.8, "side": "sell", "timestamp": 1765842681699}, {"id": "707525796", "price": 1.8939, "amount": 6.3, "side": "buy", "timestamp": 1765842681842}, {"id": "707525797", "price": 1.8939, "amount": 18.2, "side": "buy", "timestamp": 1765842682036}, {"id": "707525798", "price": 1.8938, "amount": 41.9, "side": "sell", "timestamp": 1765842682038}, {"id": "707525799", "price": 1.8938, "amount": 79.0, "side": "sell", "timestamp": 1765842682267}, {"id": "707525800", "price": 1.8938, "amount": 34.6, "side": "sell", "timestamp": 1765842682961}, {"id": "707525801", "price": 1.8938, "amount": 37.2, "side": "sell", "timestamp": 1765842683106}, {"id": "707525802", "price": 1.8938, "amount": 4656.4, "side": "sell", "timestamp": 1765842683935}, {"id": "707525803", "price": 1.8938, "amount": 37.2, "side": "sell", "timestamp": 1765842684100}, {"id": "707525804", "price": 1.8938, "amount": 3980.6, "side": "sell", "timestamp": 1765842684236}, {"id": "707525805", "price": 1.8938, "amount": 224.8, "side": "buy", "timestamp": 1765842684279}, {"id": "707525806", "price": 1.8937, "amount": 37.2, "side": "sell", "timestamp": 1765842685101}, {"id": "707525807", "price": 1.8938, "amount": 647.5, "side": "buy", "timestamp": 1765842685729}, {"id": "707525808", "price": 1.8939, "amount": 2185.5, "side": "buy", "timestamp": 1765842685853}, {"id": "707525809", "price": 1.894, "amount": 83.0, "side": "buy", "timestamp": 1765842685855}, {"id": "707525810", "price": 1.8941, "amount": 195.9, "side": "buy", "timestamp": 1765842685855}, {"id": "707525811", "price": 1.894, "amount": 316.6, "side": "sell", "timestamp": 1765842685871}, {"id": "707525812", "price": 1.8941, "amount": 153.5, "side": "buy", "timestamp": 1765842685920}, {"id": "707525813", "price": 1.894, "amount": 37.2, "side": "sell", "timestamp": 1765842686100}, {"id": "707525814", "price": 1.8941, "amount": 388.5, "side": "buy", "timestamp": 1765842686253}, {"id": "707525815", "price": 1.8941, "amount": 7.4, "side": "sell", "timestamp": 1765842686343}, {"id": "707525816", "price": 1.8941, "amount": 5.4, "side": "sell", "timestamp": 1765842686676}, {"id": "707525817", "price": 1.8942, "amount": 15.8, "side": "buy", "timestamp": 1765842686766}, {"id": "707525818", "price": 1.8941, "amount": 37.2, "side": "sell", "timestamp": 1765842687103}, {"id": "707525819", "price": 1.8941, "amount": 37.2, "side": "sell", "timestamp": 1765842688103}, {"id": "707525820", "price": 1.8941, "amount": 3422.2, "side": "sell", "timestamp": 1765842688387}, {"id": "707525821", "price": 1.8941, "amount": 44.6, "side": "sell", "timestamp": 1765842689100}, {"id": "707525822", "price": 1.8941, "amount": 4.8, "side": "sell", "timestamp": 1765842689914}, {"id": "707525823", "price": 1.8941, "amount": 37.2, "side": "sell", "timestamp": 1765842690098}, {"id": "707525824", "price": 1.8941, "amount": 3294.9, "side": "sell", "timestamp": 1765842690955}, {"id": "707525825", "price": 1.8941, "amount": 2.8, "side": "buy", "timestamp": 1765842691086}, {"id": "707525826", "price": 1.894, "amount": 9.9, "side": "sell", "timestamp": 1765842691104}, {"id": "707525827", "price": 1.894, "amount": 27.3, "side": "sell", "timestamp": 1765842691943}, {"id": "707525828", "price": 1.894, "amount": 9.9, "side": "sell", "timestamp": 1765842692100}, {"id": "707525829", "price": 1.8941, "amount": 15.8, "side": "buy", "timestamp": 1765842692442}, {"id": "707525967", "price": 1.8949, "amount": 123.4, "side": "buy", "timestamp": 1765842729423}, {"id": "707525968", "price": 1.8949, "amount": 108.1, "side": "buy", "timestamp": 1765842729756}, {"id": "707525969", "price": 1.8948, "amount": 37.2, "side": "sell", "timestamp": 1765842730105}, {"id": "707525970", "price": 1.8948, "amount": 37.2, "side": "sell", "timestamp": 1765842731103}, {"id": "707525971", "price": 1.8948, "amount": 2728.3, "side": "sell", "timestamp": 1765842731632}, {"id": "707525972", "price": 1.8948, "amount": 44.6, "side": "sell", "timestamp": 1765842732054}, {"id": "707525973", "price": 1.8948, "amount": 4648.6, "side": "sell", "timestamp": 1765842732687}, {"id": "707525974", "price": 1.8947, "amount": 37.2, "side": "sell", "timestamp": 1765842733102}, {"id": "707525975", "price": 1.8947, "amount": 2627.8, "side": "sell", "timestamp": 1765842733737}, {"id": "707525976", "price": 1.8947, "amount": 37.2, "side": "sell", "timestamp": 1765842734102}, {"id": "707525977", "price": 1.8947, "amount": 2376.6, "side": "sell", "timestamp": 1765842734741}, {"id": "707525978", "price": 1.8947, "amount": 65.0, "side": "sell", "timestamp": 1765842734861}, {"id": "707525979", "price": 1.8946, "amount": 6.0, "side": "sell", "timestamp": 1765842734910}, {"id": "707525980", "price": 1.8947, "amount": 5.0, "side": "buy", "timestamp": 1765842734947}, {"id": "707525981", "price": 1.8946, "amount": 44.6, "side": "sell", "timestamp": 1765842735079}, {"id": "707525982", "price": 1.8946, "amount": 37.2, "side": "sell", "timestamp": 1765842736105}, {"id": "707525983", "price": 1.8947, "amount": 98.1, "side": "buy", "timestamp": 1765842736216}, {"id": "707525984", "price": 1.8947, "amount": 37.2, "side": "sell", "timestamp": 1765842737103}, {"id": "707525985", "price": 1.8948, "amount": 16.3, "side": "buy", "timestamp": 1765842737144}, {"id": "707525986", "price": 1.8947, "amount": 6.2, "side": "sell", "timestamp": 1765842737944}, {"id": "707525987", "price": 1.8947, "amount": 44.6, "side": "sell", "timestamp": 1765842738095}, {"id": "707525988", "price": 1.8947, "amount": 11.6, "side": "sell", "timestamp": 1765842738211}, {"id": "707525989", "price": 1.8948, "amount": 1840.3, "side": "buy", "timestamp": 1765842738384}, {"id": "707525990", "price": 1.8948, "amount": 131.1, "side": "buy", "timestamp": 1765842738839}, {"id": "707525991", "price": 1.8947, "amount": 2.8, "side": "sell", "timestamp": 1765842738982}, {"id": "707525992", "price": 1.8948, "amount": 6.3, "side": "buy", "timestamp": 1765842739055}, {"id": "707525993", "price": 1.8947, "amount": 37.2, "side": "sell", "timestamp": 1765842739104}, {"id": "707525994", "price": 1.8948, "amount": 73.0, "side": "buy", "timestamp": 1765842739343}, {"id": "707525995", "price": 1.8948, "amount": 51.6, "side": "buy", "timestamp": 1765842739716}, {"id": "707525996", "price": 1.8947, "amount": 105.3, "side": "sell", "timestamp": 1765842740003}, {"id": "707525997", "price": 1.8947, "amount": 37.2, "side": "sell", "timestamp": 1765842740107}, {"id": "707525998", "price": 1.8947, "amount": 1566.3, "side": "sell", "timestamp": 1765842740466}, {"id": "707525999", "price": 1.8947, "amount": 44.6, "side": "sell", "timestamp": 1765842741104}, {"id": "707526000", "price": 1.8947, "amount": 37.2, "side": "sell", "timestamp": 1765842742113}, {"id": "707526001", "price": 1.8948, "amount": 92.6, "side": "buy", "timestamp": 1765842742749}, {"id": "707526002", "price": 1.8948, "amount": 5.0, "side": "buy", "timestamp": 1765842743049}, {"id": "707526003", "price": 1.8947, "amount": 37.2, "side": "sell", "timestamp": 1765842743102}, {"id": "707526004", "price": 1.8947, "amount": 201.7, "side": "sell", "timestamp": 1765842743327}, {"id": "707526005", "price": 1.8947, "amount": 44.6, "side": "sell", "timestamp": 1765842744102}, {"id": "707526006", "price": 1.8948, "amount": 9.2, "side": "buy", "timestamp": 1765842744147}, {"id": "707526007", "price": 1.8947, "amount": 37.2, "side": "sell", "timestamp": 1765842745106}, {"id": "707526008", "price": 1.8948, "amount": 2.8, "side": "buy", "timestamp": 1765842745883}, {"id": "707526009", "price": 1.8947, "amount": 37.2, "side": "sell", "timestamp": 1765842746103}, {"id": "707526010", "price": 1.8947, "amount": 14.4, "side": "sell", "timestamp": 1765842746534}, {"id": "707526011", "price": 1.8947, "amount": 3.7, "side": "sell", "timestamp": 1765842746655}, {"id": "707526012", "price": 1.8947, "amount": 7.8, "side": "sell", "timestamp": 1765842746785}, {"id": "707526013", "price": 1.8947, "amount": 44.6, "side": "sell", "timestamp": 1765842747108}, {"id": "707526014", "price": 1.8947, "amount": 37.2, "side": "sell", "timestamp": 1765842748106}, {"id": "707526015", "price": 1.8948, "amount": 1255.7, "side": "buy", "timestamp": 1765842748486}, {"id": "707526016", "price": 1.8949, "amount": 63.7, "side": "buy", "timestamp": 1765842748486}, {"id": "707526108", "price": 1.8949, "amount": 8664.3, "side": "buy", "timestamp": 1765842787589}, {"id": "707526109", "price": 1.8949, "amount": 1226.4, "side": "sell", "timestamp": 1765842787843}, {"id": "707526110", "price": 1.8949, "amount": 37.2, "side": "sell", "timestamp": 1765842788107}, {"id": "707526111", "price": 1.8949, "amount": 17.3, "side": "sell", "timestamp": 1765842789007}, {"id": "707526112", "price": 1.8949, "amount": 27.3, "side": "sell", "timestamp": 1765842789111}, {"id": "707526113", "price": 1.895, "amount": 19.9, "side": "buy", "timestamp": 1765842789736}, {"id": "707526114", "price": 1.895, "amount": 3.5, "side": "buy", "timestamp": 1765842790077}, {"id": "707526115", "price": 1.8949, "amount": 37.2, "side": "sell", "timestamp": 1765842790105}, {"id": "707526116", "price": 1.895, "amount": 509.5, "side": "buy", "timestamp": 1765842790361}, {"id": "707526117", "price": 1.8951, "amount": 181.1, "side": "buy", "timestamp": 1765842790467}, {"id": "707526118", "price": 1.8951, "amount": 2619.4, "side": "sell", "timestamp": 1765842791104}, {"id": "707526119", "price": 1.895, "amount": 27.3, "side": "sell", "timestamp": 1765842791112}, {"id": "707526120", "price": 1.8951, "amount": 6139.8, "side": "buy", "timestamp": 1765842791629}, {"id": "707526121", "price": 1.895, "amount": 3.3, "side": "sell", "timestamp": 1765842791893}, {"id": "707526122", "price": 1.895, "amount": 44.6, "side": "sell", "timestamp": 1765842792041}, {"id": "707526123", "price": 1.895, "amount": 7.3, "side": "sell", "timestamp": 1765842792767}, {"id": "707526124", "price": 1.895, "amount": 67.3, "side": "sell", "timestamp": 1765842793108}, {"id": "707526125", "price": 1.895, "amount": 43.5, "side": "sell", "timestamp": 1765842794108}, {"id": "707526126", "price": 1.895, "amount": 44.6, "side": "sell", "timestamp": 1765842795053}, {"id": "707526127", "price": 1.8951, "amount": 1054.2, "side": "buy", "timestamp": 1765842795447}, {"id": "707526128", "price": 1.895, "amount": 111.2, "side": "sell", "timestamp": 1765842795507}, {"id": "707526129", "price": 1.895, "amount": 37.2, "side": "sell", "timestamp": 1765842796109}, {"id": "707526130", "price": 1.895, "amount": 3.1, "side": "sell", "timestamp": 1765842796339}, {"id": "707526131", "price": 1.895, "amount": 15.7, "side": "sell", "timestamp": 1765842796884}, {"id": "707526132", "price": 1.895, "amount": 37.2, "side": "sell", "timestamp": 1765842797109}, {"id": "707526133", "price": 1.895, "amount": 5.0, "side": "sell", "timestamp": 1765842798025}, {"id": "707526134", "price": 1.8951, "amount": 2086.7, "side": "buy", "timestamp": 1765842798029}, {"id": "707526135", "price": 1.8952, "amount": 274.4, "side": "buy", "timestamp": 1765842798029}, {"id": "707526136", "price": 1.8951, "amount": 44.6, "side": "sell", "timestamp": 1765842798097}, {"id": "707526137", "price": 1.8951, "amount": 37.2, "side": "sell", "timestamp": 1765842799106}, {"id": "707526138", "price": 1.8951, "amount": 8.3, "side": "sell", "timestamp": 1765842799227}, {"id": "707526139", "price": 1.8951, "amount": 37.2, "side": "sell", "timestamp": 1765842800110}, {"id": "707526140", "price": 1.8951, "amount": 44.6, "side": "sell", "timestamp": 1765842801105}, {"id": "707526141", "price": 1.8951, "amount": 3575.0, "side": "sell", "timestamp": 1765842801535}, {"id": "707526142", "price": 1.895, "amount": 2628.3, "side": "sell", "timestamp": 1765842801570}, {"id": "707526143", "price": 1.8949, "amount": 3.5, "side": "sell", "timestamp": 1765842801864}, {"id": "707526144", "price": 1.8949, "amount": 37.2, "side": "sell", "timestamp": 1765842802104}, {"id": "707526145", "price": 1.895, "amount": 100.0, "side": "buy", "timestamp": 1765842802246}, {"id": "707526146", "price": 1.8949, "amount": 2.7, "side": "sell", "timestamp": 1765842802360}, {"id": "707526147", "price": 1.895, "amount": 67.1, "side": "buy", "timestamp": 1765842802425}, {"id": "707526148", "price": 1.895, "amount": 30440.6, "side": "sell", "timestamp": 1765842802429}, {"id": "707526149", "price": 1.8949, "amount": 3.9, "side": "sell", "timestamp": 1765842802529}, {"id": "707526150", "price": 1.895, "amount": 878.3, "side": "buy", "timestamp": 1765842802740}, {"id": "707526151", "price": 1.8951, "amount": 175.4, "side": "buy", "timestamp": 1765842802793}, {"id": "707526152", "price": 1.8951, "amount": 59.6, "side": "sell", "timestamp": 1765842803085}, {"id": "707526153", "price": 1.8951, "amount": 525.6, "side": "sell", "timestamp": 1765842803396}, {"id": "707526154", "price": 1.8951, "amount": 8.0, "side": "sell", "timestamp": 1765842803627}, {"id": "707526155", "price": 1.8951, "amount": 553.9, "side": "sell", "timestamp": 1765842803981}, {"id": "707526156", "price": 1.8951, "amount": 44.6, "side": "sell", "timestamp": 1765842804106}, {"id": "707526157", "price": 1.8952, "amount": 15.8, "side": "buy", "timestamp": 1765842804385}, {"id": "707526256", "price": 1.8954, "amount": 39.6, "side": "buy", "timestamp": 1765842843309}, {"id": "707526257", "price": 1.8953, "amount": 63.4, "side": "sell", "timestamp": 1765842843385}, {"id": "707526258", "price": 1.8954, "amount": 54.7, "side": "buy", "timestamp": 1765842843922}, {"id": "707526259", "price": 1.8954, "amount": 1003.9, "side": "buy", "timestamp": 1765842844076}, {"id": "707526260", "price": 1.8953, "amount": 37.2, "side": "sell", "timestamp": 1765842844107}, {"id": "707526261", "price": 1.8954, "amount": 40.7, "side": "buy", "timestamp": 1765842844487}, {"id": "707526262", "price": 1.8954, "amount": 10.1, "side": "buy", "timestamp": 1765842844734}, {"id": "707526263", "price": 1.8954, "amount": 100.9, "side": "buy", "timestamp": 1765842844894}, {"id": "707526264", "price": 1.8954, "amount": 25.1, "side": "buy", "timestamp": 1765842845075}, {"id": "707526265", "price": 1.8953, "amount": 37.2, "side": "sell", "timestamp": 1765842845109}, {"id": "707526266", "price": 1.8954, "amount": 10.7, "side": "buy", "timestamp": 1765842845277}, {"id": "707526267", "price": 1.8953, "amount": 4.3, "side": "sell", "timestamp": 1765842845422}, {"id": "707526268", "price": 1.8954, "amount": 3.3, "side": "buy", "timestamp": 1765842845583}, {"id": "707526269", "price": 1.8953, "amount": 4.1, "side": "sell", "timestamp": 1765842845708}, {"id": "707526270", "price": 1.8953, "amount": 44.6, "side": "sell", "timestamp": 1765842846108}, {"id": "707526271", "price": 1.8953, "amount": 6.8, "side": "sell", "timestamp": 1765842846446}, {"id": "707526272", "price": 1.8953, "amount": 8.4, "side": "sell", "timestamp": 1765842846716}, {"id": "707526273", "price": 1.8953, "amount": 37.2, "side": "sell", "timestamp": 1765842847108}, {"id": "707526274", "price": 1.8953, "amount": 37.2, "side": "sell", "timestamp": 1765842848112}, {"id": "707526275", "price": 1.8954, "amount": 5.8, "side": "buy", "timestamp": 1765842848522}, {"id": "707526276", "price": 1.8954, "amount": 1602.0, "side": "buy", "timestamp": 1765842848757}, {"id": "707526277", "price": 1.8954, "amount": 2429.7, "side": "buy", "timestamp": 1765842848921}, {"id": "707526278", "price": 1.8953, "amount": 44.6, "side": "sell", "timestamp": 1765842849112}, {"id": "707526279", "price": 1.8954, "amount": 2.8, "side": "buy", "timestamp": 1765842849709}, {"id": "707526280", "price": 1.8954, "amount": 19.9, "side": "buy", "timestamp": 1765842849946}, {"id": "707526281", "price": 1.8954, "amount": 623.1, "side": "buy", "timestamp": 1765842850056}, {"id": "707526282", "price": 1.8953, "amount": 37.2, "side": "sell", "timestamp": 1765842850111}, {"id": "707526283", "price": 1.8953, "amount": 37.2, "side": "sell", "timestamp": 1765842851111}, {"id": "707526284", "price": 1.8954, "amount": 885.6, "side": "buy", "timestamp": 1765842851276}, {"id": "707526285", "price": 1.8954, "amount": 51.6, "side": "buy", "timestamp": 1765842851395}, {"id": "707526286", "price": 1.8953, "amount": 44.6, "side": "sell", "timestamp": 1765842852113}, {"id": "707526287", "price": 1.8953, "amount": 9014.7, "side": "sell", "timestamp": 1765842852660}, {"id": "707526288", "price": 1.8952, "amount": 1855.8, "side": "sell", "timestamp": 1765842852750}, {"id": "707526289", "price": 1.8951, "amount": 37.2, "side": "sell", "timestamp": 1765842853112}, {"id": "707526290", "price": 1.8951, "amount": 168.0, "side": "sell", "timestamp": 1765842853239}, {"id": "707526291", "price": 1.8952, "amount": 2.0, "side": "buy", "timestamp": 1765842853701}, {"id": "707526292", "price": 1.8951, "amount": 37.2, "side": "sell", "timestamp": 1765842854108}, {"id": "707526293", "price": 1.8951, "amount": 44.6, "side": "sell", "timestamp": 1765842855043}, {"id": "707526294", "price": 1.8951, "amount": 17.1, "side": "sell", "timestamp": 1765842855178}, {"id": "707526295", "price": 1.8951, "amount": 40.1, "side": "sell", "timestamp": 1765842856061}, {"id": "707526296", "price": 1.8952, "amount": 52.7, "side": "buy", "timestamp": 1765842856391}, {"id": "707526297", "price": 1.8952, "amount": 7914.7, "side": "buy", "timestamp": 1765842857054}, {"id": "707526298", "price": 1.8951, "amount": 37.2, "side": "sell", "timestamp": 1765842857109}, {"id": "707526299", "price": 1.8952, "amount": 20.0, "side": "buy", "timestamp": 1765842857164}, {"id": "707526300", "price": 1.8951, "amount": 142.8, "side": "sell", "timestamp": 1765842857617}, {"id": "707526301", "price": 1.8951, "amount": 38.9, "side": "sell", "timestamp": 1765842857747}, {"id": "707526302", "price": 1.8951, "amount": 44.6, "side": "sell", "timestamp": 1765842858077}, {"id": "707526303", "price": 1.8951, "amount": 37.2, "side": "sell", "timestamp": 1765842859112}, {"id": "707526304", "price": 1.8951, "amount": 1342.7, "side": "sell", "timestamp": 1765842859810}, {"id": "707526305", "price": 1.8951, "amount": 23399.6, "side": "sell", "timestamp": 1765842860030}, {"id": "707526422", "price": 1.8964, "amount": 37.2, "side": "sell", "timestamp": 1765842904111}, {"id": "707526423", "price": 1.8965, "amount": 100.0, "side": "buy", "timestamp": 1765842904196}, {"id": "707526424", "price": 1.8965, "amount": 3.6, "side": "buy", "timestamp": 1765842904302}, {"id": "707526425", "price": 1.8965, "amount": 3.1, "side": "buy", "timestamp": 1765842904596}, {"id": "707526426", "price": 1.8965, "amount": 11.8, "side": "buy", "timestamp": 1765842904745}, {"id": "707526427", "price": 1.8964, "amount": 5.6, "side": "sell", "timestamp": 1765842904936}, {"id": "707526428", "price": 1.8964, "amount": 37.2, "side": "sell", "timestamp": 1765842905111}, {"id": "707526429", "price": 1.8965, "amount": 25.3, "side": "buy", "timestamp": 1765842905137}, {"id": "707526430", "price": 1.8965, "amount": 7.3, "side": "buy", "timestamp": 1765842905370}, {"id": "707526431", "price": 1.8965, "amount": 11.1, "side": "buy", "timestamp": 1765842905523}, {"id": "707526432", "price": 1.8964, "amount": 4.2, "side": "sell", "timestamp": 1765842905653}, {"id": "707526433", "price": 1.8965, "amount": 13621.3, "side": "buy", "timestamp": 1765842905695}, {"id": "707526434", "price": 1.8966, "amount": 3243.1, "side": "buy", "timestamp": 1765842905738}, {"id": "707526435", "price": 1.8966, "amount": 1554.4, "side": "buy", "timestamp": 1765842906024}, {"id": "707526436", "price": 1.8967, "amount": 208.2, "side": "buy", "timestamp": 1765842906027}, {"id": "707526437", "price": 1.8966, "amount": 44.6, "side": "sell", "timestamp": 1765842906112}, {"id": "707526438", "price": 1.8966, "amount": 4.9, "side": "sell", "timestamp": 1765842906349}, {"id": "707526439", "price": 1.8966, "amount": 51.6, "side": "sell", "timestamp": 1765842906665}, {"id": "707526440", "price": 1.8967, "amount": 6493.4, "side": "buy", "timestamp": 1765842907035}, {"id": "707526441", "price": 1.8968, "amount": 1323.9, "side": "buy", "timestamp": 1765842907035}, {"id": "707526442", "price": 1.8967, "amount": 37.2, "side": "sell", "timestamp": 1765842907111}, {"id": "707526443", "price": 1.8968, "amount": 39.5, "side": "buy", "timestamp": 1765842907312}, {"id": "707526444", "price": 1.8968, "amount": 30.1, "side": "buy", "timestamp": 1765842907595}, {"id": "707526445", "price": 1.8967, "amount": 3.2, "side": "sell", "timestamp": 1765842907601}, {"id": "707526446", "price": 1.8968, "amount": 133.9, "side": "buy", "timestamp": 1765842907621}, {"id": "707526447", "price": 1.8967, "amount": 52.9, "side": "sell", "timestamp": 1765842907921}, {"id": "707526448", "price": 1.8967, "amount": 17170.5, "side": "sell", "timestamp": 1765842908112}, {"id": "707526449", "price": 1.8966, "amount": 4.9, "side": "sell", "timestamp": 1765842908925}, {"id": "707526450", "price": 1.8966, "amount": 44.6, "side": "sell", "timestamp": 1765842909112}, {"id": "707526451", "price": 1.8967, "amount": 13.9, "side": "buy", "timestamp": 1765842909254}, {"id": "707526452", "price": 1.8967, "amount": 142.5, "side": "buy", "timestamp": 1765842909383}, {"id": "707526453", "price": 1.8967, "amount": 19.0, "side": "buy", "timestamp": 1765842909782}, {"id": "707526454", "price": 1.8967, "amount": 2.8, "side": "buy", "timestamp": 1765842909885}, {"id": "707526455", "price": 1.8967, "amount": 12962.4, "side": "buy", "timestamp": 1765842910081}, {"id": "707526456", "price": 1.8966, "amount": 37.2, "side": "sell", "timestamp": 1765842910111}, {"id": "707526457", "price": 1.8966, "amount": 2.7, "side": "sell", "timestamp": 1765842910665}, {"id": "707526458", "price": 1.8966, "amount": 41.3, "side": "sell", "timestamp": 1765842911106}, {"id": "707526459", "price": 1.8966, "amount": 33.7, "side": "sell", "timestamp": 1765842911455}, {"id": "707526460", "price": 1.8966, "amount": 26908.2, "side": "sell", "timestamp": 1765842911657}, {"id": "707526461", "price": 1.8965, "amount": 44.6, "side": "sell", "timestamp": 1765842912043}, {"id": "707526462", "price": 1.8966, "amount": 142.5, "side": "buy", "timestamp": 1765842912453}, {"id": "707526463", "price": 1.8965, "amount": 2499.6, "side": "sell", "timestamp": 1765842912710}, {"id": "707526464", "price": 1.8966, "amount": 26.4, "side": "buy", "timestamp": 1765842913040}, {"id": "707526465", "price": 1.8965, "amount": 37.2, "side": "sell", "timestamp": 1765842913115}, {"id": "707526466", "price": 1.8966, "amount": 4782.5, "side": "buy", "timestamp": 1765842913251}, {"id": "707526467", "price": 1.8965, "amount": 3216.8, "side": "sell", "timestamp": 1765842913758}, {"id": "707526468", "price": 1.8965, "amount": 37.2, "side": "sell", "timestamp": 1765842914115}, {"id": "707526469", "price": 1.8965, "amount": 2357.9, "side": "sell", "timestamp": 1765842914811}, {"id": "707526470", "price": 1.8965, "amount": 44.6, "side": "sell", "timestamp": 1765842915076}, {"id": "707526471", "price": 1.8966, "amount": 91.5, "side": "buy", "timestamp": 1765842915282}, {"id": "707526556", "price": 1.8963, "amount": 2801.8, "side": "sell", "timestamp": 1765842947667}, {"id": "707526557", "price": 1.8964, "amount": 239.4, "side": "buy", "timestamp": 1765842947994}, {"id": "707526558", "price": 1.8963, "amount": 383.1, "side": "sell", "timestamp": 1765842948062}, {"id": "707526559", "price": 1.8964, "amount": 31.4, "side": "buy", "timestamp": 1765842948708}, {"id": "707526560", "price": 1.8963, "amount": 2564.2, "side": "sell", "timestamp": 1765842948724}, {"id": "707526561", "price": 1.8963, "amount": 37.2, "side": "sell", "timestamp": 1765842949117}, {"id": "707526562", "price": 1.8963, "amount": 7.0, "side": "sell", "timestamp": 1765842949701}, {"id": "707526563", "price": 1.8963, "amount": 37.2, "side": "sell", "timestamp": 1765842950114}, {"id": "707526564", "price": 1.8963, "amount": 31.4, "side": "sell", "timestamp": 1765842950525}, {"id": "707526565", "price": 1.8963, "amount": 44.6, "side": "sell", "timestamp": 1765842951117}, {"id": "707526566", "price": 1.8963, "amount": 37.2, "side": "sell", "timestamp": 1765842952114}, {"id": "707526567", "price": 1.8963, "amount": 37.2, "side": "sell", "timestamp": 1765842953114}, {"id": "707526568", "price": 1.8963, "amount": 30522.0, "side": "sell", "timestamp": 1765842953215}, {"id": "707526569", "price": 1.8962, "amount": 2251.3, "side": "sell", "timestamp": 1765842953311}, {"id": "707526570", "price": 1.8961, "amount": 2.7, "side": "sell", "timestamp": 1765842953575}, {"id": "707526571", "price": 1.8962, "amount": 152.3, "side": "buy", "timestamp": 1765842953711}, {"id": "707526572", "price": 1.8962, "amount": 370.1, "side": "buy", "timestamp": 1765842953948}, {"id": "707526573", "price": 1.8961, "amount": 44.6, "side": "sell", "timestamp": 1765842954115}, {"id": "707526574", "price": 1.8961, "amount": 37.2, "side": "sell", "timestamp": 1765842955114}, {"id": "707526575", "price": 1.8961, "amount": 75.9, "side": "sell", "timestamp": 1765842955983}, {"id": "707526576", "price": 1.8961, "amount": 37.2, "side": "sell", "timestamp": 1765842956117}, {"id": "707526577", "price": 1.8961, "amount": 44.6, "side": "sell", "timestamp": 1765842957017}, {"id": "707526578", "price": 1.8961, "amount": 37.2, "side": "sell", "timestamp": 1765842958117}, {"id": "707526579", "price": 1.8962, "amount": 12.1, "side": "buy", "timestamp": 1765842958758}, {"id": "707526580", "price": 1.8961, "amount": 37.2, "side": "sell", "timestamp": 1765842959114}, {"id": "707526581", "price": 1.8961, "amount": 150.1, "side": "sell", "timestamp": 1765842959331}, {"id": "707526582", "price": 1.8961, "amount": 7.4, "side": "sell", "timestamp": 1765842960071}, {"id": "707526583", "price": 1.8962, "amount": 17.5, "side": "buy", "timestamp": 1765842961119}, {"id": "707526584", "price": 1.8961, "amount": 17.8, "side": "sell", "timestamp": 1765842962355}, {"id": "707526585", "price": 1.8962, "amount": 10.0, "side": "buy", "timestamp": 1765842962380}, {"id": "707526586", "price": 1.8961, "amount": 7.4, "side": "sell", "timestamp": 1765842963130}, {"id": "707526587", "price": 1.8962, "amount": 110.4, "side": "buy", "timestamp": 1765842963328}, {"id": "707526588", "price": 1.8962, "amount": 131.8, "side": "buy", "timestamp": 1765842964405}, {"id": "707526589", "price": 1.8962, "amount": 3.5, "side": "buy", "timestamp": 1765842965046}, {"id": "707526590", "price": 1.8962, "amount": 14.5, "side": "buy", "timestamp": 1765842965212}, {"id": "707526591", "price": 1.8962, "amount": 12.1, "side": "buy", "timestamp": 1765842965472}, {"id": "707526592", "price": 1.8962, "amount": 5.9, "side": "buy", "timestamp": 1765842965745}, {"id": "707526593", "price": 1.8962, "amount": 420.1, "side": "buy", "timestamp": 1765842965877}, {"id": "707526594", "price": 1.8961, "amount": 7.4, "side": "sell", "timestamp": 1765842966163}, {"id": "707526595", "price": 1.8961, "amount": 10.2, "side": "sell", "timestamp": 1765842967002}, {"id": "707526596", "price": 1.8961, "amount": 2487.6, "side": "sell", "timestamp": 1765842967179}, {"id": "707526597", "price": 1.8961, "amount": 20850.0, "side": "sell", "timestamp": 1765842968326}, {"id": "707526598", "price": 1.8962, "amount": 16.3, "side": "buy", "timestamp": 1765842968590}, {"id": "707526599", "price": 1.8962, "amount": 84.7, "side": "buy", "timestamp": 1765842969128}, {"id": "707526600", "price": 1.8961, "amount": 7.4, "side": "sell", "timestamp": 1765842969184}, {"id": "707526601", "price": 1.8962, "amount": 43.3, "side": "buy", "timestamp": 1765842969858}, {"id": "707526602", "price": 1.8962, "amount": 8.2, "side": "buy", "timestamp": 1765842970092}, {"id": "707526603", "price": 1.8962, "amount": 153.1, "side": "buy", "timestamp": 1765842970284}, {"id": "707526604", "price": 1.8962, "amount": 527.3, "side": "buy", "timestamp": 1765842970528}, {"id": "707526605", "price": 1.8961, "amount": 13.1, "side": "sell", "timestamp": 1765842970666}, {"id": "707526716", "price": 1.8976, "amount": 26.5, "side": "sell", "timestamp": 1765843013451}, {"id": "707526717", "price": 1.8977, "amount": 48.0, "side": "buy", "timestamp": 1765843013956}, {"id": "707526718", "price": 1.8976, "amount": 34.2, "side": "sell", "timestamp": 1765843014070}, {"id": "707526719", "price": 1.8977, "amount": 856.0, "side": "buy", "timestamp": 1765843014705}, {"id": "707526720", "price": 1.8976, "amount": 33.0, "side": "sell", "timestamp": 1765843014741}, {"id": "707526721", "price": 1.8977, "amount": 59.2, "side": "buy", "timestamp": 1765843016057}, {"id": "707526722", "price": 1.8976, "amount": 86.0, "side": "sell", "timestamp": 1765843016183}, {"id": "707526723", "price": 1.8977, "amount": 37.4, "side": "buy", "timestamp": 1765843016748}, {"id": "707526724", "price": 1.8976, "amount": 7.4, "side": "sell", "timestamp": 1765843017186}, {"id": "707526725", "price": 1.8976, "amount": 6.6, "side": "sell", "timestamp": 1765843017662}, {"id": "707526726", "price": 1.8977, "amount": 381.7, "side": "buy", "timestamp": 1765843017978}, {"id": "707526727", "price": 1.8977, "amount": 7402.8, "side": "buy", "timestamp": 1765843018549}, {"id": "707526728", "price": 1.8977, "amount": 8.9, "side": "buy", "timestamp": 1765843019094}, {"id": "707526729", "price": 1.8977, "amount": 34.2, "side": "buy", "timestamp": 1765843019340}, {"id": "707526730", "price": 1.8977, "amount": 4105.3, "side": "buy", "timestamp": 1765843019607}, {"id": "707526731", "price": 1.8977, "amount": 2941.5, "side": "sell", "timestamp": 1765843019663}, {"id": "707526732", "price": 1.8978, "amount": 3.9, "side": "buy", "timestamp": 1765843019752}, {"id": "707526733", "price": 1.8977, "amount": 7.4, "side": "sell", "timestamp": 1765843020022}, {"id": "707526734", "price": 1.8977, "amount": 3177.2, "side": "sell", "timestamp": 1765843020715}, {"id": "707526735", "price": 1.8978, "amount": 16.7, "side": "buy", "timestamp": 1765843021272}, {"id": "707526736", "price": 1.8977, "amount": 207.6, "side": "sell", "timestamp": 1765843021315}, {"id": "707526737", "price": 1.8977, "amount": 2438.0, "side": "sell", "timestamp": 1765843021768}, {"id": "707526738", "price": 1.8978, "amount": 9.4, "side": "buy", "timestamp": 1765843021798}, {"id": "707526739", "price": 1.8977, "amount": 37221.2, "side": "sell", "timestamp": 1765843021919}, {"id": "707526740", "price": 1.8976, "amount": 8315.3, "side": "sell", "timestamp": 1765843021960}, {"id": "707526741", "price": 1.8975, "amount": 15613.8, "side": "sell", "timestamp": 1765843022031}, {"id": "707526742", "price": 1.8974, "amount": 17285.8, "side": "sell", "timestamp": 1765843022034}, {"id": "707526743", "price": 1.8975, "amount": 96.5, "side": "buy", "timestamp": 1765843022042}, {"id": "707526744", "price": 1.8974, "amount": 906.3, "side": "sell", "timestamp": 1765843022042}, {"id": "707526745", "price": 1.8973, "amount": 548.9, "side": "sell", "timestamp": 1765843022046}, {"id": "707526746", "price": 1.8972, "amount": 5997.7, "side": "sell", "timestamp": 1765843022103}, {"id": "707526747", "price": 1.8971, "amount": 7320.7, "side": "sell", "timestamp": 1765843022123}, {"id": "707526748", "price": 1.897, "amount": 17125.4, "side": "sell", "timestamp": 1765843022123}, {"id": "707526749", "price": 1.8971, "amount": 51.2, "side": "buy", "timestamp": 1765843022144}, {"id": "707526750", "price": 1.897, "amount": 395.0, "side": "sell", "timestamp": 1765843022209}, {"id": "707526751", "price": 1.8971, "amount": 1965.6, "side": "buy", "timestamp": 1765843022458}, {"id": "707526752", "price": 1.8972, "amount": 27.4, "side": "buy", "timestamp": 1765843022466}, {"id": "707526753", "price": 1.8973, "amount": 852.2, "side": "buy", "timestamp": 1765843022481}, {"id": "707526754", "price": 1.8974, "amount": 179.8, "side": "buy", "timestamp": 1765843022555}, {"id": "707526755", "price": 1.8973, "amount": 2278.9, "side": "sell", "timestamp": 1765843022820}, {"id": "707526756", "price": 1.8974, "amount": 2.7, "side": "buy", "timestamp": 1765843022965}, {"id": "707526757", "price": 1.8973, "amount": 7.4, "side": "sell", "timestamp": 1765843023064}, {"id": "707526758", "price": 1.8974, "amount": 16.8, "side": "buy", "timestamp": 1765843023270}, {"id": "707526759", "price": 1.8974, "amount": 4.5, "side": "sell", "timestamp": 1765843023554}, {"id": "707526760", "price": 1.8975, "amount": 1391.1, "side": "buy", "timestamp": 1765843023606}, {"id": "707526761", "price": 1.8976, "amount": 124.2, "side": "buy", "timestamp": 1765843023616}, {"id": "707526762", "price": 1.8977, "amount": 25.6, "side": "buy", "timestamp": 1765843024478}, {"id": "707526763", "price": 1.8977, "amount": 4.3, "side": "buy", "timestamp": 1765843024667}, {"id": "707526764", "price": 1.8977, "amount": 19.3, "side": "buy", "timestamp": 1765843025239}, {"id": "707526765", "price": 1.8977, "amount": 5676.8, "side": "buy", "timestamp": 1765843025511}, {"id": "707526834", "price": 1.8977, "amount": 13.1, "side": "buy", "timestamp": 1765843055506}, {"id": "707526835", "price": 1.8976, "amount": 2786.8, "side": "sell", "timestamp": 1765843055662}, {"id": "707526836", "price": 1.8976, "amount": 410.3, "side": "sell", "timestamp": 1765843056090}, {"id": "707526837", "price": 1.8976, "amount": 2674.1, "side": "sell", "timestamp": 1765843056687}, {"id": "707526838", "price": 1.8977, "amount": 748.5, "side": "buy", "timestamp": 1765843057103}, {"id": "707526839", "price": 1.8976, "amount": 6.6, "side": "sell", "timestamp": 1765843057248}, {"id": "707526840", "price": 1.8976, "amount": 13.1, "side": "sell", "timestamp": 1765843057435}, {"id": "707526841", "price": 1.8976, "amount": 6335.4, "side": "sell", "timestamp": 1765843057766}, {"id": "707526842", "price": 1.8976, "amount": 300.0, "side": "sell", "timestamp": 1765843058380}, {"id": "707526843", "price": 1.8976, "amount": 2474.4, "side": "sell", "timestamp": 1765843058817}, {"id": "707526844", "price": 1.8976, "amount": 7.4, "side": "sell", "timestamp": 1765843059127}, {"id": "707526845", "price": 1.8976, "amount": 158.2, "side": "sell", "timestamp": 1765843060028}, {"id": "707526846", "price": 1.8977, "amount": 6.5, "side": "buy", "timestamp": 1765843060804}, {"id": "707526847", "price": 1.8976, "amount": 221.3, "side": "sell", "timestamp": 1765843060969}, {"id": "707526848", "price": 1.8977, "amount": 583.0, "side": "buy", "timestamp": 1765843061786}, {"id": "707526849", "price": 1.8976, "amount": 7.4, "side": "sell", "timestamp": 1765843062193}, {"id": "707526850", "price": 1.8976, "amount": 7.4, "side": "sell", "timestamp": 1765843065010}, {"id": "707526851", "price": 1.8976, "amount": 4.8, "side": "sell", "timestamp": 1765843065435}, {"id": "707526852", "price": 1.8976, "amount": 7.6, "side": "sell", "timestamp": 1765843066700}, {"id": "707526853", "price": 1.8976, "amount": 13624.0, "side": "sell", "timestamp": 1765843066824}, {"id": "707526854", "price": 1.8975, "amount": 880.2, "side": "sell", "timestamp": 1765843066835}, {"id": "707526855", "price": 1.8974, "amount": 5884.7, "side": "sell", "timestamp": 1765843066835}, {"id": "707526856", "price": 1.8973, "amount": 14315.1, "side": "sell", "timestamp": 1765843066835}, {"id": "707526857", "price": 1.8972, "amount": 21.0, "side": "sell", "timestamp": 1765843067308}, {"id": "707526858", "price": 1.8973, "amount": 21.0, "side": "buy", "timestamp": 1765843067719}, {"id": "707526859", "price": 1.8972, "amount": 7.4, "side": "sell", "timestamp": 1765843068073}, {"id": "707526860", "price": 1.8972, "amount": 8.8, "side": "sell", "timestamp": 1765843069123}, {"id": "707526861", "price": 1.8973, "amount": 474.2, "side": "buy", "timestamp": 1765843069157}, {"id": "707526862", "price": 1.8973, "amount": 75.9, "side": "buy", "timestamp": 1765843069600}, {"id": "707526863", "price": 1.8972, "amount": 4.8, "side": "sell", "timestamp": 1765843069746}, {"id": "707526864", "price": 1.8972, "amount": 8.9, "side": "sell", "timestamp": 1765843070188}, {"id": "707526865", "price": 1.8973, "amount": 5.0, "side": "buy", "timestamp": 1765843071063}, {"id": "707526866", "price": 1.8972, "amount": 7.4, "side": "sell", "timestamp": 1765843071090}, {"id": "707526867", "price": 1.8973, "amount": 19.6, "side": "buy", "timestamp": 1765843071216}, {"id": "707526868", "price": 1.8972, "amount": 40.0, "side": "sell", "timestamp": 1765843072594}, {"id": "707526869", "price": 1.8972, "amount": 7.4, "side": "sell", "timestamp": 1765843074123}, {"id": "707526870", "price": 1.8973, "amount": 66.2, "side": "buy", "timestamp": 1765843074422}, {"id": "707526871", "price": 1.8972, "amount": 13.9, "side": "sell", "timestamp": 1765843075555}, {"id": "707526872", "price": 1.8973, "amount": 329.4, "side": "buy", "timestamp": 1765843076936}, {"id": "707526873", "price": 1.8972, "amount": 15.8, "side": "sell", "timestamp": 1765843077167}, {"id": "707526874", "price": 1.8972, "amount": 3.2, "side": "sell", "timestamp": 1765843077381}, {"id": "707526875", "price": 1.8972, "amount": 524.0, "side": "sell", "timestamp": 1765843077973}, {"id": "707526876", "price": 1.8972, "amount": 4.4, "side": "sell", "timestamp": 1765843079214}, {"id": "707526877", "price": 1.8972, "amount": 7.3, "side": "sell", "timestamp": 1765843079795}, {"id": "707526878", "price": 1.8972, "amount": 12.4, "side": "sell", "timestamp": 1765843080192}, {"id": "707526879", "price": 1.8972, "amount": 10.1, "side": "sell", "timestamp": 1765843080419}, {"id": "707526880", "price": 1.8973, "amount": 26.3, "side": "buy", "timestamp": 1765843080460}, {"id": "707526881", "price": 1.8972, "amount": 95.9, "side": "sell", "timestamp": 1765843081042}, {"id": "707526882", "price": 1.8973, "amount": 5.6, "side": "buy", "timestamp": 1765843081111}, {"id": "707526883", "price": 1.8973, "amount": 131.1, "side": "buy", "timestamp": 1765843081489}, {"id": "707526951", "price": 1.8974, "amount": 7399.7, "side": "sell", "timestamp": 1765843112401}, {"id": "707526952", "price": 1.8974, "amount": 96.3, "side": "buy", "timestamp": 1765843112428}, {"id": "707526953", "price": 1.8973, "amount": 1055.2, "side": "sell", "timestamp": 1765843112809}, {"id": "707526954", "price": 1.8973, "amount": 5.9, "side": "sell", "timestamp": 1765843112933}, {"id": "707526955", "price": 1.8973, "amount": 7.4, "side": "sell", "timestamp": 1765843113134}, {"id": "707526956", "price": 1.8973, "amount": 3.9, "side": "sell", "timestamp": 1765843114625}, {"id": "707526957", "price": 1.8974, "amount": 11.6, "side": "buy", "timestamp": 1765843114877}, {"id": "707526958", "price": 1.8973, "amount": 4.3, "side": "sell", "timestamp": 1765843115206}, {"id": "707526959", "price": 1.8973, "amount": 7.4, "side": "sell", "timestamp": 1765843116167}, {"id": "707526960", "price": 1.8973, "amount": 4.5, "side": "sell", "timestamp": 1765843116351}, {"id": "707526961", "price": 1.8974, "amount": 660.7, "side": "buy", "timestamp": 1765843116580}, {"id": "707526962", "price": 1.8973, "amount": 4.9, "side": "sell", "timestamp": 1765843117049}, {"id": "707526963", "price": 1.8974, "amount": 15.8, "side": "buy", "timestamp": 1765843117057}, {"id": "707526964", "price": 1.8973, "amount": 21.0, "side": "sell", "timestamp": 1765843117563}, {"id": "707526965", "price": 1.8974, "amount": 21.0, "side": "buy", "timestamp": 1765843117974}, {"id": "707526966", "price": 1.8973, "amount": 4.3, "side": "sell", "timestamp": 1765843118614}, {"id": "707526967", "price": 1.8973, "amount": 7.4, "side": "sell", "timestamp": 1765843119183}, {"id": "707526968", "price": 1.8974, "amount": 60.3, "side": "buy", "timestamp": 1765843119894}, {"id": "707526969", "price": 1.8974, "amount": 4.2, "side": "buy", "timestamp": 1765843120064}, {"id": "707526970", "price": 1.8974, "amount": 2030.0, "side": "buy", "timestamp": 1765843120373}, {"id": "707526971", "price": 1.8974, "amount": 657.6, "side": "buy", "timestamp": 1765843120537}, {"id": "707526972", "price": 1.8973, "amount": 4.1, "side": "sell", "timestamp": 1765843120882}, {"id": "707526973", "price": 1.8973, "amount": 8.2, "side": "sell", "timestamp": 1765843121158}, {"id": "707526974", "price": 1.8973, "amount": 2.7, "side": "sell", "timestamp": 1765843121288}, {"id": "707526975", "price": 1.8973, "amount": 7.4, "side": "sell", "timestamp": 1765843122195}, {"id": "707526976", "price": 1.8973, "amount": 2.9, "side": "sell", "timestamp": 1765843122933}, {"id": "707526977", "price": 1.8974, "amount": 109.0, "side": "buy", "timestamp": 1765843123081}, {"id": "707526978", "price": 1.8973, "amount": 4.3, "side": "sell", "timestamp": 1765843123934}, {"id": "707526979", "price": 1.8974, "amount": 169.8, "side": "buy", "timestamp": 1765843124500}, {"id": "707526980", "price": 1.8974, "amount": 564.3, "side": "buy", "timestamp": 1765843124852}, {"id": "707526981", "price": 1.8974, "amount": 10.3, "side": "sell", "timestamp": 1765843124943}, {"id": "707526982", "price": 1.8974, "amount": 3.2, "side": "sell", "timestamp": 1765843125400}, {"id": "707526983", "price": 1.8975, "amount": 25.5, "side": "buy", "timestamp": 1765843125972}, {"id": "707526984", "price": 1.8975, "amount": 43.2, "side": "buy", "timestamp": 1765843126102}, {"id": "707526985", "price": 1.8974, "amount": 8.0, "side": "sell", "timestamp": 1765843127283}, {"id": "707526986", "price": 1.8974, "amount": 2978.0, "side": "sell", "timestamp": 1765843127631}, {"id": "707526987", "price": 1.8974, "amount": 7.4, "side": "sell", "timestamp": 1765843128020}, {"id": "707526988", "price": 1.8975, "amount": 647.2, "side": "buy", "timestamp": 1765843128564}, {"id": "707526989", "price": 1.8974, "amount": 10215.6, "side": "sell", "timestamp": 1765843128684}, {"id": "707526990", "price": 1.8974, "amount": 4777.0, "side": "sell", "timestamp": 1765843129207}, {"id": "707526991", "price": 1.8973, "amount": 2455.9, "side": "sell", "timestamp": 1765843129734}, {"id": "707526992", "price": 1.8973, "amount": 774.3, "side": "sell", "timestamp": 1765843130784}, {"id": "707526993", "price": 1.8973, "amount": 7.4, "side": "sell", "timestamp": 1765843131059}, {"id": "707526994", "price": 1.8973, "amount": 5194.3, "side": "sell", "timestamp": 1765843131455}, {"id": "707526995", "price": 1.8973, "amount": 105.5, "side": "sell", "timestamp": 1765843131716}, {"id": "707526996", "price": 1.8974, "amount": 194.0, "side": "buy", "timestamp": 1765843133860}, {"id": "707526997", "price": 1.8973, "amount": 7.4, "side": "sell", "timestamp": 1765843134080}, {"id": "707526998", "price": 1.8973, "amount": 267.7, "side": "sell", "timestamp": 1765843135069}, {"id": "707526999", "price": 1.8973, "amount": 152.9, "side": "sell", "timestamp": 1765843136460}, {"id": "707527000", "price": 1.8973, "amount": 7.4, "side": "sell", "timestamp": 1765843137097}, {"id": "707527079", "price": 1.8959, "amount": 4.8, "side": "sell", "timestamp": 1765843169256}, {"id": "707527080", "price": 1.896, "amount": 50.0, "side": "buy", "timestamp": 1765843170048}, {"id": "707527081", "price": 1.8959, "amount": 7.4, "side": "sell", "timestamp": 1765843170203}, {"id": "707527082", "price": 1.8959, "amount": 132.1, "side": "sell", "timestamp": 1765843170735}, {"id": "707527083", "price": 1.896, "amount": 2.8, "side": "buy", "timestamp": 1765843170961}, {"id": "707527084", "price": 1.896, "amount": 43.7, "side": "buy", "timestamp": 1765843171093}, {"id": "707527085", "price": 1.8959, "amount": 10.5, "side": "sell", "timestamp": 1765843171364}, {"id": "707527086", "price": 1.8959, "amount": 4.8, "side": "sell", "timestamp": 1765843171622}, {"id": "707527087", "price": 1.896, "amount": 23247.1, "side": "buy", "timestamp": 1765843171820}, {"id": "707527088", "price": 1.8961, "amount": 10476.4, "side": "buy", "timestamp": 1765843171875}, {"id": "707527089", "price": 1.8962, "amount": 6364.9, "side": "buy", "timestamp": 1765843171877}, {"id": "707527090", "price": 1.8962, "amount": 12905.8, "side": "sell", "timestamp": 1765843171906}, {"id": "707527091", "price": 1.8961, "amount": 7.4, "side": "sell", "timestamp": 1765843171998}, {"id": "707527092", "price": 1.8962, "amount": 26.8, "side": "buy", "timestamp": 1765843172138}, {"id": "707527093", "price": 1.8961, "amount": 869.2, "side": "sell", "timestamp": 1765843172705}, {"id": "707527094", "price": 1.8961, "amount": 7.4, "side": "sell", "timestamp": 1765843173114}, {"id": "707527095", "price": 1.8962, "amount": 932.4, "side": "buy", "timestamp": 1765843173343}, {"id": "707527096", "price": 1.8962, "amount": 79.9, "side": "buy", "timestamp": 1765843174895}, {"id": "707527097", "price": 1.8961, "amount": 4.9, "side": "sell", "timestamp": 1765843174931}, {"id": "707527098", "price": 1.8961, "amount": 703.6, "side": "sell", "timestamp": 1765843176174}, {"id": "707527099", "price": 1.8962, "amount": 1020.2, "side": "buy", "timestamp": 1765843176367}, {"id": "707527100", "price": 1.8962, "amount": 1785.8, "side": "buy", "timestamp": 1765843176767}, {"id": "707527101", "price": 1.8963, "amount": 1101.1, "side": "buy", "timestamp": 1765843177149}, {"id": "707527102", "price": 1.8964, "amount": 15.8, "side": "buy", "timestamp": 1765843177795}, {"id": "707527103", "price": 1.8963, "amount": 90.0, "side": "sell", "timestamp": 1765843177885}, {"id": "707527104", "price": 1.8963, "amount": 7.4, "side": "sell", "timestamp": 1765843179189}, {"id": "707527105", "price": 1.8963, "amount": 5.7, "side": "sell", "timestamp": 1765843179708}, {"id": "707527106", "price": 1.8963, "amount": 10.0, "side": "sell", "timestamp": 1765843179873}, {"id": "707527107", "price": 1.8963, "amount": 13.1, "side": "sell", "timestamp": 1765843181297}, {"id": "707527108", "price": 1.8964, "amount": 6.3, "side": "buy", "timestamp": 1765843181716}, {"id": "707527109", "price": 1.8963, "amount": 167.4, "side": "sell", "timestamp": 1765843182061}, {"id": "707527110", "price": 1.8964, "amount": 109.9, "side": "buy", "timestamp": 1765843182901}, {"id": "707527111", "price": 1.8963, "amount": 10.6, "side": "sell", "timestamp": 1765843184990}, {"id": "707527112", "price": 1.8963, "amount": 4.7, "side": "sell", "timestamp": 1765843185145}, {"id": "707527113", "price": 1.8964, "amount": 35.8, "side": "buy", "timestamp": 1765843186159}, {"id": "707527114", "price": 1.8964, "amount": 2000.0, "side": "buy", "timestamp": 1765843186741}, {"id": "707527115", "price": 1.8964, "amount": 727.0, "side": "buy", "timestamp": 1765843186935}, {"id": "707527116", "price": 1.8964, "amount": 2180.7, "side": "sell", "timestamp": 1765843186979}, {"id": "707527117", "price": 1.8964, "amount": 21.4, "side": "sell", "timestamp": 1765843188014}, {"id": "707527118", "price": 1.8965, "amount": 33.1, "side": "buy", "timestamp": 1765843189472}, {"id": "707527119", "price": 1.8965, "amount": 29.7, "side": "buy", "timestamp": 1765843189580}, {"id": "707527120", "price": 1.8964, "amount": 1827.4, "side": "sell", "timestamp": 1765843189827}, {"id": "707527121", "price": 1.8964, "amount": 2181.1, "side": "sell", "timestamp": 1765843189952}, {"id": "707527122", "price": 1.8965, "amount": 73.1, "side": "buy", "timestamp": 1765843190010}, {"id": "707527123", "price": 1.8964, "amount": 5.8, "side": "sell", "timestamp": 1765843190710}, {"id": "707527124", "price": 1.8964, "amount": 7.4, "side": "sell", "timestamp": 1765843191188}, {"id": "707527125", "price": 1.8965, "amount": 10.1, "side": "buy", "timestamp": 1765843191422}, {"id": "707527126", "price": 1.8965, "amount": 506.6, "side": "buy", "timestamp": 1765843192566}, {"id": "707527127", "price": 1.8964, "amount": 15.2, "side": "sell", "timestamp": 1765843193546}, {"id": "707527128", "price": 1.8964, "amount": 7.4, "side": "sell", "timestamp": 1765843194029}]