[{"id": "528228164", "price": 13.29, "amount": 2.0, "side": "sell", "timestamp": 1764999769801}, {"id": "528228165", "price": 13.291, "amount": 96.0, "side": "buy", "timestamp": 1764999770247}, {"id": "528228166", "price": 13.29, "amount": 1.0, "side": "sell", "timestamp": 1764999771365}, {"id": "528228167", "price": 13.291, "amount": 100.0, "side": "buy", "timestamp": 1764999772111}, {"id": "528228168", "price": 13.29, "amount": 3.0, "side": "sell", "timestamp": 1764999775934}, {"id": "528228169", "price": 13.29, "amount": 7.0, "side": "sell", "timestamp": 1764999777218}, {"id": "528228170", "price": 13.291, "amount": 2.0, "side": "buy", "timestamp": 1764999778579}, {"id": "528228171", "price": 13.29, "amount": 1.0, "side": "sell", "timestamp": 1764999779565}, {"id": "528228172", "price": 13.291, "amount": 40.0, "side": "buy", "timestamp": 1764999781539}, {"id": "528228173", "price": 13.291, "amount": 1.0, "side": "sell", "timestamp": 1764999781711}, {"id": "528228174", "price": 13.292, "amount": 2.0, "side": "buy", "timestamp": 1764999784770}, {"id": "528228175", "price": 13.292, "amount": 2.0, "side": "buy", "timestamp": 1764999784931}, {"id": "528228176", "price": 13.292, "amount": 1.0, "side": "buy", "timestamp": 1764999785445}, {"id": "528228177", "price": 13.291, "amount": 2.0, "side": "sell", "timestamp": 1764999788089}, {"id": "528228178", "price": 13.292, "amount": 6.0, "side": "buy", "timestamp": 1764999789739}, {"id": "528228179", "price": 13.292, "amount": 1.0, "side": "buy", "timestamp": 1764999791670}, {"id": "528228180", "price": 13.292, "amount": 1.0, "side": "buy", "timestamp": 1764999792743}, {"id": "528228181", "price": 13.291, "amount": 1.0, "side": "sell", "timestamp": 1764999792951}, {"id": "528228182", "price": 13.292, "amount": 188.0, "side": "buy", "timestamp": 1764999794231}, {"id": "528228183", "price": 13.291, "amount": 1.0, "side": "sell", "timestamp": 1764999794812}, {"id": "528228184", "price": 13.291, "amount": 1.0, "side": "sell", "timestamp": 1764999798960}, {"id": "528228185", "price": 13.292, "amount": 1.0, "side": "buy", "timestamp": 1764999801528}, {"id": "528228186", "price": 13.291, "amount": 2.0, "side": "sell", "timestamp": 1764999807156}, {"id": "528228187", "price": 13.291, "amount": 4.0, "side": "sell", "timestamp": 1764999808593}, {"id": "528228188", "price": 13.292, "amount": 2.0, "side": "buy", "timestamp": 1764999808886}, {"id": "528228189", "price": 13.292, "amount": 10.0, "side": "buy", "timestamp": 1764999809272}, {"id": "528228190", "price": 13.291, "amount": 7.0, "side": "sell", "timestamp": 1764999809466}, {"id": "528228191", "price": 13.291, "amount": 1.0, "side": "sell", "timestamp": 1764999809841}, {"id": "528228192", "price": 13.291, "amount": 1.0, "side": "sell", "timestamp": 1764999810138}, {"id": "528228193", "price": 13.291, "amount": 1.0, "side": "sell", "timestamp": 1764999811432}, {"id": "528228194", "price": 13.292, "amount": 1.0, "side": "buy", "timestamp": 1764999811837}, {"id": "528228195", "price": 13.292, "amount": 82.0, "side": "buy", "timestamp": 1764999816617}, {"id": "528228196", "price": 13.291, "amount": 9.0, "side": "sell", "timestamp": 1764999819646}, {"id": "528228197", "price": 13.291, "amount": 1.0, "side": "sell", "timestamp": 1764999823429}, {"id": "528228198", "price": 13.291, "amount": 1.0, "side": "sell", "timestamp": 1764999826781}, {"id": "528228199", "price": 13.291, "amount": 1.0, "side": "sell", "timestamp": 1764999828111}, {"id": "528228200", "price": 13.292, "amount": 30.0, "side": "buy", "timestamp": 1764999832129}, {"id": "528228201", "price": 13.291, "amount": 8.0, "side": "sell", "timestamp": 1764999832200}, {"id": "528228202", "price": 13.292, "amount": 73.0, "side": "buy", "timestamp": 1764999832808}, {"id": "528228203", "price": 13.293, "amount": 67.0, "side": "buy", "timestamp": 1764999835849}, {"id": "528228204", "price": 13.292, "amount": 7.0, "side": "sell", "timestamp": 1764999837323}, {"id": "528228205", "price": 13.293, "amount": 140.0, "side": "buy", "timestamp": 1764999837830}, {"id": "528228206", "price": 13.294, "amount": 1.0, "side": "buy", "timestamp": 1764999838059}, {"id": "528228207", "price": 13.294, "amount": 1.0, "side": "buy", "timestamp": 1764999838930}, {"id": "528228208", "price": 13.293, "amount": 602.0, "side": "sell", "timestamp": 1764999842657}, {"id": "528228209", "price": 13.293, "amount": 2.0, "side": "buy", "timestamp": 1764999842713}, {"id": "528228210", "price": 13.292, "amount": 23.0, "side": "sell", "timestamp": 1764999842932}, {"id": "528228211", "price": 13.291, "amount": 321.0, "side": "sell", "timestamp": 1764999843304}, {"id": "528228212", "price": 13.29, "amount": 1.0, "side": "sell", "timestamp": 1764999843325}, {"id": "528228213", "price": 13.29, "amount": 1.0, "side": "sell", "timestamp": 1764999843585}, {"id": "528228201", "price": 13.291, "amount": 8.0, "side": "sell", "timestamp": 1764999832200}, {"id": "528228202", "price": 13.292, "amount": 73.0, "side": "buy", "timestamp": 1764999832808}, {"id": "528228203", "price": 13.293, "amount": 67.0, "side": "buy", "timestamp": 1764999835849}, {"id": "528228204", "price": 13.292, "amount": 7.0, "side": "sell", "timestamp": 1764999837323}, {"id": "528228205", "price": 13.293, "amount": 140.0, "side": "buy", "timestamp": 1764999837830}, {"id": "528228206", "price": 13.294, "amount": 1.0, "side": "buy", "timestamp": 1764999838059}, {"id": "528228207", "price": 13.294, "amount": 1.0, "side": "buy", "timestamp": 1764999838930}, {"id": "528228208", "price": 13.293, "amount": 602.0, "side": "sell", "timestamp": 1764999842657}, {"id": "528228209", "price": 13.293, "amount": 2.0, "side": "buy", "timestamp": 1764999842713}, {"id": "528228210", "price": 13.292, "amount": 23.0, "side": "sell", "timestamp": 1764999842932}, {"id": "528228211", "price": 13.291, "amount": 321.0, "side": "sell", "timestamp": 1764999843304}, {"id": "528228212", "price": 13.29, "amount": 1.0, "side": "sell", "timestamp": 1764999843325}, {"id": "528228213", "price": 13.29, "amount": 1.0, "side": "sell", "timestamp": 1764999843585}, {"id": "528228214", "price": 13.29, "amount": 906.0, "side": "sell", "timestamp": 1764999844822}, {"id": "528228215", "price": 13.289, "amount": 476.0, "side": "sell", "timestamp": 1764999844825}, {"id": "528228216", "price": 13.288, "amount": 55.0, "side": "sell", "timestamp": 1764999844830}, {"id": "528228217", "price": 13.287, "amount": 1.0, "side": "sell", "timestamp": 1764999845876}, {"id": "528228218", "price": 13.287, "amount": 1.0, "side": "sell", "timestamp": 1764999846098}, {"id": "528228219", "price": 13.287, "amount": 1.0, "side": "sell", "timestamp": 1764999850074}, {"id": "528228220", "price": 13.288, "amount": 4.0, "side": "buy", "timestamp": 1764999852953}, {"id": "528228221", "price": 13.288, "amount": 1.0, "side": "buy", "timestamp": 1764999854966}, {"id": "528228222", "price": 13.287, "amount": 1.0, "side": "sell", "timestamp": 1764999855097}, {"id": "528228223", "price": 13.287, "amount": 2.0, "side": "sell", "timestamp": 1764999855642}, {"id": "528228224", "price": 13.288, "amount": 1.0, "side": "buy", "timestamp": 1764999857545}, {"id": "528228225", "price": 13.287, "amount": 79.0, "side": "sell", "timestamp": 1764999857706}, {"id": "528228226", "price": 13.287, "amount": 1.0, "side": "sell", "timestamp": 1764999858824}, {"id": "528228227", "price": 13.287, "amount": 1.0, "side": "sell", "timestamp": 1764999859746}, {"id": "528228228", "price": 13.288, "amount": 1.0, "side": "buy", "timestamp": 1764999859997}, {"id": "528228229", "price": 13.287, "amount": 1.0, "side": "sell", "timestamp": 1764999861722}, {"id": "528228230", "price": 13.287, "amount": 1.0, "side": "sell", "timestamp": 1764999863666}, {"id": "528228231", "price": 13.288, "amount": 1.0, "side": "buy", "timestamp": 1764999864904}, {"id": "528228232", "price": 13.287, "amount": 1.0, "side": "sell", "timestamp": 1764999865079}, {"id": "528228233", "price": 13.287, "amount": 1.0, "side": "sell", "timestamp": 1764999868062}, {"id": "528228234", "price": 13.287, "amount": 9.0, "side": "sell", "timestamp": 1764999868974}, {"id": "528228235", "price": 13.287, "amount": 1.0, "side": "sell", "timestamp": 1764999869835}, {"id": "528228236", "price": 13.288, "amount": 1.0, "side": "buy", "timestamp": 1764999869897}, {"id": "528228237", "price": 13.288, "amount": 125.0, "side": "buy", "timestamp": 1764999870703}, {"id": "528228238", "price": 13.289, "amount": 471.0, "side": "buy", "timestamp": 1764999870703}, {"id": "528228239", "price": 13.29, "amount": 4660.0, "side": "buy", "timestamp": 1764999870703}, {"id": "528228240", "price": 13.291, "amount": 218.0, "side": "buy", "timestamp": 1764999870704}, {"id": "528228241", "price": 13.292, "amount": 280.0, "side": "buy", "timestamp": 1764999870707}, {"id": "528228242", "price": 13.293, "amount": 160.0, "side": "buy", "timestamp": 1764999870709}, {"id": "528228243", "price": 13.293, "amount": 436.0, "side": "sell", "timestamp": 1764999870737}, {"id": "528228244", "price": 13.292, "amount": 12.0, "side": "sell", "timestamp": 1764999870821}, {"id": "528228245", "price": 13.291, "amount": 7.0, "side": "sell", "timestamp": 1764999870824}, {"id": "528228246", "price": 13.291, "amount": 3.0, "side": "buy", "timestamp": 1764999883593}, {"id": "528228247", "price": 13.291, "amount": 39.0, "side": "buy", "timestamp": 1764999889564}, {"id": "528228248", "price": 13.292, "amount": 23.0, "side": "buy", "timestamp": 1764999889579}, {"id": "528228249", "price": 13.292, "amount": 181.0, "side": "sell", "timestamp": 1764999893481}, {"id": "528228250", "price": 13.291, "amount": 1.0, "side": "sell", "timestamp": 1764999893554}, {"id": "528228235", "price": 13.287, "amount": 1.0, "side": "sell", "timestamp": 1764999869835}, {"id": "528228236", "price": 13.288, "amount": 1.0, "side": "buy", "timestamp": 1764999869897}, {"id": "528228237", "price": 13.288, "amount": 125.0, "side": "buy", "timestamp": 1764999870703}, {"id": "528228238", "price": 13.289, "amount": 471.0, "side": "buy", "timestamp": 1764999870703}, {"id": "528228239", "price": 13.29, "amount": 4660.0, "side": "buy", "timestamp": 1764999870703}, {"id": "528228240", "price": 13.291, "amount": 218.0, "side": "buy", "timestamp": 1764999870704}, {"id": "528228241", "price": 13.292, "amount": 280.0, "side": "buy", "timestamp": 1764999870707}, {"id": "528228242", "price": 13.293, "amount": 160.0, "side": "buy", "timestamp": 1764999870709}, {"id": "528228243", "price": 13.293, "amount": 436.0, "side": "sell", "timestamp": 1764999870737}, {"id": "528228244", "price": 13.292, "amount": 12.0, "side": "sell", "timestamp": 1764999870821}, {"id": "528228245", "price": 13.291, "amount": 7.0, "side": "sell", "timestamp": 1764999870824}, {"id": "528228246", "price": 13.291, "amount": 3.0, "side": "buy", "timestamp": 1764999883593}, {"id": "528228247", "price": 13.291, "amount": 39.0, "side": "buy", "timestamp": 1764999889564}, {"id": "528228248", "price": 13.292, "amount": 23.0, "side": "buy", "timestamp": 1764999889579}, {"id": "528228249", "price": 13.292, "amount": 181.0, "side": "sell", "timestamp": 1764999893481}, {"id": "528228250", "price": 13.291, "amount": 1.0, "side": "sell", "timestamp": 1764999893554}, {"id": "528228251", "price": 13.291, "amount": 4.0, "side": "buy", "timestamp": 1764999897072}, {"id": "528228252", "price": 13.291, "amount": 7.0, "side": "buy", "timestamp": 1764999897805}, {"id": "528228253", "price": 13.29, "amount": 1.0, "side": "sell", "timestamp": 1764999899665}, {"id": "528228254", "price": 13.29, "amount": 1.0, "side": "sell", "timestamp": 1764999901164}, {"id": "528228255", "price": 13.29, "amount": 311.0, "side": "sell", "timestamp": 1764999904509}, {"id": "528228256", "price": 13.291, "amount": 1.0, "side": "buy", "timestamp": 1764999905468}, {"id": "528228257", "price": 13.29, "amount": 337.0, "side": "sell", "timestamp": 1764999905471}, {"id": "528228258", "price": 13.289, "amount": 196.0, "side": "sell", "timestamp": 1764999905525}, {"id": "528228259", "price": 13.288, "amount": 346.0, "side": "sell", "timestamp": 1764999905528}, {"id": "528228260", "price": 13.287, "amount": 1.0, "side": "sell", "timestamp": 1764999910099}, {"id": "528228261", "price": 13.288, "amount": 1.0, "side": "buy", "timestamp": 1764999913142}, {"id": "528228262", "price": 13.287, "amount": 1.0, "side": "sell", "timestamp": 1764999914946}, {"id": "528228263", "price": 13.288, "amount": 10.0, "side": "buy", "timestamp": 1764999917020}, {"id": "528228264", "price": 13.288, "amount": 1.0, "side": "buy", "timestamp": 1764999917279}, {"id": "528228265", "price": 13.287, "amount": 1.0, "side": "sell", "timestamp": 1764999917550}, {"id": "528228266", "price": 13.288, "amount": 1.0, "side": "buy", "timestamp": 1764999918458}, {"id": "528228267", "price": 13.288, "amount": 1.0, "side": "buy", "timestamp": 1764999919905}, {"id": "528228268", "price": 13.287, "amount": 1.0, "side": "sell", "timestamp": 1764999920062}, {"id": "528228269", "price": 13.287, "amount": 3.0, "side": "sell", "timestamp": 1764999920555}, {"id": "528228270", "price": 13.287, "amount": 1.0, "side": "sell", "timestamp": 1764999923076}, {"id": "528228271", "price": 13.287, "amount": 1.0, "side": "sell", "timestamp": 1764999924953}, {"id": "528228272", "price": 13.288, "amount": 2.0, "side": "buy", "timestamp": 1764999924998}, {"id": "528228273", "price": 13.288, "amount": 25.0, "side": "buy", "timestamp": 1764999925659}, {"id": "528228274", "price": 13.287, "amount": 1.0, "side": "sell", "timestamp": 1764999929803}, {"id": "528228275", "price": 13.288, "amount": 1.0, "side": "buy", "timestamp": 1764999929902}, {"id": "528228276", "price": 13.287, "amount": 10.0, "side": "sell", "timestamp": 1764999932099}, {"id": "528228277", "price": 13.288, "amount": 284.0, "side": "buy", "timestamp": 1764999934326}, {"id": "528228278", "price": 13.289, "amount": 1.0, "side": "buy", "timestamp": 1764999935064}, {"id": "528228279", "price": 13.288, "amount": 1.0, "side": "sell", "timestamp": 1764999935666}, {"id": "528228280", "price": 13.289, "amount": 1.0, "side": "buy", "timestamp": 1764999939897}, {"id": "528228281", "price": 13.288, "amount": 1.0, "side": "sell", "timestamp": 1764999943218}, {"id": "528228282", "price": 13.289, "amount": 276.0, "side": "buy", "timestamp": 1764999944586}, {"id": "528228283", "price": 13.29, "amount": 13.0, "side": "buy", "timestamp": 1764999946175}, {"id": "528228284", "price": 13.29, "amount": 19.0, "side": "sell", "timestamp": 1764999946883}, {"id": "528228274", "price": 13.287, "amount": 1.0, "side": "sell", "timestamp": 1764999929803}, {"id": "528228275", "price": 13.288, "amount": 1.0, "side": "buy", "timestamp": 1764999929902}, {"id": "528228276", "price": 13.287, "amount": 10.0, "side": "sell", "timestamp": 1764999932099}, {"id": "528228277", "price": 13.288, "amount": 284.0, "side": "buy", "timestamp": 1764999934326}, {"id": "528228278", "price": 13.289, "amount": 1.0, "side": "buy", "timestamp": 1764999935064}, {"id": "528228279", "price": 13.288, "amount": 1.0, "side": "sell", "timestamp": 1764999935666}, {"id": "528228280", "price": 13.289, "amount": 1.0, "side": "buy", "timestamp": 1764999939897}, {"id": "528228281", "price": 13.288, "amount": 1.0, "side": "sell", "timestamp": 1764999943218}, {"id": "528228282", "price": 13.289, "amount": 276.0, "side": "buy", "timestamp": 1764999944586}, {"id": "528228283", "price": 13.29, "amount": 13.0, "side": "buy", "timestamp": 1764999946175}, {"id": "528228284", "price": 13.29, "amount": 19.0, "side": "sell", "timestamp": 1764999946883}, {"id": "528228285", "price": 13.291, "amount": 1.0, "side": "buy", "timestamp": 1764999948037}, {"id": "528228286", "price": 13.29, "amount": 1.0, "side": "sell", "timestamp": 1764999948060}, {"id": "528228287", "price": 13.29, "amount": 191.0, "side": "sell", "timestamp": 1764999948606}, {"id": "528228288", "price": 13.29, "amount": 5.0, "side": "sell", "timestamp": 1764999950984}, {"id": "528228289", "price": 13.29, "amount": 386.0, "side": "sell", "timestamp": 1764999953617}, {"id": "528228290", "price": 13.289, "amount": 508.0, "side": "sell", "timestamp": 1764999955761}, {"id": "528228291", "price": 13.288, "amount": 25.0, "side": "sell", "timestamp": 1764999956195}, {"id": "528228292", "price": 13.288, "amount": 2.0, "side": "sell", "timestamp": 1764999958639}, {"id": "528228293", "price": 13.288, "amount": 42.0, "side": "sell", "timestamp": 1764999959042}, {"id": "528228294", "price": 13.288, "amount": 413.0, "side": "sell", "timestamp": 1764999960788}, {"id": "528228295", "price": 13.287, "amount": 1588.0, "side": "sell", "timestamp": 1764999960814}, {"id": "528228296", "price": 13.286, "amount": 542.0, "side": "sell", "timestamp": 1764999960911}, {"id": "528228297", "price": 13.286, "amount": 403.0, "side": "sell", "timestamp": 1764999961053}, {"id": "528228298", "price": 13.285, "amount": 108.0, "side": "sell", "timestamp": 1764999961087}, {"id": "528228299", "price": 13.284, "amount": 81.0, "side": "sell", "timestamp": 1764999961089}, {"id": "528228300", "price": 13.283, "amount": 71.0, "side": "sell", "timestamp": 1764999961873}, {"id": "528228301", "price": 13.283, "amount": 1.0, "side": "buy", "timestamp": 1764999962488}, {"id": "528228302", "price": 13.283, "amount": 1.0, "side": "buy", "timestamp": 1764999964248}, {"id": "528228303", "price": 13.283, "amount": 1.0, "side": "buy", "timestamp": 1764999964445}, {"id": "528228304", "price": 13.283, "amount": 157.0, "side": "buy", "timestamp": 1764999965081}, {"id": "528228305", "price": 13.283, "amount": 1.0, "side": "sell", "timestamp": 1764999965867}, {"id": "528228306", "price": 13.284, "amount": 289.0, "side": "buy", "timestamp": 1764999968342}, {"id": "528228307", "price": 13.285, "amount": 61.0, "side": "buy", "timestamp": 1764999968415}, {"id": "528228308", "price": 13.286, "amount": 89.0, "side": "buy", "timestamp": 1764999969112}, {"id": "528228309", "price": 13.287, "amount": 2.0, "side": "buy", "timestamp": 1764999969246}, {"id": "528228310", "price": 13.287, "amount": 1.0, "side": "sell", "timestamp": 1764999969676}, {"id": "528228311", "price": 13.287, "amount": 1.0, "side": "sell", "timestamp": 1764999971662}, {"id": "528228312", "price": 13.287, "amount": 4.0, "side": "sell", "timestamp": 1764999973041}, {"id": "528228313", "price": 13.286, "amount": 5.0, "side": "sell", "timestamp": 1764999973144}, {"id": "528228314", "price": 13.286, "amount": 2.0, "side": "buy", "timestamp": 1764999975246}, {"id": "528228315", "price": 13.286, "amount": 37.0, "side": "buy", "timestamp": 1764999976358}, {"id": "528228316", "price": 13.286, "amount": 5.0, "side": "buy", "timestamp": 1764999977263}, {"id": "528228317", "price": 13.286, "amount": 1.0, "side": "sell", "timestamp": 1764999977801}, {"id": "528228318", "price": 13.286, "amount": 1.0, "side": "sell", "timestamp": 1764999979873}, {"id": "528228319", "price": 13.287, "amount": 25.0, "side": "buy", "timestamp": 1764999982781}, {"id": "528228320", "price": 13.287, "amount": 1.0, "side": "buy", "timestamp": 1764999984053}, {"id": "528228321", "price": 13.286, "amount": 1.0, "side": "sell", "timestamp": 1764999991526}, {"id": "528228322", "price": 13.286, "amount": 21.0, "side": "sell", "timestamp": 1764999996086}, {"id": "528228323", "price": 13.286, "amount": 1.0, "side": "sell", "timestamp": 1764999997662}, {"id": "528228320", "price": 13.287, "amount": 1.0, "side": "buy", "timestamp": 1764999984053}, {"id": "528228321", "price": 13.286, "amount": 1.0, "side": "sell", "timestamp": 1764999991526}, {"id": "528228322", "price": 13.286, "amount": 21.0, "side": "sell", "timestamp": 1764999996086}, {"id": "528228323", "price": 13.286, "amount": 1.0, "side": "sell", "timestamp": 1764999997662}, {"id": "528228324", "price": 13.286, "amount": 15.0, "side": "sell", "timestamp": 1765000000994}, {"id": "528228325", "price": 13.286, "amount": 8.0, "side": "sell", "timestamp": 1765000006347}, {"id": "528228326", "price": 13.286, "amount": 1.0, "side": "sell", "timestamp": 1765000007662}, {"id": "528228327", "price": 13.286, "amount": 209.0, "side": "sell", "timestamp": 1765000010012}, {"id": "528228328", "price": 13.285, "amount": 2.0, "side": "sell", "timestamp": 1765000010016}, {"id": "528228329", "price": 13.284, "amount": 15.0, "side": "sell", "timestamp": 1765000010383}, {"id": "528228330", "price": 13.284, "amount": 21.0, "side": "buy", "timestamp": 1765000011357}, {"id": "528228331", "price": 13.284, "amount": 36.0, "side": "buy", "timestamp": 1765000011901}, {"id": "528228332", "price": 13.284, "amount": 2.0, "side": "buy", "timestamp": 1765000012932}, {"id": "528228333", "price": 13.283, "amount": 1.0, "side": "sell", "timestamp": 1765000016486}, {"id": "528228334", "price": 13.284, "amount": 327.0, "side": "buy", "timestamp": 1765000016926}, {"id": "528228335", "price": 13.283, "amount": 2.0, "side": "sell", "timestamp": 1765000017172}, {"id": "528228336", "price": 13.284, "amount": 5.0, "side": "buy", "timestamp": 1765000018691}, {"id": "528228337", "price": 13.283, "amount": 1.0, "side": "sell", "timestamp": 1765000020215}, {"id": "528228338", "price": 13.283, "amount": 1.0, "side": "sell", "timestamp": 1765000023194}, {"id": "528228339", "price": 13.283, "amount": 8.0, "side": "sell", "timestamp": 1765000023351}, {"id": "528228340", "price": 13.283, "amount": 1.0, "side": "sell", "timestamp": 1765000023646}, {"id": "528228341", "price": 13.284, "amount": 170.0, "side": "buy", "timestamp": 1765000024207}, {"id": "528228342", "price": 13.285, "amount": 2.0, "side": "buy", "timestamp": 1765000024789}, {"id": "528228343", "price": 13.285, "amount": 1.0, "side": "buy", "timestamp": 1765000025494}, {"id": "528228344", "price": 13.284, "amount": 1.0, "side": "sell", "timestamp": 1765000025967}, {"id": "528228345", "price": 13.284, "amount": 1.0, "side": "sell", "timestamp": 1765000026693}, {"id": "528228346", "price": 13.285, "amount": 338.0, "side": "buy", "timestamp": 1765000027707}, {"id": "528228347", "price": 13.286, "amount": 190.0, "side": "buy", "timestamp": 1765000027764}, {"id": "528228348", "price": 13.287, "amount": 5.0, "side": "buy", "timestamp": 1765000027827}, {"id": "528228349", "price": 13.286, "amount": 1.0, "side": "sell", "timestamp": 1765000028242}, {"id": "528228350", "price": 13.287, "amount": 1.0, "side": "buy", "timestamp": 1765000029725}, {"id": "528228351", "price": 13.288, "amount": 2.0, "side": "buy", "timestamp": 1765000029725}, {"id": "528228352", "price": 13.288, "amount": 3.0, "side": "buy", "timestamp": 1765000029971}, {"id": "528228353", "price": 13.288, "amount": 4.0, "side": "buy", "timestamp": 1765000030094}, {"id": "528228354", "price": 13.287, "amount": 1.0, "side": "sell", "timestamp": 1765000034324}, {"id": "528228355", "price": 13.287, "amount": 1.0, "side": "sell", "timestamp": 1765000034869}, {"id": "528228356", "price": 13.288, "amount": 1.0, "side": "buy", "timestamp": 1765000035101}, {"id": "528228357", "price": 13.288, "amount": 3.0, "side": "buy", "timestamp": 1765000035417}, {"id": "528228358", "price": 13.288, "amount": 2.0, "side": "sell", "timestamp": 1765000035524}, {"id": "528228359", "price": 13.289, "amount": 2.0, "side": "buy", "timestamp": 1765000035642}, {"id": "528228360", "price": 13.288, "amount": 4.0, "side": "sell", "timestamp": 1765000036571}, {"id": "528228361", "price": 13.289, "amount": 1.0, "side": "buy", "timestamp": 1765000039835}, {"id": "528228362", "price": 13.289, "amount": 41.0, "side": "buy", "timestamp": 1765000040399}, {"id": "528228363", "price": 13.289, "amount": 13.0, "side": "sell", "timestamp": 1765000042691}, {"id": "528228364", "price": 13.288, "amount": 95.0, "side": "sell", "timestamp": 1765000042713}, {"id": "528228365", "price": 13.287, "amount": 1.0, "side": "sell", "timestamp": 1765000043666}, {"id": "528228366", "price": 13.287, "amount": 1.0, "side": "sell", "timestamp": 1765000044959}, {"id": "528228367", "price": 13.287, "amount": 572.0, "side": "sell", "timestamp": 1765000046354}, {"id": "528228368", "price": 13.288, "amount": 1.0, "side": "buy", "timestamp": 1765000046969}, {"id": "528228369", "price": 13.289, "amount": 2.0, "side": "buy", "timestamp": 1765000046969}, {"id": "528228356", "price": 13.288, "amount": 1.0, "side": "buy", "timestamp": 1765000035101}, {"id": "528228357", "price": 13.288, "amount": 3.0, "side": "buy", "timestamp": 1765000035417}, {"id": "528228358", "price": 13.288, "amount": 2.0, "side": "sell", "timestamp": 1765000035524}, {"id": "528228359", "price": 13.289, "amount": 2.0, "side": "buy", "timestamp": 1765000035642}, {"id": "528228360", "price": 13.288, "amount": 4.0, "side": "sell", "timestamp": 1765000036571}, {"id": "528228361", "price": 13.289, "amount": 1.0, "side": "buy", "timestamp": 1765000039835}, {"id": "528228362", "price": 13.289, "amount": 41.0, "side": "buy", "timestamp": 1765000040399}, {"id": "528228363", "price": 13.289, "amount": 13.0, "side": "sell", "timestamp": 1765000042691}, {"id": "528228364", "price": 13.288, "amount": 95.0, "side": "sell", "timestamp": 1765000042713}, {"id": "528228365", "price": 13.287, "amount": 1.0, "side": "sell", "timestamp": 1765000043666}, {"id": "528228366", "price": 13.287, "amount": 1.0, "side": "sell", "timestamp": 1765000044959}, {"id": "528228367", "price": 13.287, "amount": 572.0, "side": "sell", "timestamp": 1765000046354}, {"id": "528228368", "price": 13.288, "amount": 1.0, "side": "buy", "timestamp": 1765000046969}, {"id": "528228369", "price": 13.289, "amount": 2.0, "side": "buy", "timestamp": 1765000046969}, {"id": "528228370", "price": 13.288, "amount": 64.0, "side": "sell", "timestamp": 1765000051056}, {"id": "528228371", "price": 13.287, "amount": 13.0, "side": "sell", "timestamp": 1765000051074}, {"id": "528228372", "price": 13.286, "amount": 2.0, "side": "sell", "timestamp": 1765000053143}, {"id": "528228373", "price": 13.286, "amount": 4.0, "side": "sell", "timestamp": 1765000063614}, {"id": "528228374", "price": 13.287, "amount": 615.0, "side": "buy", "timestamp": 1765000064084}, {"id": "528228375", "price": 13.288, "amount": 950.0, "side": "buy", "timestamp": 1765000064084}, {"id": "528228376", "price": 13.289, "amount": 1065.0, "side": "buy", "timestamp": 1765000064084}, {"id": "528228377", "price": 13.29, "amount": 1229.0, "side": "buy", "timestamp": 1765000064084}, {"id": "528228378", "price": 13.291, "amount": 681.0, "side": "buy", "timestamp": 1765000064084}, {"id": "528228379", "price": 13.289, "amount": 1.0, "side": "buy", "timestamp": 1765000064087}, {"id": "528228380", "price": 13.29, "amount": 30.0, "side": "buy", "timestamp": 1765000064087}, {"id": "528228381", "price": 13.29, "amount": 2.0, "side": "buy", "timestamp": 1765000064696}, {"id": "528228382", "price": 13.29, "amount": 1.0, "side": "sell", "timestamp": 1765000065533}, {"id": "528228383", "price": 13.291, "amount": 45.0, "side": "buy", "timestamp": 1765000076494}, {"id": "528228384", "price": 13.291, "amount": 7.0, "side": "sell", "timestamp": 1765000076629}, {"id": "528228385", "price": 13.291, "amount": 1.0, "side": "sell", "timestamp": 1765000079651}, {"id": "528228386", "price": 13.292, "amount": 1.0, "side": "buy", "timestamp": 1765000082162}, {"id": "528228387", "price": 13.291, "amount": 34.0, "side": "sell", "timestamp": 1765000083831}, {"id": "528228388", "price": 13.291, "amount": 1.0, "side": "sell", "timestamp": 1765000084037}, {"id": "528228389", "price": 13.291, "amount": 2.0, "side": "sell", "timestamp": 1765000084372}, {"id": "528228390", "price": 13.292, "amount": 1.0, "side": "buy", "timestamp": 1765000084848}, {"id": "528228391", "price": 13.292, "amount": 2.0, "side": "buy", "timestamp": 1765000085279}, {"id": "528228392", "price": 13.292, "amount": 2.0, "side": "buy", "timestamp": 1765000085432}, {"id": "528228393", "price": 13.292, "amount": 1.0, "side": "buy", "timestamp": 1765000085690}, {"id": "528228394", "price": 13.291, "amount": 219.0, "side": "sell", "timestamp": 1765000087628}, {"id": "528228395", "price": 13.29, "amount": 194.0, "side": "sell", "timestamp": 1765000089085}, {"id": "528228396", "price": 13.289, "amount": 29.0, "side": "sell", "timestamp": 1765000089496}, {"id": "528228397", "price": 13.288, "amount": 1.0, "side": "sell", "timestamp": 1765000089779}, {"id": "528228398", "price": 13.289, "amount": 2.0, "side": "buy", "timestamp": 1765000090931}, {"id": "528228399", "price": 13.288, "amount": 1.0, "side": "sell", "timestamp": 1765000093119}, {"id": "528228400", "price": 13.288, "amount": 1.0, "side": "sell", "timestamp": 1765000095001}, {"id": "528228401", "price": 13.289, "amount": 5.0, "side": "buy", "timestamp": 1765000097249}, {"id": "528228402", "price": 13.289, "amount": 1.0, "side": "buy", "timestamp": 1765000099944}, {"id": "528228403", "price": 13.288, "amount": 1.0, "side": "sell", "timestamp": 1765000100002}, {"id": "528228404", "price": 13.288, "amount": 1.0, "side": "sell", "timestamp": 1765000100345}, {"id": "528228405", "price": 13.289, "amount": 2.0, "side": "buy", "timestamp": 1765000101716}, {"id": "528228387", "price": 13.291, "amount": 34.0, "side": "sell", "timestamp": 1765000083831}, {"id": "528228388", "price": 13.291, "amount": 1.0, "side": "sell", "timestamp": 1765000084037}, {"id": "528228389", "price": 13.291, "amount": 2.0, "side": "sell", "timestamp": 1765000084372}, {"id": "528228390", "price": 13.292, "amount": 1.0, "side": "buy", "timestamp": 1765000084848}, {"id": "528228391", "price": 13.292, "amount": 2.0, "side": "buy", "timestamp": 1765000085279}, {"id": "528228392", "price": 13.292, "amount": 2.0, "side": "buy", "timestamp": 1765000085432}, {"id": "528228393", "price": 13.292, "amount": 1.0, "side": "buy", "timestamp": 1765000085690}, {"id": "528228394", "price": 13.291, "amount": 219.0, "side": "sell", "timestamp": 1765000087628}, {"id": "528228395", "price": 13.29, "amount": 194.0, "side": "sell", "timestamp": 1765000089085}, {"id": "528228396", "price": 13.289, "amount": 29.0, "side": "sell", "timestamp": 1765000089496}, {"id": "528228397", "price": 13.288, "amount": 1.0, "side": "sell", "timestamp": 1765000089779}, {"id": "528228398", "price": 13.289, "amount": 2.0, "side": "buy", "timestamp": 1765000090931}, {"id": "528228399", "price": 13.288, "amount": 1.0, "side": "sell", "timestamp": 1765000093119}, {"id": "528228400", "price": 13.288, "amount": 1.0, "side": "sell", "timestamp": 1765000095001}, {"id": "528228401", "price": 13.289, "amount": 5.0, "side": "buy", "timestamp": 1765000097249}, {"id": "528228402", "price": 13.289, "amount": 1.0, "side": "buy", "timestamp": 1765000099944}, {"id": "528228403", "price": 13.288, "amount": 1.0, "side": "sell", "timestamp": 1765000100002}, {"id": "528228404", "price": 13.288, "amount": 1.0, "side": "sell", "timestamp": 1765000100345}, {"id": "528228405", "price": 13.289, "amount": 2.0, "side": "buy", "timestamp": 1765000101716}, {"id": "528228406", "price": 13.289, "amount": 1.0, "side": "buy", "timestamp": 1765000104745}, {"id": "528228407", "price": 13.288, "amount": 1.0, "side": "sell", "timestamp": 1765000104776}, {"id": "528228408", "price": 13.288, "amount": 1.0, "side": "sell", "timestamp": 1765000109911}, {"id": "528228409", "price": 13.289, "amount": 1.0, "side": "buy", "timestamp": 1765000110100}, {"id": "528228410", "price": 13.289, "amount": 576.0, "side": "buy", "timestamp": 1765000111720}, {"id": "528228411", "price": 13.289, "amount": 2.0, "side": "sell", "timestamp": 1765000115671}, {"id": "528228412", "price": 13.289, "amount": 6.0, "side": "sell", "timestamp": 1765000115987}, {"id": "528228413", "price": 13.289, "amount": 5.0, "side": "sell", "timestamp": 1765000121964}, {"id": "528228414", "price": 13.29, "amount": 204.0, "side": "buy", "timestamp": 1765000124477}, {"id": "528228415", "price": 13.291, "amount": 1952.0, "side": "buy", "timestamp": 1765000125010}, {"id": "528228416", "price": 13.292, "amount": 2845.0, "side": "buy", "timestamp": 1765000125018}, {"id": "528228417", "price": 13.293, "amount": 16.0, "side": "buy", "timestamp": 1765000127800}, {"id": "528228418", "price": 13.293, "amount": 1.0, "side": "sell", "timestamp": 1765000128517}, {"id": "528228419", "price": 13.293, "amount": 1.0, "side": "sell", "timestamp": 1765000132014}, {"id": "528228420", "price": 13.293, "amount": 171.0, "side": "sell", "timestamp": 1765000134350}, {"id": "528228421", "price": 13.292, "amount": 1.0, "side": "sell", "timestamp": 1765000134795}, {"id": "528228422", "price": 13.292, "amount": 93.0, "side": "sell", "timestamp": 1765000137784}, {"id": "528228423", "price": 13.292, "amount": 1.0, "side": "buy", "timestamp": 1765000138930}, {"id": "528228424", "price": 13.291, "amount": 7.0, "side": "sell", "timestamp": 1765000139412}, {"id": "528228425", "price": 13.292, "amount": 1.0, "side": "buy", "timestamp": 1765000141354}, {"id": "528228426", "price": 13.291, "amount": 1.0, "side": "sell", "timestamp": 1765000141443}, {"id": "528228427", "price": 13.291, "amount": 6.0, "side": "sell", "timestamp": 1765000142674}, {"id": "528228428", "price": 13.291, "amount": 208.0, "side": "sell", "timestamp": 1765000144994}, {"id": "528228429", "price": 13.29, "amount": 10.0, "side": "sell", "timestamp": 1765000145053}, {"id": "528228430", "price": 13.29, "amount": 1.0, "side": "buy", "timestamp": 1765000145267}, {"id": "528228431", "price": 13.29, "amount": 1.0, "side": "buy", "timestamp": 1765000145512}, {"id": "528228432", "price": 13.29, "amount": 1.0, "side": "buy", "timestamp": 1765000145789}, {"id": "528228433", "price": 13.289, "amount": 1.0, "side": "sell", "timestamp": 1765000150026}, {"id": "528228434", "price": 13.289, "amount": 61.0, "side": "sell", "timestamp": 1765000150409}, {"id": "528228435", "price": 13.288, "amount": 216.0, "side": "sell", "timestamp": 1765000151011}, {"id": "528228436", "price": 13.287, "amount": 1.0, "side": "sell", "timestamp": 1765000151664}, {"id": "528228410", "price": 13.289, "amount": 576.0, "side": "buy", "timestamp": 1765000111720}, {"id": "528228411", "price": 13.289, "amount": 2.0, "side": "sell", "timestamp": 1765000115671}, {"id": "528228412", "price": 13.289, "amount": 6.0, "side": "sell", "timestamp": 1765000115987}, {"id": "528228413", "price": 13.289, "amount": 5.0, "side": "sell", "timestamp": 1765000121964}, {"id": "528228414", "price": 13.29, "amount": 204.0, "side": "buy", "timestamp": 1765000124477}, {"id": "528228415", "price": 13.291, "amount": 1952.0, "side": "buy", "timestamp": 1765000125010}, {"id": "528228416", "price": 13.292, "amount": 2845.0, "side": "buy", "timestamp": 1765000125018}, {"id": "528228417", "price": 13.293, "amount": 16.0, "side": "buy", "timestamp": 1765000127800}, {"id": "528228418", "price": 13.293, "amount": 1.0, "side": "sell", "timestamp": 1765000128517}, {"id": "528228419", "price": 13.293, "amount": 1.0, "side": "sell", "timestamp": 1765000132014}, {"id": "528228420", "price": 13.293, "amount": 171.0, "side": "sell", "timestamp": 1765000134350}, {"id": "528228421", "price": 13.292, "amount": 1.0, "side": "sell", "timestamp": 1765000134795}, {"id": "528228422", "price": 13.292, "amount": 93.0, "side": "sell", "timestamp": 1765000137784}, {"id": "528228423", "price": 13.292, "amount": 1.0, "side": "buy", "timestamp": 1765000138930}, {"id": "528228424", "price": 13.291, "amount": 7.0, "side": "sell", "timestamp": 1765000139412}, {"id": "528228425", "price": 13.292, "amount": 1.0, "side": "buy", "timestamp": 1765000141354}, {"id": "528228426", "price": 13.291, "amount": 1.0, "side": "sell", "timestamp": 1765000141443}, {"id": "528228427", "price": 13.291, "amount": 6.0, "side": "sell", "timestamp": 1765000142674}, {"id": "528228428", "price": 13.291, "amount": 208.0, "side": "sell", "timestamp": 1765000144994}, {"id": "528228429", "price": 13.29, "amount": 10.0, "side": "sell", "timestamp": 1765000145053}, {"id": "528228430", "price": 13.29, "amount": 1.0, "side": "buy", "timestamp": 1765000145267}, {"id": "528228431", "price": 13.29, "amount": 1.0, "side": "buy", "timestamp": 1765000145512}, {"id": "528228432", "price": 13.29, "amount": 1.0, "side": "buy", "timestamp": 1765000145789}, {"id": "528228433", "price": 13.289, "amount": 1.0, "side": "sell", "timestamp": 1765000150026}, {"id": "528228434", "price": 13.289, "amount": 61.0, "side": "sell", "timestamp": 1765000150409}, {"id": "528228435", "price": 13.288, "amount": 216.0, "side": "sell", "timestamp": 1765000151011}, {"id": "528228436", "price": 13.287, "amount": 1.0, "side": "sell", "timestamp": 1765000151664}, {"id": "528228437", "price": 13.287, "amount": 1.0, "side": "sell", "timestamp": 1765000155054}, {"id": "528228438", "price": 13.287, "amount": 41.0, "side": "sell", "timestamp": 1765000155562}, {"id": "528228439", "price": 13.286, "amount": 5.0, "side": "sell", "timestamp": 1765000155562}, {"id": "528228440", "price": 13.286, "amount": 1.0, "side": "sell", "timestamp": 1765000159307}, {"id": "528228441", "price": 13.287, "amount": 224.0, "side": "buy", "timestamp": 1765000159528}, {"id": "528228442", "price": 13.288, "amount": 44.0, "side": "buy", "timestamp": 1765000160755}, {"id": "528228443", "price": 13.289, "amount": 342.0, "side": "buy", "timestamp": 1765000167485}, {"id": "528228444", "price": 13.289, "amount": 7.0, "side": "sell", "timestamp": 1765000168206}, {"id": "528228445", "price": 13.289, "amount": 1.0, "side": "sell", "timestamp": 1765000168722}, {"id": "528228446", "price": 13.29, "amount": 9.0, "side": "buy", "timestamp": 1765000169172}, {"id": "528228447", "price": 13.291, "amount": 1.0, "side": "buy", "timestamp": 1765000169862}, {"id": "528228448", "price": 13.291, "amount": 50.0, "side": "buy", "timestamp": 1765000170925}, {"id": "528228449", "price": 13.292, "amount": 13.0, "side": "buy", "timestamp": 1765000172580}, {"id": "528228450", "price": 13.292, "amount": 1.0, "side": "buy", "timestamp": 1765000174886}, {"id": "528228451", "price": 13.292, "amount": 65.0, "side": "buy", "timestamp": 1765000177382}, {"id": "528228452", "price": 13.292, "amount": 2.0, "side": "sell", "timestamp": 1765000180403}, {"id": "528228453", "price": 13.293, "amount": 36.0, "side": "buy", "timestamp": 1765000183496}, {"id": "528228454", "price": 13.294, "amount": 90.0, "side": "buy", "timestamp": 1765000183500}, {"id": "528228455", "price": 13.295, "amount": 46.0, "side": "buy", "timestamp": 1765000183652}, {"id": "528228456", "price": 13.296, "amount": 42.0, "side": "buy", "timestamp": 1765000183709}, {"id": "528228457", "price": 13.296, "amount": 1.0, "side": "sell", "timestamp": 1765000187664}, {"id": "528228458", "price": 13.297, "amount": 1.0, "side": "buy", "timestamp": 1765000198953}, {"id": "528228459", "price": 13.296, "amount": 292.0, "side": "sell", "timestamp": 1765000202759}, {"id": "528228445", "price": 13.289, "amount": 1.0, "side": "sell", "timestamp": 1765000168722}, {"id": "528228446", "price": 13.29, "amount": 9.0, "side": "buy", "timestamp": 1765000169172}, {"id": "528228447", "price": 13.291, "amount": 1.0, "side": "buy", "timestamp": 1765000169862}, {"id": "528228448", "price": 13.291, "amount": 50.0, "side": "buy", "timestamp": 1765000170925}, {"id": "528228449", "price": 13.292, "amount": 13.0, "side": "buy", "timestamp": 1765000172580}, {"id": "528228450", "price": 13.292, "amount": 1.0, "side": "buy", "timestamp": 1765000174886}, {"id": "528228451", "price": 13.292, "amount": 65.0, "side": "buy", "timestamp": 1765000177382}, {"id": "528228452", "price": 13.292, "amount": 2.0, "side": "sell", "timestamp": 1765000180403}, {"id": "528228453", "price": 13.293, "amount": 36.0, "side": "buy", "timestamp": 1765000183496}, {"id": "528228454", "price": 13.294, "amount": 90.0, "side": "buy", "timestamp": 1765000183500}, {"id": "528228455", "price": 13.295, "amount": 46.0, "side": "buy", "timestamp": 1765000183652}, {"id": "528228456", "price": 13.296, "amount": 42.0, "side": "buy", "timestamp": 1765000183709}, {"id": "528228457", "price": 13.296, "amount": 1.0, "side": "sell", "timestamp": 1765000187664}, {"id": "528228458", "price": 13.297, "amount": 1.0, "side": "buy", "timestamp": 1765000198953}, {"id": "528228459", "price": 13.296, "amount": 292.0, "side": "sell", "timestamp": 1765000202759}, {"id": "528228460", "price": 13.296, "amount": 2.0, "side": "buy", "timestamp": 1765000204930}, {"id": "528228461", "price": 13.295, "amount": 77.0, "side": "sell", "timestamp": 1765000205948}, {"id": "528228462", "price": 13.294, "amount": 134.0, "side": "sell", "timestamp": 1765000205948}, {"id": "528228463", "price": 13.293, "amount": 1.0, "side": "sell", "timestamp": 1765000209187}, {"id": "528228464", "price": 13.293, "amount": 7.0, "side": "sell", "timestamp": 1765000209330}, {"id": "528228465", "price": 13.293, "amount": 4.0, "side": "sell", "timestamp": 1765000209482}, {"id": "528228466", "price": 13.293, "amount": 2.0, "side": "sell", "timestamp": 1765000209916}, {"id": "528228467", "price": 13.293, "amount": 1.0, "side": "sell", "timestamp": 1765000210074}, {"id": "528228468", "price": 13.294, "amount": 303.0, "side": "buy", "timestamp": 1765000210316}, {"id": "528228469", "price": 13.293, "amount": 1.0, "side": "sell", "timestamp": 1765000210317}, {"id": "528228470", "price": 13.295, "amount": 277.0, "side": "buy", "timestamp": 1765000212375}, {"id": "528228471", "price": 13.296, "amount": 22.0, "side": "buy", "timestamp": 1765000212393}, {"id": "528228472", "price": 13.296, "amount": 7.0, "side": "sell", "timestamp": 1765000213922}, {"id": "528228473", "price": 13.296, "amount": 1.0, "side": "sell", "timestamp": 1765000215298}, {"id": "528228474", "price": 13.296, "amount": 3.0, "side": "sell", "timestamp": 1765000215443}, {"id": "528228475", "price": 13.296, "amount": 1.0, "side": "sell", "timestamp": 1765000218520}, {"id": "528228476", "price": 13.296, "amount": 2.0, "side": "sell", "timestamp": 1765000221030}, {"id": "528228477", "price": 13.296, "amount": 1.0, "side": "sell", "timestamp": 1765000223661}, {"id": "528228478", "price": 13.296, "amount": 1.0, "side": "sell", "timestamp": 1765000224759}, {"id": "528228479", "price": 13.296, "amount": 1.0, "side": "sell", "timestamp": 1765000225507}, {"id": "528228480", "price": 13.296, "amount": 1.0, "side": "sell", "timestamp": 1765000228386}, {"id": "528228481", "price": 13.296, "amount": 1.0, "side": "sell", "timestamp": 1765000229747}, {"id": "528228482", "price": 13.296, "amount": 9.0, "side": "sell", "timestamp": 1765000230159}, {"id": "528228483", "price": 13.296, "amount": 220.0, "side": "sell", "timestamp": 1765000233917}, {"id": "528228484", "price": 13.295, "amount": 1.0, "side": "sell", "timestamp": 1765000237000}, {"id": "528228485", "price": 13.295, "amount": 1.0, "side": "sell", "timestamp": 1765000240127}, {"id": "528228486", "price": 13.295, "amount": 1.0, "side": "sell", "timestamp": 1765000254027}, {"id": "528228487", "price": 13.295, "amount": 1.0, "side": "sell", "timestamp": 1765000256285}, {"id": "528228488", "price": 13.296, "amount": 17.0, "side": "buy", "timestamp": 1765000256434}, {"id": "528228489", "price": 13.297, "amount": 186.0, "side": "buy", "timestamp": 1765000256434}, {"id": "528228490", "price": 13.298, "amount": 813.0, "side": "buy", "timestamp": 1765000256434}, {"id": "528228491", "price": 13.299, "amount": 862.0, "side": "buy", "timestamp": 1765000256434}, {"id": "528228492", "price": 13.298, "amount": 1.0, "side": "buy", "timestamp": 1765000256556}, {"id": "528228493", "price": 13.299, "amount": 6.0, "side": "buy", "timestamp": 1765000256556}, {"id": "528228494", "price": 13.298, "amount": 10.0, "side": "sell", "timestamp": 1765000257268}, {"id": "528228491", "price": 13.299, "amount": 862.0, "side": "buy", "timestamp": 1765000256434}, {"id": "528228492", "price": 13.298, "amount": 1.0, "side": "buy", "timestamp": 1765000256556}, {"id": "528228493", "price": 13.299, "amount": 6.0, "side": "buy", "timestamp": 1765000256556}, {"id": "528228494", "price": 13.298, "amount": 10.0, "side": "sell", "timestamp": 1765000257268}, {"id": "528228495", "price": 13.298, "amount": 1.0, "side": "sell", "timestamp": 1765000258617}, {"id": "528228496", "price": 13.298, "amount": 1.0, "side": "sell", "timestamp": 1765000259659}, {"id": "528228497", "price": 13.298, "amount": 149.0, "side": "sell", "timestamp": 1765000261160}, {"id": "528228498", "price": 13.297, "amount": 9.0, "side": "sell", "timestamp": 1765000262449}, {"id": "528228499", "price": 13.297, "amount": 43.0, "side": "sell", "timestamp": 1765000262595}, {"id": "528228500", "price": 13.296, "amount": 5.0, "side": "sell", "timestamp": 1765000262595}, {"id": "528228501", "price": 13.296, "amount": 5.0, "side": "sell", "timestamp": 1765000262863}, {"id": "528228502", "price": 13.295, "amount": 1.0, "side": "sell", "timestamp": 1765000264557}, {"id": "528228503", "price": 13.296, "amount": 1.0, "side": "buy", "timestamp": 1765000265280}, {"id": "528228504", "price": 13.296, "amount": 1.0, "side": "buy", "timestamp": 1765000265534}, {"id": "528228505", "price": 13.295, "amount": 1.0, "side": "sell", "timestamp": 1765000265824}, {"id": "528228506", "price": 13.296, "amount": 5.0, "side": "buy", "timestamp": 1765000266459}, {"id": "528228507", "price": 13.296, "amount": 1.0, "side": "buy", "timestamp": 1765000266722}, {"id": "528228508", "price": 13.296, "amount": 118.0, "side": "buy", "timestamp": 1765000268251}, {"id": "528228509", "price": 13.296, "amount": 25.0, "side": "sell", "timestamp": 1765000268512}, {"id": "528228510", "price": 13.296, "amount": 254.0, "side": "sell", "timestamp": 1765000273217}, {"id": "528228511", "price": 13.297, "amount": 1.0, "side": "buy", "timestamp": 1765000274831}, {"id": "528228512", "price": 13.296, "amount": 4.0, "side": "sell", "timestamp": 1765000275442}, {"id": "528228513", "price": 13.296, "amount": 3.0, "side": "sell", "timestamp": 1765000276479}, {"id": "528228514", "price": 13.297, "amount": 1.0, "side": "buy", "timestamp": 1765000278603}, {"id": "528228515", "price": 13.296, "amount": 1.0, "side": "sell", "timestamp": 1765000280005}, {"id": "528228516", "price": 13.297, "amount": 1.0, "side": "buy", "timestamp": 1765000280048}, {"id": "528228517", "price": 13.297, "amount": 320.0, "side": "buy", "timestamp": 1765000280395}, {"id": "528228518", "price": 13.297, "amount": 1.0, "side": "sell", "timestamp": 1765000280927}, {"id": "528228519", "price": 13.297, "amount": 75.0, "side": "sell", "timestamp": 1765000281062}, {"id": "528228520", "price": 13.298, "amount": 22.0, "side": "buy", "timestamp": 1765000284669}, {"id": "528228521", "price": 13.299, "amount": 88.0, "side": "buy", "timestamp": 1765000284771}, {"id": "528228522", "price": 13.3, "amount": 55.0, "side": "buy", "timestamp": 1765000284771}, {"id": "528228523", "price": 13.301, "amount": 78.0, "side": "buy", "timestamp": 1765000284772}, {"id": "528228524", "price": 13.301, "amount": 1.0, "side": "buy", "timestamp": 1765000285058}, {"id": "528228525", "price": 13.3, "amount": 78.0, "side": "sell", "timestamp": 1765000285444}, {"id": "528228526", "price": 13.3, "amount": 1.0, "side": "sell", "timestamp": 1765000286034}, {"id": "528228527", "price": 13.3, "amount": 1.0, "side": "sell", "timestamp": 1765000287064}, {"id": "528228528", "price": 13.3, "amount": 5.0, "side": "sell", "timestamp": 1765000287963}, {"id": "528228529", "price": 13.299, "amount": 46.0, "side": "sell", "timestamp": 1765000288586}, {"id": "528228530", "price": 13.298, "amount": 18.0, "side": "sell", "timestamp": 1765000288591}, {"id": "528228531", "price": 13.297, "amount": 4.0, "side": "sell", "timestamp": 1765000288594}, {"id": "528228532", "price": 13.297, "amount": 384.0, "side": "sell", "timestamp": 1765000289394}, {"id": "528228533", "price": 13.296, "amount": 1.0, "side": "sell", "timestamp": 1765000295019}, {"id": "528228534", "price": 13.296, "amount": 1.0, "side": "sell", "timestamp": 1765000295665}, {"id": "528228535", "price": 13.296, "amount": 7.0, "side": "sell", "timestamp": 1765000298795}, {"id": "528228536", "price": 13.296, "amount": 2.0, "side": "sell", "timestamp": 1765000302434}, {"id": "528228537", "price": 13.296, "amount": 1.0, "side": "sell", "timestamp": 1765000303620}, {"id": "528228538", "price": 13.296, "amount": 180.0, "side": "sell", "timestamp": 1765000304220}, {"id": "528228539", "price": 13.295, "amount": 1.0, "side": "sell", "timestamp": 1765000307678}, {"id": "528228540", "price": 13.295, "amount": 495.0, "side": "sell", "timestamp": 1765000308767}, {"id": "528228552", "price": 13.289, "amount": 9.0, "side": "buy", "timestamp": 1765000316520}, {"id": "528228553", "price": 13.289, "amount": 6.0, "side": "sell", "timestamp": 1765000317079}, {"id": "528228554", "price": 13.289, "amount": 1.0, "side": "sell", "timestamp": 1765000320384}, {"id": "528228555", "price": 13.289, "amount": 1.0, "side": "buy", "timestamp": 1765000321415}, {"id": "528228556", "price": 13.288, "amount": 3.0, "side": "sell", "timestamp": 1765000321856}, {"id": "528228557", "price": 13.288, "amount": 1.0, "side": "sell", "timestamp": 1765000322479}, {"id": "528228558", "price": 13.288, "amount": 1.0, "side": "sell", "timestamp": 1765000324414}, {"id": "528228559", "price": 13.289, "amount": 1.0, "side": "buy", "timestamp": 1765000324805}, {"id": "528228560", "price": 13.289, "amount": 1.0, "side": "buy", "timestamp": 1765000325049}, {"id": "528228561", "price": 13.289, "amount": 1.0, "side": "buy", "timestamp": 1765000325278}, {"id": "528228562", "price": 13.289, "amount": 1.0, "side": "buy", "timestamp": 1765000325446}, {"id": "528228563", "price": 13.288, "amount": 1.0, "side": "sell", "timestamp": 1765000325515}, {"id": "528228564", "price": 13.289, "amount": 3.0, "side": "buy", "timestamp": 1765000329979}, {"id": "528228565", "price": 13.288, "amount": 1.0, "side": "sell", "timestamp": 1765000330077}, {"id": "528228566", "price": 13.289, "amount": 6.0, "side": "buy", "timestamp": 1765000330098}, {"id": "528228567", "price": 13.288, "amount": 1.0, "side": "sell", "timestamp": 1765000331661}, {"id": "528228568", "price": 13.289, "amount": 11.0, "side": "buy", "timestamp": 1765000333119}, {"id": "528228569", "price": 13.288, "amount": 2.0, "side": "sell", "timestamp": 1765000334215}, {"id": "528228570", "price": 13.288, "amount": 1.0, "side": "sell", "timestamp": 1765000334980}, {"id": "528228571", "price": 13.288, "amount": 1.0, "side": "sell", "timestamp": 1765000337030}, {"id": "528228572", "price": 13.288, "amount": 1.0, "side": "sell", "timestamp": 1765000339140}, {"id": "528228573", "price": 13.288, "amount": 395.0, "side": "sell", "timestamp": 1765000341621}, {"id": "528228574", "price": 13.287, "amount": 78.0, "side": "sell", "timestamp": 1765000341621}, {"id": "528228575", "price": 13.286, "amount": 317.0, "side": "sell", "timestamp": 1765000341621}, {"id": "528228576", "price": 13.285, "amount": 268.0, "side": "sell", "timestamp": 1765000341621}, {"id": "528228577", "price": 13.286, "amount": 2.0, "side": "sell", "timestamp": 1765000341624}, {"id": "528228578", "price": 13.285, "amount": 1.0, "side": "sell", "timestamp": 1765000341688}, {"id": "528228579", "price": 13.285, "amount": 9.0, "side": "buy", "timestamp": 1765000342156}, {"id": "528228580", "price": 13.284, "amount": 5.0, "side": "sell", "timestamp": 1765000344536}, {"id": "528228581", "price": 13.284, "amount": 1.0, "side": "sell", "timestamp": 1765000344788}, {"id": "528228582", "price": 13.284, "amount": 6.0, "side": "sell", "timestamp": 1765000345083}, {"id": "528228583", "price": 13.284, "amount": 317.0, "side": "sell", "timestamp": 1765000345540}, {"id": "528228584", "price": 13.283, "amount": 46.0, "side": "sell", "timestamp": 1765000345610}, {"id": "528228585", "price": 13.284, "amount": 2.0, "side": "buy", "timestamp": 1765000346136}, {"id": "528228586", "price": 13.284, "amount": 4.0, "side": "buy", "timestamp": 1765000346330}, {"id": "528228587", "price": 13.284, "amount": 299.0, "side": "buy", "timestamp": 1765000348583}, {"id": "528228588", "price": 13.283, "amount": 1.0, "side": "sell", "timestamp": 1765000349976}, {"id": "528228589", "price": 13.284, "amount": 6.0, "side": "buy", "timestamp": 1765000350158}, {"id": "528228590", "price": 13.284, "amount": 3.0, "side": "buy", "timestamp": 1765000350418}, {"id": "528228591", "price": 13.284, "amount": 2.0, "side": "buy", "timestamp": 1765000350679}, {"id": "528228592", "price": 13.283, "amount": 2.0, "side": "sell", "timestamp": 1765000350710}, {"id": "528228593", "price": 13.283, "amount": 1.0, "side": "sell", "timestamp": 1765000353462}, {"id": "528228594", "price": 13.283, "amount": 1.0, "side": "sell", "timestamp": 1765000355103}, {"id": "528228595", "price": 13.283, "amount": 4.0, "side": "sell", "timestamp": 1765000355812}, {"id": "528228596", "price": 13.283, "amount": 1.0, "side": "sell", "timestamp": 1765000356759}, {"id": "528228597", "price": 13.284, "amount": 9.0, "side": "buy", "timestamp": 1765000357696}, {"id": "528228598", "price": 13.284, "amount": 1.0, "side": "buy", "timestamp": 1765000358318}, {"id": "528228599", "price": 13.284, "amount": 1.0, "side": "buy", "timestamp": 1765000358525}, {"id": "528228600", "price": 13.283, "amount": 5.0, "side": "sell", "timestamp": 1765000358782}, {"id": "528228601", "price": 13.284, "amount": 1.0, "side": "buy", "timestamp": 1765000360317}, {"id": "528228602", "price": 13.284, "amount": 223.0, "side": "buy", "timestamp": 1765000361744}, {"id": "528228603", "price": 13.285, "amount": 2.0, "side": "buy", "timestamp": 1765000362119}, {"id": "528228604", "price": 13.284, "amount": 1.0, "side": "sell", "timestamp": 1765000363236}, {"id": "528228605", "price": 13.285, "amount": 3411.0, "side": "buy", "timestamp": 1765000363784}, {"id": "528228606", "price": 13.286, "amount": 12.0, "side": "buy", "timestamp": 1765000363792}, {"id": "528228607", "price": 13.287, "amount": 5.0, "side": "buy", "timestamp": 1765000363792}, {"id": "528228608", "price": 13.288, "amount": 33.0, "side": "buy", "timestamp": 1765000363792}, {"id": "528228609", "price": 13.287, "amount": 1.0, "side": "buy", "timestamp": 1765000363894}, {"id": "528228610", "price": 13.288, "amount": 1.0, "side": "sell", "timestamp": 1765000366590}, {"id": "528228611", "price": 13.288, "amount": 9.0, "side": "sell", "timestamp": 1765000367159}, {"id": "528228612", "price": 13.288, "amount": 1.0, "side": "sell", "timestamp": 1765000367665}, {"id": "528228613", "price": 13.289, "amount": 1.0, "side": "buy", "timestamp": 1765000368781}, {"id": "528228614", "price": 13.288, "amount": 1.0, "side": "sell", "timestamp": 1765000368940}, {"id": "528228615", "price": 13.288, "amount": 5.0, "side": "sell", "timestamp": 1765000370686}, {"id": "528228616", "price": 13.288, "amount": 162.0, "side": "sell", "timestamp": 1765000371091}, {"id": "528228617", "price": 13.288, "amount": 2.0, "side": "buy", "timestamp": 1765000372944}, {"id": "528228618", "price": 13.287, "amount": 1.0, "side": "sell", "timestamp": 1765000376947}, {"id": "528228619", "price": 13.287, "amount": 8.0, "side": "sell", "timestamp": 1765000377231}, {"id": "528228620", "price": 13.287, "amount": 4.0, "side": "sell", "timestamp": 1765000377584}, {"id": "528228621", "price": 13.287, "amount": 3.0, "side": "sell", "timestamp": 1765000378175}, {"id": "528228622", "price": 13.288, "amount": 1.0, "side": "buy", "timestamp": 1765000379154}, {"id": "528228623", "price": 13.288, "amount": 35.0, "side": "buy", "timestamp": 1765000379269}, {"id": "528228624", "price": 13.289, "amount": 229.0, "side": "buy", "timestamp": 1765000380801}, {"id": "528228625", "price": 13.289, "amount": 1.0, "side": "sell", "timestamp": 1765000381165}, {"id": "528228626", "price": 13.289, "amount": 2.0, "side": "sell", "timestamp": 1765000382681}, {"id": "528228627", "price": 13.29, "amount": 1.0, "side": "buy", "timestamp": 1765000384559}, {"id": "528228628", "price": 13.289, "amount": 1.0, "side": "sell", "timestamp": 1765000385789}, {"id": "528228629", "price": 13.29, "amount": 3.0, "side": "buy", "timestamp": 1765000389756}, {"id": "528228630", "price": 13.29, "amount": 4.0, "side": "buy", "timestamp": 1765000389885}, {"id": "528228631", "price": 13.289, "amount": 1.0, "side": "sell", "timestamp": 1765000390008}, {"id": "528228632", "price": 13.289, "amount": 16.0, "side": "sell", "timestamp": 1765000390466}, {"id": "528228633", "price": 13.289, "amount": 1.0, "side": "sell", "timestamp": 1765000391451}, {"id": "528228634", "price": 13.289, "amount": 1.0, "side": "sell", "timestamp": 1765000394770}, {"id": "528228635", "price": 13.29, "amount": 316.0, "side": "buy", "timestamp": 1765000394905}, {"id": "528228636", "price": 13.291, "amount": 251.0, "side": "buy", "timestamp": 1765000394980}, {"id": "528228637", "price": 13.292, "amount": 1.0, "side": "buy", "timestamp": 1765000395020}, {"id": "528228638", "price": 13.291, "amount": 3.0, "side": "sell", "timestamp": 1765000395343}, {"id": "528228639", "price": 13.291, "amount": 4.0, "side": "sell", "timestamp": 1765000397274}, {"id": "528228640", "price": 13.292, "amount": 2.0, "side": "buy", "timestamp": 1765000400073}, {"id": "528228641", "price": 13.291, "amount": 8.0, "side": "sell", "timestamp": 1765000400219}, {"id": "528228642", "price": 13.291, "amount": 2.0, "side": "sell", "timestamp": 1765000401165}, {"id": "528228643", "price": 13.291, "amount": 3.0, "side": "sell", "timestamp": 1765000402071}, {"id": "528228644", "price": 13.291, "amount": 1.0, "side": "sell", "timestamp": 1765000403674}, {"id": "528228645", "price": 13.292, "amount": 6.0, "side": "buy", "timestamp": 1765000404321}, {"id": "528228646", "price": 13.292, "amount": 2.0, "side": "buy", "timestamp": 1765000404855}, {"id": "528228647", "price": 13.292, "amount": 12.0, "side": "buy", "timestamp": 1765000405120}, {"id": "528228648", "price": 13.292, "amount": 15.0, "side": "buy", "timestamp": 1765000405427}, {"id": "528228649", "price": 13.291, "amount": 1.0, "side": "sell", "timestamp": 1765000406170}, {"id": "528228650", "price": 13.291, "amount": 1.0, "side": "sell", "timestamp": 1765000408119}, {"id": "528228651", "price": 13.292, "amount": 2.0, "side": "buy", "timestamp": 1765000409829}, {"id": "528228633", "price": 13.289, "amount": 1.0, "side": "sell", "timestamp": 1765000391451}, {"id": "528228634", "price": 13.289, "amount": 1.0, "side": "sell", "timestamp": 1765000394770}, {"id": "528228635", "price": 13.29, "amount": 316.0, "side": "buy", "timestamp": 1765000394905}, {"id": "528228636", "price": 13.291, "amount": 251.0, "side": "buy", "timestamp": 1765000394980}, {"id": "528228637", "price": 13.292, "amount": 1.0, "side": "buy", "timestamp": 1765000395020}, {"id": "528228638", "price": 13.291, "amount": 3.0, "side": "sell", "timestamp": 1765000395343}, {"id": "528228639", "price": 13.291, "amount": 4.0, "side": "sell", "timestamp": 1765000397274}, {"id": "528228640", "price": 13.292, "amount": 2.0, "side": "buy", "timestamp": 1765000400073}, {"id": "528228641", "price": 13.291, "amount": 8.0, "side": "sell", "timestamp": 1765000400219}, {"id": "528228642", "price": 13.291, "amount": 2.0, "side": "sell", "timestamp": 1765000401165}, {"id": "528228643", "price": 13.291, "amount": 3.0, "side": "sell", "timestamp": 1765000402071}, {"id": "528228644", "price": 13.291, "amount": 1.0, "side": "sell", "timestamp": 1765000403674}, {"id": "528228645", "price": 13.292, "amount": 6.0, "side": "buy", "timestamp": 1765000404321}, {"id": "528228646", "price": 13.292, "amount": 2.0, "side": "buy", "timestamp": 1765000404855}, {"id": "528228647", "price": 13.292, "amount": 12.0, "side": "buy", "timestamp": 1765000405120}, {"id": "528228648", "price": 13.292, "amount": 15.0, "side": "buy", "timestamp": 1765000405427}, {"id": "528228649", "price": 13.291, "amount": 1.0, "side": "sell", "timestamp": 1765000406170}, {"id": "528228650", "price": 13.291, "amount": 1.0, "side": "sell", "timestamp": 1765000408119}, {"id": "528228651", "price": 13.292, "amount": 2.0, "side": "buy", "timestamp": 1765000409829}, {"id": "528228652", "price": 13.292, "amount": 1.0, "side": "buy", "timestamp": 1765000414765}, {"id": "528228653", "price": 13.292, "amount": 82.0, "side": "buy", "timestamp": 1765000419651}, {"id": "528228654", "price": 13.293, "amount": 46.0, "side": "buy", "timestamp": 1765000419706}, {"id": "528228655", "price": 13.294, "amount": 1.0, "side": "buy", "timestamp": 1765000420010}, {"id": "528228656", "price": 13.293, "amount": 1.0, "side": "sell", "timestamp": 1765000421709}, {"id": "528228657", "price": 13.293, "amount": 25.0, "side": "sell", "timestamp": 1765000423943}, {"id": "528228658", "price": 13.294, "amount": 349.0, "side": "buy", "timestamp": 1765000424800}, {"id": "528228659", "price": 13.293, "amount": 1.0, "side": "sell", "timestamp": 1765000425339}, {"id": "528228660", "price": 13.293, "amount": 6.0, "side": "sell", "timestamp": 1765000431728}, {"id": "528228661", "price": 13.293, "amount": 1.0, "side": "sell", "timestamp": 1765000432936}, {"id": "528228662", "price": 13.293, "amount": 1.0, "side": "sell", "timestamp": 1765000439663}, {"id": "528228663", "price": 13.293, "amount": 309.0, "side": "sell", "timestamp": 1765000442923}, {"id": "528228664", "price": 13.292, "amount": 1.0, "side": "sell", "timestamp": 1765000443258}, {"id": "528228665", "price": 13.293, "amount": 2.0, "side": "buy", "timestamp": 1765000444476}, {"id": "528228666", "price": 13.293, "amount": 2.0, "side": "buy", "timestamp": 1765000444933}, {"id": "528228667", "price": 13.292, "amount": 270.0, "side": "sell", "timestamp": 1765000445428}, {"id": "528228668", "price": 13.292, "amount": 1693.0, "side": "buy", "timestamp": 1765000445482}, {"id": "528228669", "price": 13.293, "amount": 117.0, "side": "buy", "timestamp": 1765000446187}, {"id": "528228670", "price": 13.294, "amount": 217.0, "side": "buy", "timestamp": 1765000446190}, {"id": "528228671", "price": 13.294, "amount": 1.0, "side": "sell", "timestamp": 1765000448053}, {"id": "528228672", "price": 13.294, "amount": 5.0, "side": "sell", "timestamp": 1765000449474}, {"id": "528228673", "price": 13.294, "amount": 1.0, "side": "sell", "timestamp": 1765000449769}, {"id": "528228674", "price": 13.294, "amount": 3.0, "side": "sell", "timestamp": 1765000450350}, {"id": "528228675", "price": 13.295, "amount": 74.0, "side": "buy", "timestamp": 1765000451639}, {"id": "528228676", "price": 13.295, "amount": 4.0, "side": "sell", "timestamp": 1765000452643}, {"id": "528228677", "price": 13.296, "amount": 31.0, "side": "buy", "timestamp": 1765000456905}, {"id": "528228678", "price": 13.297, "amount": 84.0, "side": "buy", "timestamp": 1765000457455}, {"id": "528228679", "price": 13.298, "amount": 61.0, "side": "buy", "timestamp": 1765000457455}, {"id": "528228680", "price": 13.298, "amount": 1.0, "side": "buy", "timestamp": 1765000460077}, {"id": "528228681", "price": 13.298, "amount": 26.0, "side": "buy", "timestamp": 1765000461876}, {"id": "528228682", "price": 13.297, "amount": 2.0, "side": "sell", "timestamp": 1765000461921}, {"id": "528228672", "price": 13.294, "amount": 5.0, "side": "sell", "timestamp": 1765000449474}, {"id": "528228673", "price": 13.294, "amount": 1.0, "side": "sell", "timestamp": 1765000449769}, {"id": "528228674", "price": 13.294, "amount": 3.0, "side": "sell", "timestamp": 1765000450350}, {"id": "528228675", "price": 13.295, "amount": 74.0, "side": "buy", "timestamp": 1765000451639}, {"id": "528228676", "price": 13.295, "amount": 4.0, "side": "sell", "timestamp": 1765000452643}, {"id": "528228677", "price": 13.296, "amount": 31.0, "side": "buy", "timestamp": 1765000456905}, {"id": "528228678", "price": 13.297, "amount": 84.0, "side": "buy", "timestamp": 1765000457455}, {"id": "528228679", "price": 13.298, "amount": 61.0, "side": "buy", "timestamp": 1765000457455}, {"id": "528228680", "price": 13.298, "amount": 1.0, "side": "buy", "timestamp": 1765000460077}, {"id": "528228681", "price": 13.298, "amount": 26.0, "side": "buy", "timestamp": 1765000461876}, {"id": "528228682", "price": 13.297, "amount": 2.0, "side": "sell", "timestamp": 1765000461921}, {"id": "528228683", "price": 13.297, "amount": 1.0, "side": "sell", "timestamp": 1765000468901}, {"id": "528228684", "price": 13.297, "amount": 16.0, "side": "sell", "timestamp": 1765000469077}, {"id": "528228685", "price": 13.296, "amount": 1.0, "side": "sell", "timestamp": 1765000470006}, {"id": "528228686", "price": 13.296, "amount": 1.0, "side": "sell", "timestamp": 1765000473617}, {"id": "528228687", "price": 13.296, "amount": 1.0, "side": "sell", "timestamp": 1765000475672}, {"id": "528228688", "price": 13.296, "amount": 83.0, "side": "sell", "timestamp": 1765000479039}, {"id": "528228689", "price": 13.296, "amount": 1614.0, "side": "buy", "timestamp": 1765000479853}, {"id": "528228690", "price": 13.297, "amount": 980.0, "side": "buy", "timestamp": 1765000479853}, {"id": "528228691", "price": 13.298, "amount": 28.0, "side": "buy", "timestamp": 1765000479853}, {"id": "528228692", "price": 13.297, "amount": 3.0, "side": "sell", "timestamp": 1765000482223}, {"id": "528228693", "price": 13.296, "amount": 6.0, "side": "sell", "timestamp": 1765000482247}, {"id": "528228694", "price": 13.295, "amount": 26.0, "side": "sell", "timestamp": 1765000482526}, {"id": "528228695", "price": 13.295, "amount": 18.0, "side": "buy", "timestamp": 1765000483552}, {"id": "528228696", "price": 13.294, "amount": 1.0, "side": "sell", "timestamp": 1765000483773}, {"id": "528228697", "price": 13.295, "amount": 530.0, "side": "buy", "timestamp": 1765000484070}, {"id": "528228698", "price": 13.296, "amount": 5.0, "side": "buy", "timestamp": 1765000484070}, {"id": "528228699", "price": 13.296, "amount": 1.0, "side": "buy", "timestamp": 1765000484981}, {"id": "528228700", "price": 13.296, "amount": 11.0, "side": "buy", "timestamp": 1765000488161}, {"id": "528228701", "price": 13.295, "amount": 1.0, "side": "sell", "timestamp": 1765000488599}, {"id": "528228702", "price": 13.296, "amount": 28.0, "side": "buy", "timestamp": 1765000488813}, {"id": "528228703", "price": 13.296, "amount": 26.0, "side": "buy", "timestamp": 1765000491864}, {"id": "528228704", "price": 13.297, "amount": 25.0, "side": "buy", "timestamp": 1765000492075}, {"id": "528228705", "price": 13.297, "amount": 2.0, "side": "sell", "timestamp": 1765000494807}, {"id": "528228706", "price": 13.297, "amount": 1.0, "side": "sell", "timestamp": 1765000497114}, {"id": "528228707", "price": 13.296, "amount": 6.0, "side": "sell", "timestamp": 1765000497257}, {"id": "528228708", "price": 13.296, "amount": 50.0, "side": "sell", "timestamp": 1765000502517}, {"id": "528228709", "price": 13.296, "amount": 1.0, "side": "buy", "timestamp": 1765000504661}, {"id": "528228710", "price": 13.296, "amount": 1.0, "side": "buy", "timestamp": 1765000504791}, {"id": "528228711", "price": 13.295, "amount": 47.0, "side": "sell", "timestamp": 1765000504801}, {"id": "528228712", "price": 13.295, "amount": 1.0, "side": "buy", "timestamp": 1765000504817}, {"id": "528228713", "price": 13.295, "amount": 1.0, "side": "buy", "timestamp": 1765000505314}, {"id": "528228714", "price": 13.295, "amount": 1.0, "side": "buy", "timestamp": 1765000505424}, {"id": "528228715", "price": 13.294, "amount": 1.0, "side": "sell", "timestamp": 1765000509363}, {"id": "528228716", "price": 13.294, "amount": 1.0, "side": "sell", "timestamp": 1765000510027}, {"id": "528228717", "price": 13.294, "amount": 1.0, "side": "sell", "timestamp": 1765000511666}, {"id": "528228718", "price": 13.295, "amount": 363.0, "side": "buy", "timestamp": 1765000512072}, {"id": "528228719", "price": 13.296, "amount": 230.0, "side": "buy", "timestamp": 1765000512072}, {"id": "528228720", "price": 13.296, "amount": 1.0, "side": "buy", "timestamp": 1765000515007}, {"id": "528228721", "price": 13.295, "amount": 4.0, "side": "sell", "timestamp": 1765000515246}, {"id": "528228712", "price": 13.295, "amount": 1.0, "side": "buy", "timestamp": 1765000504817}, {"id": "528228713", "price": 13.295, "amount": 1.0, "side": "buy", "timestamp": 1765000505314}, {"id": "528228714", "price": 13.295, "amount": 1.0, "side": "buy", "timestamp": 1765000505424}, {"id": "528228715", "price": 13.294, "amount": 1.0, "side": "sell", "timestamp": 1765000509363}, {"id": "528228716", "price": 13.294, "amount": 1.0, "side": "sell", "timestamp": 1765000510027}, {"id": "528228717", "price": 13.294, "amount": 1.0, "side": "sell", "timestamp": 1765000511666}, {"id": "528228718", "price": 13.295, "amount": 363.0, "side": "buy", "timestamp": 1765000512072}, {"id": "528228719", "price": 13.296, "amount": 230.0, "side": "buy", "timestamp": 1765000512072}, {"id": "528228720", "price": 13.296, "amount": 1.0, "side": "buy", "timestamp": 1765000515007}, {"id": "528228721", "price": 13.295, "amount": 4.0, "side": "sell", "timestamp": 1765000515246}, {"id": "528228722", "price": 13.296, "amount": 1.0, "side": "buy", "timestamp": 1765000518110}, {"id": "528228723", "price": 13.296, "amount": 1.0, "side": "buy", "timestamp": 1765000520078}, {"id": "528228724", "price": 13.296, "amount": 472.0, "side": "buy", "timestamp": 1765000524710}, {"id": "528228725", "price": 13.297, "amount": 60.0, "side": "buy", "timestamp": 1765000524821}, {"id": "528228726", "price": 13.298, "amount": 1.0, "side": "buy", "timestamp": 1765000524894}, {"id": "528228727", "price": 13.298, "amount": 1.0, "side": "buy", "timestamp": 1765000525411}, {"id": "528228728", "price": 13.298, "amount": 17.0, "side": "buy", "timestamp": 1765000527799}, {"id": "528228729", "price": 13.298, "amount": 1.0, "side": "buy", "timestamp": 1765000529971}, {"id": "528228730", "price": 13.298, "amount": 58.0, "side": "buy", "timestamp": 1765000531977}, {"id": "528228731", "price": 13.299, "amount": 1.0, "side": "buy", "timestamp": 1765000534808}, {"id": "528228732", "price": 13.298, "amount": 2.0, "side": "sell", "timestamp": 1765000538598}, {"id": "528228733", "price": 13.299, "amount": 220.0, "side": "buy", "timestamp": 1765000541576}, {"id": "528228734", "price": 13.3, "amount": 295.0, "side": "buy", "timestamp": 1765000541576}, {"id": "528228735", "price": 13.301, "amount": 271.0, "side": "buy", "timestamp": 1765000541576}, {"id": "528228736", "price": 13.301, "amount": 333.0, "side": "buy", "timestamp": 1765000542929}, {"id": "528228737", "price": 13.302, "amount": 448.0, "side": "buy", "timestamp": 1765000542943}, {"id": "528228738", "price": 13.303, "amount": 187.0, "side": "buy", "timestamp": 1765000542944}, {"id": "528228739", "price": 13.304, "amount": 626.0, "side": "buy", "timestamp": 1765000542944}, {"id": "528228740", "price": 13.305, "amount": 300.0, "side": "buy", "timestamp": 1765000542964}, {"id": "528228741", "price": 13.306, "amount": 75.0, "side": "buy", "timestamp": 1765000542980}, {"id": "528228742", "price": 13.306, "amount": 1.0, "side": "buy", "timestamp": 1765000547667}, {"id": "528228743", "price": 13.306, "amount": 81.0, "side": "buy", "timestamp": 1765000547871}, {"id": "528228744", "price": 13.307, "amount": 90.0, "side": "buy", "timestamp": 1765000547915}, {"id": "528228745", "price": 13.308, "amount": 1020.0, "side": "buy", "timestamp": 1765000547915}, {"id": "528228746", "price": 13.307, "amount": 1.0, "side": "sell", "timestamp": 1765000549261}, {"id": "528228747", "price": 13.307, "amount": 6.0, "side": "sell", "timestamp": 1765000555621}, {"id": "528228748", "price": 13.308, "amount": 1.0, "side": "buy", "timestamp": 1765000557321}, {"id": "528228749", "price": 13.307, "amount": 6.0, "side": "sell", "timestamp": 1765000557421}, {"id": "528228750", "price": 13.307, "amount": 1.0, "side": "sell", "timestamp": 1765000557627}, {"id": "528228751", "price": 13.307, "amount": 1.0, "side": "sell", "timestamp": 1765000560656}, {"id": "528228752", "price": 13.307, "amount": 1.0, "side": "sell", "timestamp": 1765000561330}, {"id": "528228753", "price": 13.307, "amount": 2.0, "side": "sell", "timestamp": 1765000561706}, {"id": "528228754", "price": 13.308, "amount": 1.0, "side": "buy", "timestamp": 1765000562149}, {"id": "528228755", "price": 13.308, "amount": 2.0, "side": "buy", "timestamp": 1765000564931}, {"id": "528228756", "price": 13.308, "amount": 1.0, "side": "buy", "timestamp": 1765000565584}, {"id": "528228757", "price": 13.307, "amount": 1.0, "side": "sell", "timestamp": 1765000566911}, {"id": "528228758", "price": 13.307, "amount": 96.0, "side": "sell", "timestamp": 1765000567368}, {"id": "528228759", "price": 13.307, "amount": 1086.0, "side": "sell", "timestamp": 1765000567723}, {"id": "528228760", "price": 13.306, "amount": 232.0, "side": "sell", "timestamp": 1765000567740}, {"id": "528228761", "price": 13.305, "amount": 1.0, "side": "sell", "timestamp": 1765000567885}, {"id": "528228741", "price": 13.306, "amount": 75.0, "side": "buy", "timestamp": 1765000542980}, {"id": "528228742", "price": 13.306, "amount": 1.0, "side": "buy", "timestamp": 1765000547667}, {"id": "528228743", "price": 13.306, "amount": 81.0, "side": "buy", "timestamp": 1765000547871}, {"id": "528228744", "price": 13.307, "amount": 90.0, "side": "buy", "timestamp": 1765000547915}, {"id": "528228745", "price": 13.308, "amount": 1020.0, "side": "buy", "timestamp": 1765000547915}, {"id": "528228746", "price": 13.307, "amount": 1.0, "side": "sell", "timestamp": 1765000549261}, {"id": "528228747", "price": 13.307, "amount": 6.0, "side": "sell", "timestamp": 1765000555621}, {"id": "528228748", "price": 13.308, "amount": 1.0, "side": "buy", "timestamp": 1765000557321}, {"id": "528228749", "price": 13.307, "amount": 6.0, "side": "sell", "timestamp": 1765000557421}, {"id": "528228750", "price": 13.307, "amount": 1.0, "side": "sell", "timestamp": 1765000557627}, {"id": "528228751", "price": 13.307, "amount": 1.0, "side": "sell", "timestamp": 1765000560656}, {"id": "528228752", "price": 13.307, "amount": 1.0, "side": "sell", "timestamp": 1765000561330}, {"id": "528228753", "price": 13.307, "amount": 2.0, "side": "sell", "timestamp": 1765000561706}, {"id": "528228754", "price": 13.308, "amount": 1.0, "side": "buy", "timestamp": 1765000562149}, {"id": "528228755", "price": 13.308, "amount": 2.0, "side": "buy", "timestamp": 1765000564931}, {"id": "528228756", "price": 13.308, "amount": 1.0, "side": "buy", "timestamp": 1765000565584}, {"id": "528228757", "price": 13.307, "amount": 1.0, "side": "sell", "timestamp": 1765000566911}, {"id": "528228758", "price": 13.307, "amount": 96.0, "side": "sell", "timestamp": 1765000567368}, {"id": "528228759", "price": 13.307, "amount": 1086.0, "side": "sell", "timestamp": 1765000567723}, {"id": "528228760", "price": 13.306, "amount": 232.0, "side": "sell", "timestamp": 1765000567740}, {"id": "528228761", "price": 13.305, "amount": 1.0, "side": "sell", "timestamp": 1765000567885}, {"id": "528228762", "price": 13.305, "amount": 1.0, "side": "sell", "timestamp": 1765000569182}, {"id": "528228763", "price": 13.305, "amount": 1.0, "side": "sell", "timestamp": 1765000569818}, {"id": "528228764", "price": 13.305, "amount": 267.0, "side": "sell", "timestamp": 1765000570936}, {"id": "528228765", "price": 13.305, "amount": 28.0, "side": "sell", "timestamp": 1765000573448}, {"id": "528228766", "price": 13.305, "amount": 28.0, "side": "sell", "timestamp": 1765000573880}, {"id": "528228767", "price": 13.305, "amount": 1.0, "side": "sell", "timestamp": 1765000574863}, {"id": "528228768", "price": 13.305, "amount": 4.0, "side": "sell", "timestamp": 1765000575442}, {"id": "528228769", "price": 13.305, "amount": 6.0, "side": "sell", "timestamp": 1765000576121}, {"id": "528228770", "price": 13.305, "amount": 801.0, "side": "sell", "timestamp": 1765000576729}, {"id": "528228771", "price": 13.305, "amount": 1.0, "side": "buy", "timestamp": 1765000579535}, {"id": "528228772", "price": 13.304, "amount": 1.0, "side": "sell", "timestamp": 1765000579802}, {"id": "528228773", "price": 13.304, "amount": 1.0, "side": "sell", "timestamp": 1765000583666}, {"id": "528228774", "price": 13.304, "amount": 1.0, "side": "sell", "timestamp": 1765000585037}, {"id": "528228775", "price": 13.305, "amount": 3.0, "side": "buy", "timestamp": 1765000587596}, {"id": "528228776", "price": 13.305, "amount": 68.0, "side": "buy", "timestamp": 1765000588217}, {"id": "528228777", "price": 13.304, "amount": 1.0, "side": "sell", "timestamp": 1765000589758}, {"id": "528228778", "price": 13.305, "amount": 1.0, "side": "buy", "timestamp": 1765000590097}, {"id": "528228779", "price": 13.304, "amount": 1217.0, "side": "sell", "timestamp": 1765000591294}, {"id": "528228780", "price": 13.304, "amount": 1.0, "side": "buy", "timestamp": 1765000594186}, {"id": "528228781", "price": 13.303, "amount": 11.0, "side": "sell", "timestamp": 1765000596425}, {"id": "528228782", "price": 13.304, "amount": 1.0, "side": "buy", "timestamp": 1765000599101}, {"id": "528228783", "price": 13.303, "amount": 1.0, "side": "sell", "timestamp": 1765000600213}, {"id": "528228784", "price": 13.304, "amount": 62.0, "side": "buy", "timestamp": 1765000605180}, {"id": "528228785", "price": 13.304, "amount": 1.0, "side": "buy", "timestamp": 1765000606683}, {"id": "528228786", "price": 13.304, "amount": 92.0, "side": "buy", "timestamp": 1765000612314}, {"id": "528228787", "price": 13.305, "amount": 3.0, "side": "buy", "timestamp": 1765000612314}, {"id": "528228788", "price": 13.305, "amount": 743.0, "side": "buy", "timestamp": 1765000614486}, {"id": "528228789", "price": 13.305, "amount": 2.0, "side": "sell", "timestamp": 1765000615197}, {"id": "528228790", "price": 13.305, "amount": 10.0, "side": "sell", "timestamp": 1765000617257}, {"id": "528228768", "price": 13.305, "amount": 4.0, "side": "sell", "timestamp": 1765000575442}, {"id": "528228769", "price": 13.305, "amount": 6.0, "side": "sell", "timestamp": 1765000576121}, {"id": "528228770", "price": 13.305, "amount": 801.0, "side": "sell", "timestamp": 1765000576729}, {"id": "528228771", "price": 13.305, "amount": 1.0, "side": "buy", "timestamp": 1765000579535}, {"id": "528228772", "price": 13.304, "amount": 1.0, "side": "sell", "timestamp": 1765000579802}, {"id": "528228773", "price": 13.304, "amount": 1.0, "side": "sell", "timestamp": 1765000583666}, {"id": "528228774", "price": 13.304, "amount": 1.0, "side": "sell", "timestamp": 1765000585037}, {"id": "528228775", "price": 13.305, "amount": 3.0, "side": "buy", "timestamp": 1765000587596}, {"id": "528228776", "price": 13.305, "amount": 68.0, "side": "buy", "timestamp": 1765000588217}, {"id": "528228777", "price": 13.304, "amount": 1.0, "side": "sell", "timestamp": 1765000589758}, {"id": "528228778", "price": 13.305, "amount": 1.0, "side": "buy", "timestamp": 1765000590097}, {"id": "528228779", "price": 13.304, "amount": 1217.0, "side": "sell", "timestamp": 1765000591294}, {"id": "528228780", "price": 13.304, "amount": 1.0, "side": "buy", "timestamp": 1765000594186}, {"id": "528228781", "price": 13.303, "amount": 11.0, "side": "sell", "timestamp": 1765000596425}, {"id": "528228782", "price": 13.304, "amount": 1.0, "side": "buy", "timestamp": 1765000599101}, {"id": "528228783", "price": 13.303, "amount": 1.0, "side": "sell", "timestamp": 1765000600213}, {"id": "528228784", "price": 13.304, "amount": 62.0, "side": "buy", "timestamp": 1765000605180}, {"id": "528228785", "price": 13.304, "amount": 1.0, "side": "buy", "timestamp": 1765000606683}, {"id": "528228786", "price": 13.304, "amount": 92.0, "side": "buy", "timestamp": 1765000612314}, {"id": "528228787", "price": 13.305, "amount": 3.0, "side": "buy", "timestamp": 1765000612314}, {"id": "528228788", "price": 13.305, "amount": 743.0, "side": "buy", "timestamp": 1765000614486}, {"id": "528228789", "price": 13.305, "amount": 2.0, "side": "sell", "timestamp": 1765000615197}, {"id": "528228790", "price": 13.305, "amount": 10.0, "side": "sell", "timestamp": 1765000617257}, {"id": "528228791", "price": 13.305, "amount": 1.0, "side": "sell", "timestamp": 1765000619665}, {"id": "528228792", "price": 13.305, "amount": 15.0, "side": "sell", "timestamp": 1765000626477}, {"id": "528228793", "price": 13.305, "amount": 7.0, "side": "sell", "timestamp": 1765000629817}, {"id": "528228794", "price": 13.306, "amount": 5.0, "side": "buy", "timestamp": 1765000629894}, {"id": "528228795", "price": 13.306, "amount": 4.0, "side": "buy", "timestamp": 1765000630018}, {"id": "528228796", "price": 13.305, "amount": 1.0, "side": "sell", "timestamp": 1765000634376}, {"id": "528228797", "price": 13.305, "amount": 1.0, "side": "sell", "timestamp": 1765000634610}, {"id": "528228798", "price": 13.305, "amount": 1.0, "side": "sell", "timestamp": 1765000634845}, {"id": "528228799", "price": 13.306, "amount": 2.0, "side": "buy", "timestamp": 1765000634923}, {"id": "528228800", "price": 13.305, "amount": 4.0, "side": "sell", "timestamp": 1765000635246}, {"id": "528228801", "price": 13.305, "amount": 1321.0, "side": "sell", "timestamp": 1765000635571}, {"id": "528228802", "price": 13.304, "amount": 715.0, "side": "sell", "timestamp": 1765000638291}, {"id": "528228803", "price": 13.303, "amount": 397.0, "side": "sell", "timestamp": 1765000638295}, {"id": "528228804", "price": 13.302, "amount": 6.0, "side": "sell", "timestamp": 1765000642767}, {"id": "528228805", "price": 13.303, "amount": 2.0, "side": "buy", "timestamp": 1765000650010}, {"id": "528228806", "price": 13.302, "amount": 3.0, "side": "sell", "timestamp": 1765000652552}, {"id": "528228807", "price": 13.303, "amount": 2.0, "side": "buy", "timestamp": 1765000654754}, {"id": "528228808", "price": 13.302, "amount": 1.0, "side": "sell", "timestamp": 1765000655667}, {"id": "528228809", "price": 13.302, "amount": 4.0, "side": "sell", "timestamp": 1765000656058}, {"id": "528228810", "price": 13.303, "amount": 15.0, "side": "buy", "timestamp": 1765000657023}, {"id": "528228811", "price": 13.302, "amount": 5.0, "side": "sell", "timestamp": 1765000657700}, {"id": "528228812", "price": 13.303, "amount": 2.0, "side": "buy", "timestamp": 1765000659857}, {"id": "528228813", "price": 13.303, "amount": 1.0, "side": "buy", "timestamp": 1765000664738}, {"id": "528228814", "price": 13.303, "amount": 1.0, "side": "buy", "timestamp": 1765000664866}, {"id": "528228815", "price": 13.303, "amount": 1.0, "side": "buy", "timestamp": 1765000669275}, {"id": "528228816", "price": 13.303, "amount": 4.0, "side": "buy", "timestamp": 1765000669837}, {"id": "528228817", "price": 13.303, "amount": 3.0, "side": "buy", "timestamp": 1765000670252}, {"id": "528228822", "price": 13.303, "amount": 6.0, "side": "buy", "timestamp": 1765000673520}, {"id": "528228823", "price": 13.302, "amount": 2.0, "side": "sell", "timestamp": 1765000673757}, {"id": "528228824", "price": 13.302, "amount": 10.0, "side": "sell", "timestamp": 1765000677217}, {"id": "528228825", "price": 13.303, "amount": 50.0, "side": "buy", "timestamp": 1765000679935}, {"id": "528228826", "price": 13.303, "amount": 1.0, "side": "buy", "timestamp": 1765000680046}, {"id": "528228827", "price": 13.303, "amount": 15.0, "side": "buy", "timestamp": 1765000680543}, {"id": "528228828", "price": 13.302, "amount": 4.0, "side": "sell", "timestamp": 1765000681051}, {"id": "528228829", "price": 13.302, "amount": 1.0, "side": "sell", "timestamp": 1765000682144}, {"id": "528228830", "price": 13.302, "amount": 4.0, "side": "sell", "timestamp": 1765000682300}, {"id": "528228831", "price": 13.302, "amount": 1.0, "side": "sell", "timestamp": 1765000682427}, {"id": "528228832", "price": 13.303, "amount": 13.0, "side": "buy", "timestamp": 1765000682580}, {"id": "528228833", "price": 13.303, "amount": 34.0, "side": "buy", "timestamp": 1765000685246}, {"id": "528228834", "price": 13.302, "amount": 3.0, "side": "sell", "timestamp": 1765000686934}, {"id": "528228835", "price": 13.302, "amount": 1.0, "side": "sell", "timestamp": 1765000689711}, {"id": "528228836", "price": 13.303, "amount": 4.0, "side": "buy", "timestamp": 1765000689754}, {"id": "528228837", "price": 13.303, "amount": 4.0, "side": "buy", "timestamp": 1765000689901}, {"id": "528228838", "price": 13.303, "amount": 1.0, "side": "buy", "timestamp": 1765000690009}, {"id": "528228839", "price": 13.302, "amount": 4.0, "side": "sell", "timestamp": 1765000690157}, {"id": "528228840", "price": 13.303, "amount": 9.0, "side": "buy", "timestamp": 1765000690475}, {"id": "528228841", "price": 13.302, "amount": 1.0, "side": "sell", "timestamp": 1765000691664}, {"id": "528228842", "price": 13.303, "amount": 17.0, "side": "buy", "timestamp": 1765000692978}, {"id": "528228843", "price": 13.302, "amount": 1.0, "side": "sell", "timestamp": 1765000694705}, {"id": "528228844", "price": 13.303, "amount": 1.0, "side": "buy", "timestamp": 1765000694999}, {"id": "528228845", "price": 13.302, "amount": 13.0, "side": "sell", "timestamp": 1765000695005}, {"id": "528228846", "price": 13.303, "amount": 1.0, "side": "buy", "timestamp": 1765000695092}, {"id": "528228847", "price": 13.303, "amount": 1.0, "side": "buy", "timestamp": 1765000695803}, {"id": "528228848", "price": 13.303, "amount": 2.0, "side": "buy", "timestamp": 1765000695909}, {"id": "528228849", "price": 13.302, "amount": 3.0, "side": "sell", "timestamp": 1765000698167}, {"id": "528228850", "price": 13.303, "amount": 1.0, "side": "buy", "timestamp": 1765000699721}, {"id": "528228851", "price": 13.303, "amount": 1.0, "side": "buy", "timestamp": 1765000699852}, {"id": "528228852", "price": 13.302, "amount": 1.0, "side": "sell", "timestamp": 1765000700027}, {"id": "528228853", "price": 13.303, "amount": 1.0, "side": "buy", "timestamp": 1765000703025}, {"id": "528228854", "price": 13.302, "amount": 1.0, "side": "sell", "timestamp": 1765000704882}, {"id": "528228855", "price": 13.303, "amount": 2.0, "side": "buy", "timestamp": 1765000704905}, {"id": "528228856", "price": 13.302, "amount": 6.0, "side": "sell", "timestamp": 1765000707118}, {"id": "528228857", "price": 13.302, "amount": 1.0, "side": "sell", "timestamp": 1765000708740}, {"id": "528228858", "price": 13.303, "amount": 2.0, "side": "buy", "timestamp": 1765000709800}, {"id": "528228859", "price": 13.302, "amount": 1.0, "side": "sell", "timestamp": 1765000709889}, {"id": "528228860", "price": 13.302, "amount": 6.0, "side": "sell", "timestamp": 1765000711221}, {"id": "528228861", "price": 13.303, "amount": 13.0, "side": "buy", "timestamp": 1765000711355}, {"id": "528228862", "price": 13.302, "amount": 62.0, "side": "sell", "timestamp": 1765000713613}, {"id": "528228863", "price": 13.302, "amount": 1.0, "side": "sell", "timestamp": 1765000714464}, {"id": "528228864", "price": 13.303, "amount": 6.0, "side": "buy", "timestamp": 1765000714519}, {"id": "528228865", "price": 13.302, "amount": 2.0, "side": "sell", "timestamp": 1765000714531}, {"id": "528228866", "price": 13.303, "amount": 2.0, "side": "buy", "timestamp": 1765000714861}, {"id": "528228867", "price": 13.302, "amount": 1.0, "side": "sell", "timestamp": 1765000717246}, {"id": "528228868", "price": 13.302, "amount": 2.0, "side": "sell", "timestamp": 1765000717642}, {"id": "528228869", "price": 13.302, "amount": 1.0, "side": "sell", "timestamp": 1765000718098}, {"id": "528228870", "price": 13.302, "amount": 1.0, "side": "sell", "timestamp": 1765000719878}, {"id": "528228871", "price": 13.303, "amount": 1.0, "side": "buy", "timestamp": 1765000719889}, {"id": "528228856", "price": 13.302, "amount": 6.0, "side": "sell", "timestamp": 1765000707118}, {"id": "528228857", "price": 13.302, "amount": 1.0, "side": "sell", "timestamp": 1765000708740}, {"id": "528228858", "price": 13.303, "amount": 2.0, "side": "buy", "timestamp": 1765000709800}, {"id": "528228859", "price": 13.302, "amount": 1.0, "side": "sell", "timestamp": 1765000709889}, {"id": "528228860", "price": 13.302, "amount": 6.0, "side": "sell", "timestamp": 1765000711221}, {"id": "528228861", "price": 13.303, "amount": 13.0, "side": "buy", "timestamp": 1765000711355}, {"id": "528228862", "price": 13.302, "amount": 62.0, "side": "sell", "timestamp": 1765000713613}, {"id": "528228863", "price": 13.302, "amount": 1.0, "side": "sell", "timestamp": 1765000714464}, {"id": "528228864", "price": 13.303, "amount": 6.0, "side": "buy", "timestamp": 1765000714519}, {"id": "528228865", "price": 13.302, "amount": 2.0, "side": "sell", "timestamp": 1765000714531}, {"id": "528228866", "price": 13.303, "amount": 2.0, "side": "buy", "timestamp": 1765000714861}, {"id": "528228867", "price": 13.302, "amount": 1.0, "side": "sell", "timestamp": 1765000717246}, {"id": "528228868", "price": 13.302, "amount": 2.0, "side": "sell", "timestamp": 1765000717642}, {"id": "528228869", "price": 13.302, "amount": 1.0, "side": "sell", "timestamp": 1765000718098}, {"id": "528228870", "price": 13.302, "amount": 1.0, "side": "sell", "timestamp": 1765000719878}, {"id": "528228871", "price": 13.303, "amount": 1.0, "side": "buy", "timestamp": 1765000719889}, {"id": "528228872", "price": 13.303, "amount": 1206.0, "side": "buy", "timestamp": 1765000724228}, {"id": "528228873", "price": 13.304, "amount": 305.0, "side": "buy", "timestamp": 1765000724277}, {"id": "528228874", "price": 13.305, "amount": 1.0, "side": "buy", "timestamp": 1765000724834}, {"id": "528228875", "price": 13.305, "amount": 2.0, "side": "buy", "timestamp": 1765000726877}, {"id": "528228876", "price": 13.305, "amount": 1.0, "side": "sell", "timestamp": 1765000727659}, {"id": "528228877", "price": 13.306, "amount": 3.0, "side": "buy", "timestamp": 1765000729838}, {"id": "528228878", "price": 13.305, "amount": 8.0, "side": "sell", "timestamp": 1765000735378}, {"id": "528228879", "price": 13.305, "amount": 12.0, "side": "sell", "timestamp": 1765000741620}, {"id": "528228880", "price": 13.305, "amount": 6.0, "side": "sell", "timestamp": 1765000741819}, {"id": "528228881", "price": 13.306, "amount": 1.0, "side": "buy", "timestamp": 1765000742637}, {"id": "528228882", "price": 13.305, "amount": 516.0, "side": "sell", "timestamp": 1765000744854}, {"id": "528228883", "price": 13.304, "amount": 258.0, "side": "sell", "timestamp": 1765000744860}, {"id": "528228884", "price": 13.303, "amount": 83.0, "side": "sell", "timestamp": 1765000744861}, {"id": "528228885", "price": 13.303, "amount": 1.0, "side": "buy", "timestamp": 1765000746598}, {"id": "528228886", "price": 13.302, "amount": 1.0, "side": "sell", "timestamp": 1765000749780}, {"id": "528228887", "price": 13.302, "amount": 2.0, "side": "sell", "timestamp": 1765000749914}, {"id": "528228888", "price": 13.302, "amount": 1.0, "side": "sell", "timestamp": 1765000750137}, {"id": "528228889", "price": 13.302, "amount": 3.0, "side": "sell", "timestamp": 1765000750382}, {"id": "528228890", "price": 13.302, "amount": 1.0, "side": "sell", "timestamp": 1765000750762}, {"id": "528228891", "price": 13.302, "amount": 26.0, "side": "sell", "timestamp": 1765000752374}, {"id": "528228892", "price": 13.302, "amount": 2.0, "side": "sell", "timestamp": 1765000752843}, {"id": "528228893", "price": 13.302, "amount": 826.0, "side": "sell", "timestamp": 1765000753203}, {"id": "528228894", "price": 13.301, "amount": 14.0, "side": "sell", "timestamp": 1765000753229}, {"id": "528228895", "price": 13.3, "amount": 1.0, "side": "sell", "timestamp": 1765000754969}, {"id": "528228896", "price": 13.301, "amount": 1.0, "side": "buy", "timestamp": 1765000757607}, {"id": "528228897", "price": 13.3, "amount": 1.0, "side": "sell", "timestamp": 1765000759893}, {"id": "528228898", "price": 13.301, "amount": 12.0, "side": "buy", "timestamp": 1765000759918}, {"id": "528228899", "price": 13.3, "amount": 239.0, "side": "sell", "timestamp": 1765000762874}, {"id": "528228900", "price": 13.3, "amount": 1.0, "side": "sell", "timestamp": 1765000763671}, {"id": "528228901", "price": 13.301, "amount": 1.0, "side": "buy", "timestamp": 1765000764917}, {"id": "528228902", "price": 13.3, "amount": 1.0, "side": "sell", "timestamp": 1765000765041}, {"id": "528228903", "price": 13.3, "amount": 1.0, "side": "sell", "timestamp": 1765000769967}, {"id": "528228904", "price": 13.301, "amount": 1.0, "side": "buy", "timestamp": 1765000769984}, {"id": "528228905", "price": 13.3, "amount": 1.0, "side": "sell", "timestamp": 1765000770955}, {"id": "528228925", "price": 13.295, "amount": 11.0, "side": "sell", "timestamp": 1765000799419}, {"id": "528228926", "price": 13.295, "amount": 1.0, "side": "sell", "timestamp": 1765000799657}, {"id": "528228927", "price": 13.296, "amount": 22.0, "side": "buy", "timestamp": 1765000800363}, {"id": "528228928", "price": 13.295, "amount": 164.0, "side": "sell", "timestamp": 1765000800574}, {"id": "528228929", "price": 13.294, "amount": 25.0, "side": "sell", "timestamp": 1765000800822}, {"id": "528228930", "price": 13.295, "amount": 4.0, "side": "buy", "timestamp": 1765000802747}, {"id": "528228931", "price": 13.296, "amount": 13.0, "side": "buy", "timestamp": 1765000802747}, {"id": "528228932", "price": 13.295, "amount": 75.0, "side": "sell", "timestamp": 1765000803671}, {"id": "528228933", "price": 13.294, "amount": 13.0, "side": "sell", "timestamp": 1765000803671}, {"id": "528228934", "price": 13.295, "amount": 1.0, "side": "buy", "timestamp": 1765000804229}, {"id": "528228935", "price": 13.294, "amount": 380.0, "side": "sell", "timestamp": 1765000804282}, {"id": "528228936", "price": 13.293, "amount": 7.0, "side": "sell", "timestamp": 1765000804331}, {"id": "528228937", "price": 13.292, "amount": 178.0, "side": "sell", "timestamp": 1765000804406}, {"id": "528228938", "price": 13.291, "amount": 82.0, "side": "sell", "timestamp": 1765000804407}, {"id": "528228939", "price": 13.291, "amount": 171.0, "side": "sell", "timestamp": 1765000804668}, {"id": "528228940", "price": 13.29, "amount": 350.0, "side": "sell", "timestamp": 1765000804668}, {"id": "528228941", "price": 13.289, "amount": 186.0, "side": "sell", "timestamp": 1765000804671}, {"id": "528228942", "price": 13.29, "amount": 4.0, "side": "sell", "timestamp": 1765000804681}, {"id": "528228943", "price": 13.289, "amount": 98.0, "side": "sell", "timestamp": 1765000804681}, {"id": "528228944", "price": 13.289, "amount": 1.0, "side": "buy", "timestamp": 1765000804952}, {"id": "528228945", "price": 13.288, "amount": 1.0, "side": "sell", "timestamp": 1765000805394}, {"id": "528228946", "price": 13.288, "amount": 402.0, "side": "sell", "timestamp": 1765000806554}, {"id": "528228947", "price": 13.287, "amount": 146.0, "side": "sell", "timestamp": 1765000806713}, {"id": "528228948", "price": 13.286, "amount": 4.0, "side": "sell", "timestamp": 1765000806832}, {"id": "528228949", "price": 13.285, "amount": 3.0, "side": "sell", "timestamp": 1765000807266}, {"id": "528228950", "price": 13.285, "amount": 1.0, "side": "buy", "timestamp": 1765000808298}, {"id": "528228951", "price": 13.285, "amount": 7.0, "side": "buy", "timestamp": 1765000809107}, {"id": "528228952", "price": 13.284, "amount": 13.0, "side": "sell", "timestamp": 1765000809540}, {"id": "528228953", "price": 13.285, "amount": 85.0, "side": "buy", "timestamp": 1765000810050}, {"id": "528228954", "price": 13.284, "amount": 150.0, "side": "sell", "timestamp": 1765000810537}, {"id": "528228955", "price": 13.285, "amount": 256.0, "side": "buy", "timestamp": 1765000812998}, {"id": "528228956", "price": 13.286, "amount": 100.0, "side": "buy", "timestamp": 1765000813000}, {"id": "528228957", "price": 13.286, "amount": 13.0, "side": "sell", "timestamp": 1765000813569}, {"id": "528228958", "price": 13.285, "amount": 10.0, "side": "sell", "timestamp": 1765000813620}, {"id": "528228959", "price": 13.284, "amount": 1.0, "side": "sell", "timestamp": 1765000815148}, {"id": "528228960", "price": 13.284, "amount": 8.0, "side": "sell", "timestamp": 1765000815727}, {"id": "528228961", "price": 13.284, "amount": 12.0, "side": "sell", "timestamp": 1765000816120}, {"id": "528228962", "price": 13.284, "amount": 6.0, "side": "sell", "timestamp": 1765000816321}, {"id": "528228963", "price": 13.284, "amount": 48.0, "side": "sell", "timestamp": 1765000817533}, {"id": "528228964", "price": 13.284, "amount": 13.0, "side": "sell", "timestamp": 1765000817730}, {"id": "528228965", "price": 13.284, "amount": 7.0, "side": "sell", "timestamp": 1765000818617}, {"id": "528228966", "price": 13.285, "amount": 1.0, "side": "buy", "timestamp": 1765000819019}, {"id": "528228967", "price": 13.284, "amount": 3.0, "side": "sell", "timestamp": 1765000819407}, {"id": "528228968", "price": 13.284, "amount": 10.0, "side": "sell", "timestamp": 1765000819714}, {"id": "528228969", "price": 13.284, "amount": 3.0, "side": "sell", "timestamp": 1765000821004}, {"id": "528228970", "price": 13.284, "amount": 11.0, "side": "sell", "timestamp": 1765000822789}, {"id": "528228971", "price": 13.284, "amount": 4.0, "side": "sell", "timestamp": 1765000823176}, {"id": "528228972", "price": 13.285, "amount": 1.0, "side": "buy", "timestamp": 1765000824847}, {"id": "528228973", "price": 13.285, "amount": 1.0, "side": "buy", "timestamp": 1765000824959}, {"id": "528228974", "price": 13.284, "amount": 1.0, "side": "sell", "timestamp": 1765000825033}]