[{"id": "704240534", "price": 2.0405, "amount": 2.7, "side": "sell", "timestamp": 1764999799803}, {"id": "704240535", "price": 2.0406, "amount": 490.0, "side": "buy", "timestamp": 1764999799907}, {"id": "704240536", "price": 2.0405, "amount": 13477.4, "side": "sell", "timestamp": 1764999801267}, {"id": "704240537", "price": 2.0404, "amount": 15770.5, "side": "sell", "timestamp": 1764999801267}, {"id": "704240538", "price": 2.0403, "amount": 10073.8, "side": "sell", "timestamp": 1764999801267}, {"id": "704240539", "price": 2.0404, "amount": 64.6, "side": "buy", "timestamp": 1764999801594}, {"id": "704240540", "price": 2.0405, "amount": 196.5, "side": "buy", "timestamp": 1764999802698}, {"id": "704240541", "price": 2.0405, "amount": 49.0, "side": "buy", "timestamp": 1764999803320}, {"id": "704240542", "price": 2.0404, "amount": 20.0, "side": "sell", "timestamp": 1764999804387}, {"id": "704240543", "price": 2.0405, "amount": 583.3, "side": "buy", "timestamp": 1764999805088}, {"id": "704240544", "price": 2.0404, "amount": 510.8, "side": "sell", "timestamp": 1764999805259}, {"id": "704240545", "price": 2.0405, "amount": 81.9, "side": "buy", "timestamp": 1764999806374}, {"id": "704240546", "price": 2.0405, "amount": 1174.4, "side": "buy", "timestamp": 1764999806764}, {"id": "704240547", "price": 2.0405, "amount": 144.3, "side": "buy", "timestamp": 1764999807124}, {"id": "704240548", "price": 2.0405, "amount": 11023.3, "side": "buy", "timestamp": 1764999808122}, {"id": "704240549", "price": 2.0405, "amount": 27.1, "side": "buy", "timestamp": 1764999808756}, {"id": "704240550", "price": 2.0405, "amount": 500.0, "side": "buy", "timestamp": 1764999810682}, {"id": "704240551", "price": 2.0405, "amount": 3.0, "side": "buy", "timestamp": 1764999810922}, {"id": "704240552", "price": 2.0404, "amount": 2.8, "side": "sell", "timestamp": 1764999811698}, {"id": "704240553", "price": 2.0405, "amount": 5.9, "side": "buy", "timestamp": 1764999811804}, {"id": "704240554", "price": 2.0405, "amount": 3.0, "side": "buy", "timestamp": 1764999813657}, {"id": "704240555", "price": 2.0405, "amount": 690.2, "side": "buy", "timestamp": 1764999814157}, {"id": "704240556", "price": 2.0405, "amount": 7.1, "side": "buy", "timestamp": 1764999816870}, {"id": "704240557", "price": 2.0405, "amount": 309.3, "side": "buy", "timestamp": 1764999817029}, {"id": "704240558", "price": 2.0404, "amount": 3822.3, "side": "sell", "timestamp": 1764999817396}, {"id": "704240559", "price": 2.0403, "amount": 333.2, "side": "sell", "timestamp": 1764999817461}, {"id": "704240560", "price": 2.0402, "amount": 2912.5, "side": "sell", "timestamp": 1764999817704}, {"id": "704240561", "price": 2.0402, "amount": 41.9, "side": "buy", "timestamp": 1764999819478}, {"id": "704240562", "price": 2.0402, "amount": 974.8, "side": "buy", "timestamp": 1764999820008}, {"id": "704240563", "price": 2.0401, "amount": 8.1, "side": "sell", "timestamp": 1764999820086}, {"id": "704240564", "price": 2.0401, "amount": 4.9, "side": "sell", "timestamp": 1764999820611}, {"id": "704240565", "price": 2.0401, "amount": 193.1, "side": "sell", "timestamp": 1764999822266}, {"id": "704240566", "price": 2.0402, "amount": 4.6, "side": "buy", "timestamp": 1764999822611}, {"id": "704240567", "price": 2.0401, "amount": 16.0, "side": "sell", "timestamp": 1764999822664}, {"id": "704240568", "price": 2.0401, "amount": 2.8, "side": "sell", "timestamp": 1764999824077}, {"id": "704240569", "price": 2.0401, "amount": 8.5, "side": "sell", "timestamp": 1764999824838}, {"id": "704240570", "price": 2.0402, "amount": 102.6, "side": "buy", "timestamp": 1764999825165}, {"id": "704240571", "price": 2.0401, "amount": 6837.7, "side": "sell", "timestamp": 1764999825701}, {"id": "704240572", "price": 2.04, "amount": 4309.3, "side": "sell", "timestamp": 1764999825701}, {"id": "704240573", "price": 2.0399, "amount": 1813.8, "side": "sell", "timestamp": 1764999825701}, {"id": "704240574", "price": 2.0399, "amount": 5.5, "side": "sell", "timestamp": 1764999826007}, {"id": "704240575", "price": 2.0399, "amount": 4.5, "side": "sell", "timestamp": 1764999826841}, {"id": "704240576", "price": 2.0399, "amount": 5.9, "side": "sell", "timestamp": 1764999827661}, {"id": "704240577", "price": 2.04, "amount": 5.9, "side": "buy", "timestamp": 1764999829114}, {"id": "704240578", "price": 2.04, "amount": 2219.8, "side": "buy", "timestamp": 1764999829457}, {"id": "704240579", "price": 2.0401, "amount": 2075.6, "side": "buy", "timestamp": 1764999829459}, {"id": "704240580", "price": 2.0402, "amount": 4730.3, "side": "buy", "timestamp": 1764999830369}, {"id": "704240581", "price": 2.0402, "amount": 1361.8, "side": "buy", "timestamp": 1764999831581}, {"id": "704240582", "price": 2.0402, "amount": 4152.8, "side": "buy", "timestamp": 1764999831843}, {"id": "704240583", "price": 2.0402, "amount": 187.0, "side": "sell", "timestamp": 1764999834146}, {"id": "704240637", "price": 2.0393, "amount": 70.7, "side": "buy", "timestamp": 1764999856835}, {"id": "704240638", "price": 2.0393, "amount": 5.9, "side": "buy", "timestamp": 1764999857519}, {"id": "704240639", "price": 2.0392, "amount": 353.4, "side": "sell", "timestamp": 1764999859868}, {"id": "704240640", "price": 2.0393, "amount": 12.7, "side": "buy", "timestamp": 1764999859969}, {"id": "704240641", "price": 2.0392, "amount": 6.6, "side": "sell", "timestamp": 1764999860069}, {"id": "704240642", "price": 2.0393, "amount": 3.3, "side": "buy", "timestamp": 1764999860688}, {"id": "704240643", "price": 2.0392, "amount": 4.9, "side": "sell", "timestamp": 1764999861061}, {"id": "704240644", "price": 2.0392, "amount": 3.1, "side": "sell", "timestamp": 1764999861568}, {"id": "704240645", "price": 2.0392, "amount": 3.9, "side": "sell", "timestamp": 1764999861987}, {"id": "704240646", "price": 2.0392, "amount": 2.8, "side": "sell", "timestamp": 1764999862571}, {"id": "704240647", "price": 2.0393, "amount": 5.9, "side": "buy", "timestamp": 1764999863653}, {"id": "704240648", "price": 2.0392, "amount": 5.8, "side": "sell", "timestamp": 1764999863665}, {"id": "704240649", "price": 2.0392, "amount": 655.9, "side": "sell", "timestamp": 1764999864708}, {"id": "704240650", "price": 2.0393, "amount": 3.3, "side": "buy", "timestamp": 1764999864849}, {"id": "704240651", "price": 2.0392, "amount": 6.3, "side": "sell", "timestamp": 1764999864892}, {"id": "704240652", "price": 2.0392, "amount": 10.0, "side": "sell", "timestamp": 1764999865526}, {"id": "704240653", "price": 2.0392, "amount": 18.0, "side": "sell", "timestamp": 1764999868778}, {"id": "704240654", "price": 2.0393, "amount": 3.2, "side": "buy", "timestamp": 1764999868879}, {"id": "704240655", "price": 2.0392, "amount": 14.0, "side": "sell", "timestamp": 1764999869806}, {"id": "704240656", "price": 2.0393, "amount": 5.9, "side": "buy", "timestamp": 1764999869831}, {"id": "704240657", "price": 2.0392, "amount": 6.9, "side": "sell", "timestamp": 1764999870072}, {"id": "704240658", "price": 2.0393, "amount": 117.7, "side": "buy", "timestamp": 1764999870451}, {"id": "704240659", "price": 2.0393, "amount": 141.4, "side": "buy", "timestamp": 1764999871675}, {"id": "704240660", "price": 2.0392, "amount": 236.2, "side": "sell", "timestamp": 1764999872359}, {"id": "704240661", "price": 2.0393, "amount": 3.3, "side": "buy", "timestamp": 1764999872888}, {"id": "704240662", "price": 2.0392, "amount": 76.9, "side": "sell", "timestamp": 1764999873226}, {"id": "704240663", "price": 2.0393, "amount": 13.1, "side": "buy", "timestamp": 1764999874438}, {"id": "704240664", "price": 2.0392, "amount": 19.8, "side": "sell", "timestamp": 1764999874742}, {"id": "704240665", "price": 2.0393, "amount": 101.1, "side": "buy", "timestamp": 1764999875027}, {"id": "704240666", "price": 2.0393, "amount": 5.9, "side": "buy", "timestamp": 1764999875857}, {"id": "704240667", "price": 2.0393, "amount": 3.2, "side": "buy", "timestamp": 1764999876812}, {"id": "704240668", "price": 2.0392, "amount": 3.3, "side": "sell", "timestamp": 1764999877669}, {"id": "704240669", "price": 2.0393, "amount": 816.2, "side": "buy", "timestamp": 1764999878706}, {"id": "704240670", "price": 2.0392, "amount": 84.5, "side": "sell", "timestamp": 1764999880027}, {"id": "704240671", "price": 2.0392, "amount": 4.4, "side": "sell", "timestamp": 1764999880726}, {"id": "704240672", "price": 2.0393, "amount": 3.4, "side": "buy", "timestamp": 1764999880834}, {"id": "704240673", "price": 2.0393, "amount": 3.3, "side": "buy", "timestamp": 1764999881898}, {"id": "704240674", "price": 2.0393, "amount": 9677.1, "side": "buy", "timestamp": 1764999882144}, {"id": "704240675", "price": 2.0394, "amount": 123.4, "side": "buy", "timestamp": 1764999882148}, {"id": "704240676", "price": 2.0395, "amount": 2798.2, "side": "buy", "timestamp": 1764999882154}, {"id": "704240677", "price": 2.0396, "amount": 640.4, "side": "buy", "timestamp": 1764999882878}, {"id": "704240678", "price": 2.0397, "amount": 82.5, "side": "buy", "timestamp": 1764999883240}, {"id": "704240679", "price": 2.0398, "amount": 3.3, "side": "buy", "timestamp": 1764999883795}, {"id": "704240680", "price": 2.0398, "amount": 3.3, "side": "buy", "timestamp": 1764999884855}, {"id": "704240681", "price": 2.0398, "amount": 4150.6, "side": "buy", "timestamp": 1764999885409}, {"id": "704240682", "price": 2.0399, "amount": 8810.2, "side": "buy", "timestamp": 1764999885409}, {"id": "704240683", "price": 2.0398, "amount": 489.7, "side": "sell", "timestamp": 1764999885830}, {"id": "704240684", "price": 2.0398, "amount": 2.5, "side": "sell", "timestamp": 1764999886587}, {"id": "704240685", "price": 2.0399, "amount": 3.3, "side": "buy", "timestamp": 1764999887820}, {"id": "704240686", "price": 2.0398, "amount": 2.8, "side": "sell", "timestamp": 1764999888102}, {"id": "704240718", "price": 2.0396, "amount": 3.5, "side": "sell", "timestamp": 1764999905588}, {"id": "704240719", "price": 2.0396, "amount": 168.5, "side": "sell", "timestamp": 1764999906660}, {"id": "704240720", "price": 2.0397, "amount": 177.4, "side": "buy", "timestamp": 1764999906702}, {"id": "704240721", "price": 2.0396, "amount": 9.8, "side": "sell", "timestamp": 1764999908245}, {"id": "704240722", "price": 2.0396, "amount": 158.3, "side": "sell", "timestamp": 1764999908643}, {"id": "704240723", "price": 2.0397, "amount": 746.6, "side": "buy", "timestamp": 1764999908807}, {"id": "704240724", "price": 2.0398, "amount": 45.3, "side": "buy", "timestamp": 1764999909228}, {"id": "704240725", "price": 2.0399, "amount": 437.8, "side": "buy", "timestamp": 1764999909492}, {"id": "704240726", "price": 2.04, "amount": 45.8, "side": "buy", "timestamp": 1764999909574}, {"id": "704240727", "price": 2.0401, "amount": 3208.5, "side": "buy", "timestamp": 1764999912250}, {"id": "704240728", "price": 2.04, "amount": 83.8, "side": "sell", "timestamp": 1764999912427}, {"id": "704240729", "price": 2.0401, "amount": 0.3, "side": "buy", "timestamp": 1764999913640}, {"id": "704240730", "price": 2.04, "amount": 4.1, "side": "sell", "timestamp": 1764999914148}, {"id": "704240731", "price": 2.04, "amount": 1673.2, "side": "sell", "timestamp": 1764999914956}, {"id": "704240732", "price": 2.04, "amount": 51.3, "side": "buy", "timestamp": 1764999917621}, {"id": "704240733", "price": 2.0399, "amount": 1520.1, "side": "sell", "timestamp": 1764999917742}, {"id": "704240734", "price": 2.0398, "amount": 7308.6, "side": "sell", "timestamp": 1764999917742}, {"id": "704240735", "price": 2.0397, "amount": 1171.3, "side": "sell", "timestamp": 1764999917742}, {"id": "704240736", "price": 2.0397, "amount": 2.5, "side": "sell", "timestamp": 1764999918422}, {"id": "704240737", "price": 2.0398, "amount": 38.4, "side": "buy", "timestamp": 1764999918742}, {"id": "704240738", "price": 2.0398, "amount": 3.5, "side": "buy", "timestamp": 1764999918963}, {"id": "704240739", "price": 2.0398, "amount": 1377.9, "side": "buy", "timestamp": 1764999919516}, {"id": "704240740", "price": 2.0397, "amount": 9.4, "side": "sell", "timestamp": 1764999919914}, {"id": "704240741", "price": 2.0398, "amount": 10.0, "side": "buy", "timestamp": 1764999920220}, {"id": "704240742", "price": 2.0397, "amount": 2.9, "side": "sell", "timestamp": 1764999921461}, {"id": "704240743", "price": 2.0397, "amount": 25.0, "side": "sell", "timestamp": 1764999922120}, {"id": "704240744", "price": 2.0398, "amount": 55.5, "side": "buy", "timestamp": 1764999922428}, {"id": "704240745", "price": 2.0398, "amount": 2.6, "side": "buy", "timestamp": 1764999923638}, {"id": "704240746", "price": 2.0397, "amount": 3.3, "side": "sell", "timestamp": 1764999923765}, {"id": "704240747", "price": 2.0397, "amount": 6535.0, "side": "sell", "timestamp": 1764999924371}, {"id": "704240748", "price": 2.0396, "amount": 171.1, "side": "sell", "timestamp": 1764999924852}, {"id": "704240749", "price": 2.0396, "amount": 8.7, "side": "sell", "timestamp": 1764999925076}, {"id": "704240750", "price": 2.0397, "amount": 237.0, "side": "buy", "timestamp": 1764999928590}, {"id": "704240751", "price": 2.0396, "amount": 9.9, "side": "sell", "timestamp": 1764999930083}, {"id": "704240752", "price": 2.0396, "amount": 45.4, "side": "sell", "timestamp": 1764999930395}, {"id": "704240753", "price": 2.0396, "amount": 13.7, "side": "sell", "timestamp": 1764999932046}, {"id": "704240754", "price": 2.0397, "amount": 49.0, "side": "buy", "timestamp": 1764999932524}, {"id": "704240755", "price": 2.0397, "amount": 489.7, "side": "buy", "timestamp": 1764999933630}, {"id": "704240756", "price": 2.0397, "amount": 0.3, "side": "buy", "timestamp": 1764999933741}, {"id": "704240757", "price": 2.0397, "amount": 585.6, "side": "buy", "timestamp": 1764999934270}, {"id": "704240758", "price": 2.0398, "amount": 9.7, "side": "buy", "timestamp": 1764999934694}, {"id": "704240759", "price": 2.0397, "amount": 56.0, "side": "sell", "timestamp": 1764999935178}, {"id": "704240760", "price": 2.0398, "amount": 376.8, "side": "buy", "timestamp": 1764999935396}, {"id": "704240761", "price": 2.0398, "amount": 5.9, "side": "sell", "timestamp": 1764999935665}, {"id": "704240762", "price": 2.0399, "amount": 22.7, "side": "buy", "timestamp": 1764999935713}, {"id": "704240763", "price": 2.0399, "amount": 489.7, "side": "sell", "timestamp": 1764999935849}, {"id": "704240764", "price": 2.04, "amount": 7.7, "side": "buy", "timestamp": 1764999936238}, {"id": "704240765", "price": 2.0399, "amount": 2.6, "side": "sell", "timestamp": 1764999936649}, {"id": "704240766", "price": 2.04, "amount": 0.3, "side": "buy", "timestamp": 1764999936721}, {"id": "704240767", "price": 2.04, "amount": 3.4, "side": "buy", "timestamp": 1764999938716}, {"id": "704240803", "price": 2.0395, "amount": 0.3, "side": "buy", "timestamp": 1764999959297}, {"id": "704240804", "price": 2.0395, "amount": 31.5, "side": "buy", "timestamp": 1764999960046}, {"id": "704240805", "price": 2.0394, "amount": 1242.4, "side": "sell", "timestamp": 1764999960928}, {"id": "704240806", "price": 2.0393, "amount": 798.3, "side": "sell", "timestamp": 1764999961378}, {"id": "704240807", "price": 2.0392, "amount": 2.5, "side": "sell", "timestamp": 1764999963708}, {"id": "704240808", "price": 2.0393, "amount": 0.4, "side": "buy", "timestamp": 1764999964077}, {"id": "704240809", "price": 2.0392, "amount": 4.6, "side": "sell", "timestamp": 1764999964490}, {"id": "704240810", "price": 2.0393, "amount": 62.9, "side": "buy", "timestamp": 1764999964732}, {"id": "704240811", "price": 2.0393, "amount": 51.0, "side": "buy", "timestamp": 1764999964918}, {"id": "704240812", "price": 2.0392, "amount": 2.9, "side": "sell", "timestamp": 1764999965185}, {"id": "704240813", "price": 2.0393, "amount": 63.0, "side": "buy", "timestamp": 1764999966482}, {"id": "704240814", "price": 2.0392, "amount": 7.5, "side": "sell", "timestamp": 1764999966850}, {"id": "704240815", "price": 2.0392, "amount": 942.1, "side": "sell", "timestamp": 1764999968190}, {"id": "704240816", "price": 2.0393, "amount": 730.5, "side": "buy", "timestamp": 1764999968341}, {"id": "704240817", "price": 2.0394, "amount": 29.5, "side": "buy", "timestamp": 1764999968375}, {"id": "704240818", "price": 2.0394, "amount": 51.0, "side": "sell", "timestamp": 1764999969002}, {"id": "704240819", "price": 2.0395, "amount": 359.3, "side": "buy", "timestamp": 1764999969113}, {"id": "704240820", "price": 2.0396, "amount": 37.7, "side": "buy", "timestamp": 1764999969166}, {"id": "704240821", "price": 2.0396, "amount": 58.2, "side": "sell", "timestamp": 1764999969608}, {"id": "704240822", "price": 2.0396, "amount": 5.9, "side": "sell", "timestamp": 1764999971660}, {"id": "704240823", "price": 2.0397, "amount": 4.0, "side": "buy", "timestamp": 1764999971766}, {"id": "704240824", "price": 2.0397, "amount": 633.6, "side": "buy", "timestamp": 1764999972053}, {"id": "704240825", "price": 2.0396, "amount": 2.7, "side": "sell", "timestamp": 1764999972081}, {"id": "704240826", "price": 2.0397, "amount": 0.1, "side": "buy", "timestamp": 1764999972584}, {"id": "704240827", "price": 2.0397, "amount": 9.8, "side": "buy", "timestamp": 1764999974078}, {"id": "704240828", "price": 2.0397, "amount": 4.9, "side": "buy", "timestamp": 1764999975252}, {"id": "704240829", "price": 2.0397, "amount": 13.2, "side": "buy", "timestamp": 1764999975584}, {"id": "704240830", "price": 2.0396, "amount": 984.2, "side": "sell", "timestamp": 1764999976107}, {"id": "704240831", "price": 2.0397, "amount": 194.9, "side": "buy", "timestamp": 1764999977111}, {"id": "704240832", "price": 2.0397, "amount": 212.1, "side": "buy", "timestamp": 1764999977265}, {"id": "704240833", "price": 2.0398, "amount": 0.4, "side": "buy", "timestamp": 1764999978091}, {"id": "704240834", "price": 2.0397, "amount": 2.6, "side": "sell", "timestamp": 1764999978265}, {"id": "704240835", "price": 2.0397, "amount": 55.9, "side": "sell", "timestamp": 1764999979583}, {"id": "704240836", "price": 2.0398, "amount": 3.2, "side": "buy", "timestamp": 1764999979662}, {"id": "704240837", "price": 2.0398, "amount": 14.2, "side": "buy", "timestamp": 1764999981238}, {"id": "704240838", "price": 2.0398, "amount": 488.9, "side": "buy", "timestamp": 1764999981906}, {"id": "704240839", "price": 2.0399, "amount": 1561.3, "side": "buy", "timestamp": 1764999981906}, {"id": "704240840", "price": 2.0398, "amount": 43.6, "side": "sell", "timestamp": 1764999982382}, {"id": "704240841", "price": 2.0398, "amount": 5.8, "side": "buy", "timestamp": 1764999982706}, {"id": "704240842", "price": 2.0398, "amount": 101.7, "side": "buy", "timestamp": 1764999983615}, {"id": "704240843", "price": 2.0398, "amount": 3.2, "side": "buy", "timestamp": 1764999983805}, {"id": "704240844", "price": 2.0398, "amount": 151.5, "side": "buy", "timestamp": 1764999984436}, {"id": "704240845", "price": 2.0398, "amount": 0.4, "side": "buy", "timestamp": 1764999984824}, {"id": "704240846", "price": 2.0398, "amount": 11.0, "side": "buy", "timestamp": 1764999987608}, {"id": "704240847", "price": 2.0398, "amount": 3.3, "side": "buy", "timestamp": 1764999987806}, {"id": "704240848", "price": 2.0398, "amount": 74.8, "side": "buy", "timestamp": 1764999988464}, {"id": "704240849", "price": 2.0398, "amount": 5.8, "side": "buy", "timestamp": 1764999988856}, {"id": "704240850", "price": 2.0398, "amount": 0.4, "side": "buy", "timestamp": 1764999989609}, {"id": "704240851", "price": 2.0398, "amount": 0.2, "side": "buy", "timestamp": 1764999990355}, {"id": "704240852", "price": 2.0398, "amount": 3.1, "side": "buy", "timestamp": 1764999991827}, {"id": "704240879", "price": 2.0393, "amount": 5.0, "side": "sell", "timestamp": 1765000011009}, {"id": "704240880", "price": 2.0393, "amount": 9.8, "side": "sell", "timestamp": 1765000011871}, {"id": "704240881", "price": 2.0394, "amount": 73.5, "side": "buy", "timestamp": 1765000012162}, {"id": "704240882", "price": 2.0393, "amount": 64.9, "side": "sell", "timestamp": 1765000015666}, {"id": "704240883", "price": 2.0393, "amount": 775.5, "side": "sell", "timestamp": 1765000016355}, {"id": "704240884", "price": 2.0394, "amount": 75.0, "side": "buy", "timestamp": 1765000016626}, {"id": "704240885", "price": 2.0393, "amount": 64.9, "side": "sell", "timestamp": 1765000016632}, {"id": "704240886", "price": 2.0394, "amount": 4.1, "side": "buy", "timestamp": 1765000016928}, {"id": "704240887", "price": 2.0394, "amount": 10.0, "side": "buy", "timestamp": 1765000017421}, {"id": "704240888", "price": 2.0394, "amount": 641.9, "side": "buy", "timestamp": 1765000019884}, {"id": "704240889", "price": 2.0393, "amount": 198.0, "side": "sell", "timestamp": 1765000020071}, {"id": "704240890", "price": 2.0393, "amount": 8.6, "side": "sell", "timestamp": 1765000021071}, {"id": "704240891", "price": 2.0393, "amount": 6.1, "side": "sell", "timestamp": 1765000021218}, {"id": "704240892", "price": 2.0394, "amount": 5932.5, "side": "buy", "timestamp": 1765000021249}, {"id": "704240893", "price": 2.0393, "amount": 3.0, "side": "sell", "timestamp": 1765000021287}, {"id": "704240894", "price": 2.0393, "amount": 25.3, "side": "sell", "timestamp": 1765000021420}, {"id": "704240895", "price": 2.0393, "amount": 15.2, "side": "sell", "timestamp": 1765000021852}, {"id": "704240896", "price": 2.0394, "amount": 5.7, "side": "buy", "timestamp": 1765000022475}, {"id": "704240897", "price": 2.0393, "amount": 6.2, "side": "sell", "timestamp": 1765000022628}, {"id": "704240898", "price": 2.0394, "amount": 2821.2, "side": "buy", "timestamp": 1765000023742}, {"id": "704240899", "price": 2.0394, "amount": 0.6, "side": "buy", "timestamp": 1765000024297}, {"id": "704240900", "price": 2.0394, "amount": 15.0, "side": "buy", "timestamp": 1765000026279}, {"id": "704240901", "price": 2.0394, "amount": 43.5, "side": "buy", "timestamp": 1765000026636}, {"id": "704240902", "price": 2.0394, "amount": 6970.5, "side": "buy", "timestamp": 1765000027660}, {"id": "704240903", "price": 2.0395, "amount": 586.5, "side": "buy", "timestamp": 1765000027707}, {"id": "704240904", "price": 2.0396, "amount": 5391.6, "side": "buy", "timestamp": 1765000027708}, {"id": "704240905", "price": 2.0397, "amount": 396.5, "side": "buy", "timestamp": 1765000027753}, {"id": "704240906", "price": 2.0398, "amount": 1439.2, "side": "buy", "timestamp": 1765000027794}, {"id": "704240907", "price": 2.0399, "amount": 305.4, "side": "buy", "timestamp": 1765000030404}, {"id": "704240908", "price": 2.04, "amount": 2408.0, "side": "buy", "timestamp": 1765000030404}, {"id": "704240909", "price": 2.0401, "amount": 5598.8, "side": "buy", "timestamp": 1765000030404}, {"id": "704240910", "price": 2.0402, "amount": 6146.6, "side": "buy", "timestamp": 1765000030404}, {"id": "704240911", "price": 2.0401, "amount": 200.0, "side": "buy", "timestamp": 1765000031210}, {"id": "704240912", "price": 2.04, "amount": 32.4, "side": "sell", "timestamp": 1765000032250}, {"id": "704240913", "price": 2.0401, "amount": 100.0, "side": "buy", "timestamp": 1765000032902}, {"id": "704240914", "price": 2.04, "amount": 30.3, "side": "sell", "timestamp": 1765000032907}, {"id": "704240915", "price": 2.0401, "amount": 3.4, "side": "buy", "timestamp": 1765000033572}, {"id": "704240916", "price": 2.0401, "amount": 1157.1, "side": "buy", "timestamp": 1765000035420}, {"id": "704240917", "price": 2.0401, "amount": 6.1, "side": "sell", "timestamp": 1765000035649}, {"id": "704240918", "price": 2.0402, "amount": 0.3, "side": "buy", "timestamp": 1765000035716}, {"id": "704240919", "price": 2.0402, "amount": 151.9, "side": "buy", "timestamp": 1765000036482}, {"id": "704240920", "price": 2.0403, "amount": 426.4, "side": "buy", "timestamp": 1765000037909}, {"id": "704240921", "price": 2.0403, "amount": 3.0, "side": "buy", "timestamp": 1765000040350}, {"id": "704240922", "price": 2.0403, "amount": 336.1, "side": "buy", "timestamp": 1765000040526}, {"id": "704240923", "price": 2.0404, "amount": 154.0, "side": "buy", "timestamp": 1765000040526}, {"id": "704240924", "price": 2.0404, "amount": 3.2, "side": "buy", "timestamp": 1765000040725}, {"id": "704240925", "price": 2.0403, "amount": 7801.5, "side": "sell", "timestamp": 1765000042691}, {"id": "704240926", "price": 2.0402, "amount": 4117.8, "side": "sell", "timestamp": 1765000042704}, {"id": "704240927", "price": 2.0402, "amount": 327.6, "side": "buy", "timestamp": 1765000042770}, {"id": "704240928", "price": 2.0401, "amount": 5.9, "side": "sell", "timestamp": 1765000043665}, {"id": "704240968", "price": 2.0403, "amount": 3.1, "side": "buy", "timestamp": 1765000074689}, {"id": "704240969", "price": 2.0403, "amount": 3.3, "side": "buy", "timestamp": 1765000074794}, {"id": "704240970", "price": 2.0403, "amount": 20.8, "side": "buy", "timestamp": 1765000074930}, {"id": "704240971", "price": 2.0403, "amount": 0.6, "side": "buy", "timestamp": 1765000075076}, {"id": "704240972", "price": 2.0403, "amount": 5.0, "side": "buy", "timestamp": 1765000076301}, {"id": "704240973", "price": 2.0403, "amount": 5.0, "side": "buy", "timestamp": 1765000076836}, {"id": "704240974", "price": 2.0403, "amount": 3.2, "side": "buy", "timestamp": 1765000076954}, {"id": "704240975", "price": 2.0402, "amount": 14.3, "side": "sell", "timestamp": 1765000077058}, {"id": "704240976", "price": 2.0403, "amount": 5.0, "side": "buy", "timestamp": 1765000078116}, {"id": "704240977", "price": 2.0403, "amount": 1.6, "side": "buy", "timestamp": 1765000078932}, {"id": "704240978", "price": 2.0402, "amount": 5.9, "side": "sell", "timestamp": 1765000079650}, {"id": "704240979", "price": 2.0403, "amount": 2000.0, "side": "buy", "timestamp": 1765000079940}, {"id": "704240980", "price": 2.0403, "amount": 8.6, "side": "buy", "timestamp": 1765000080857}, {"id": "704240981", "price": 2.0403, "amount": 3.4, "side": "buy", "timestamp": 1765000080960}, {"id": "704240982", "price": 2.0403, "amount": 6.3, "side": "buy", "timestamp": 1765000081869}, {"id": "704240983", "price": 2.0402, "amount": 10.3, "side": "sell", "timestamp": 1765000082220}, {"id": "704240984", "price": 2.0403, "amount": 1602.7, "side": "buy", "timestamp": 1765000082446}, {"id": "704240985", "price": 2.0404, "amount": 1249.9, "side": "buy", "timestamp": 1765000082446}, {"id": "704240986", "price": 2.0404, "amount": 596.1, "side": "buy", "timestamp": 1765000082810}, {"id": "704240987", "price": 2.0404, "amount": 3.2, "side": "buy", "timestamp": 1765000082937}, {"id": "704240988", "price": 2.0403, "amount": 600.3, "side": "sell", "timestamp": 1765000083034}, {"id": "704240989", "price": 2.0404, "amount": 5.0, "side": "buy", "timestamp": 1765000083137}, {"id": "704240990", "price": 2.0404, "amount": 55.0, "side": "buy", "timestamp": 1765000084748}, {"id": "704240991", "price": 2.0404, "amount": 3.1, "side": "buy", "timestamp": 1765000085040}, {"id": "704240992", "price": 2.0403, "amount": 11.9, "side": "sell", "timestamp": 1765000085196}, {"id": "704240993", "price": 2.0403, "amount": 15.2, "side": "sell", "timestamp": 1765000085366}, {"id": "704240994", "price": 2.0403, "amount": 33.1, "side": "sell", "timestamp": 1765000085501}, {"id": "704240995", "price": 2.0404, "amount": 348.2, "side": "buy", "timestamp": 1765000085649}, {"id": "704240996", "price": 2.0403, "amount": 14.9, "side": "sell", "timestamp": 1765000085800}, {"id": "704240997", "price": 2.0403, "amount": 12.8, "side": "sell", "timestamp": 1765000085912}, {"id": "704240998", "price": 2.0403, "amount": 15.1, "side": "sell", "timestamp": 1765000086128}, {"id": "704240999", "price": 2.0404, "amount": 0.3, "side": "buy", "timestamp": 1765000086817}, {"id": "704241000", "price": 2.0403, "amount": 1311.5, "side": "sell", "timestamp": 1765000086904}, {"id": "704241001", "price": 2.0403, "amount": 5.4, "side": "buy", "timestamp": 1765000086960}, {"id": "704241002", "price": 2.0403, "amount": 3.0, "side": "buy", "timestamp": 1765000087502}, {"id": "704241003", "price": 2.0403, "amount": 5.0, "side": "buy", "timestamp": 1765000088878}, {"id": "704241004", "price": 2.0402, "amount": 799.8, "side": "sell", "timestamp": 1765000088922}, {"id": "704241005", "price": 2.0402, "amount": 53.3, "side": "buy", "timestamp": 1765000088928}, {"id": "704241006", "price": 2.0401, "amount": 1158.8, "side": "sell", "timestamp": 1765000089148}, {"id": "704241007", "price": 2.0401, "amount": 263.6, "side": "buy", "timestamp": 1765000089270}, {"id": "704241008", "price": 2.0401, "amount": 5.0, "side": "buy", "timestamp": 1765000090152}, {"id": "704241009", "price": 2.0401, "amount": 5.0, "side": "buy", "timestamp": 1765000090613}, {"id": "704241010", "price": 2.0401, "amount": 0.3, "side": "buy", "timestamp": 1765000091418}, {"id": "704241011", "price": 2.0401, "amount": 196.0, "side": "buy", "timestamp": 1765000091766}, {"id": "704241012", "price": 2.0401, "amount": 6.8, "side": "buy", "timestamp": 1765000092141}, {"id": "704241013", "price": 2.0401, "amount": 0.4, "side": "buy", "timestamp": 1765000092784}, {"id": "704241014", "price": 2.0401, "amount": 3.6, "side": "buy", "timestamp": 1765000092947}, {"id": "704241015", "price": 2.0401, "amount": 15.7, "side": "buy", "timestamp": 1765000093627}, {"id": "704241016", "price": 2.0401, "amount": 3471.4, "side": "buy", "timestamp": 1765000094206}, {"id": "704241017", "price": 2.0401, "amount": 4822.4, "side": "buy", "timestamp": 1765000094543}, {"id": "704241049", "price": 2.0403, "amount": 7792.0, "side": "buy", "timestamp": 1765000119951}, {"id": "704241050", "price": 2.0404, "amount": 3.2, "side": "buy", "timestamp": 1765000120654}, {"id": "704241051", "price": 2.0404, "amount": 35.5, "side": "buy", "timestamp": 1765000121700}, {"id": "704241052", "price": 2.0404, "amount": 0.2, "side": "buy", "timestamp": 1765000124672}, {"id": "704241053", "price": 2.0404, "amount": 3.1, "side": "buy", "timestamp": 1765000124825}, {"id": "704241054", "price": 2.0404, "amount": 3.6, "side": "buy", "timestamp": 1765000124977}, {"id": "704241055", "price": 2.0404, "amount": 3.3, "side": "buy", "timestamp": 1765000125892}, {"id": "704241056", "price": 2.0404, "amount": 0.6, "side": "buy", "timestamp": 1765000126136}, {"id": "704241057", "price": 2.0404, "amount": 3.2, "side": "buy", "timestamp": 1765000126691}, {"id": "704241058", "price": 2.0404, "amount": 246.1, "side": "buy", "timestamp": 1765000126930}, {"id": "704241059", "price": 2.0403, "amount": 550.0, "side": "sell", "timestamp": 1765000128613}, {"id": "704241060", "price": 2.0404, "amount": 3.0, "side": "buy", "timestamp": 1765000128853}, {"id": "704241061", "price": 2.0404, "amount": 16.5, "side": "buy", "timestamp": 1765000129449}, {"id": "704241062", "price": 2.0404, "amount": 3.9, "side": "buy", "timestamp": 1765000129991}, {"id": "704241063", "price": 2.0404, "amount": 1023.2, "side": "buy", "timestamp": 1765000130429}, {"id": "704241064", "price": 2.0404, "amount": 0.1, "side": "buy", "timestamp": 1765000130913}, {"id": "704241065", "price": 2.0404, "amount": 109.9, "side": "buy", "timestamp": 1765000131484}, {"id": "704241066", "price": 2.0404, "amount": 3.4, "side": "buy", "timestamp": 1765000131808}, {"id": "704241067", "price": 2.0403, "amount": 297.6, "side": "sell", "timestamp": 1765000132827}, {"id": "704241068", "price": 2.0404, "amount": 3.1, "side": "buy", "timestamp": 1765000132873}, {"id": "704241069", "price": 2.0404, "amount": 5.0, "side": "buy", "timestamp": 1765000134454}, {"id": "704241070", "price": 2.0404, "amount": 3.2, "side": "buy", "timestamp": 1765000134871}, {"id": "704241071", "price": 2.0404, "amount": 100.0, "side": "buy", "timestamp": 1765000135646}, {"id": "704241072", "price": 2.0404, "amount": 16.8, "side": "buy", "timestamp": 1765000135752}, {"id": "704241073", "price": 2.0403, "amount": 11.9, "side": "sell", "timestamp": 1765000135815}, {"id": "704241074", "price": 2.0403, "amount": 178.0, "side": "sell", "timestamp": 1765000135950}, {"id": "704241075", "price": 2.0404, "amount": 45.6, "side": "buy", "timestamp": 1765000136785}, {"id": "704241076", "price": 2.0404, "amount": 3.0, "side": "buy", "timestamp": 1765000136896}, {"id": "704241077", "price": 2.0403, "amount": 28.0, "side": "sell", "timestamp": 1765000137252}, {"id": "704241078", "price": 2.0403, "amount": 501.7, "side": "sell", "timestamp": 1765000137482}, {"id": "704241079", "price": 2.0404, "amount": 127.9, "side": "buy", "timestamp": 1765000137523}, {"id": "704241080", "price": 2.0404, "amount": 0.3, "side": "buy", "timestamp": 1765000137677}, {"id": "704241081", "price": 2.0404, "amount": 3.4, "side": "buy", "timestamp": 1765000137841}, {"id": "704241082", "price": 2.0403, "amount": 2427.6, "side": "sell", "timestamp": 1765000137865}, {"id": "704241083", "price": 2.0403, "amount": 283.4, "side": "buy", "timestamp": 1765000137890}, {"id": "704241084", "price": 2.0402, "amount": 2551.2, "side": "sell", "timestamp": 1765000138129}, {"id": "704241085", "price": 2.0401, "amount": 2.6, "side": "sell", "timestamp": 1765000138448}, {"id": "704241086", "price": 2.0402, "amount": 147.2, "side": "buy", "timestamp": 1765000138706}, {"id": "704241087", "price": 2.0401, "amount": 69.7, "side": "sell", "timestamp": 1765000139230}, {"id": "704241088", "price": 2.0402, "amount": 434.2, "side": "buy", "timestamp": 1765000140903}, {"id": "704241089", "price": 2.0401, "amount": 14.2, "side": "sell", "timestamp": 1765000141728}, {"id": "704241090", "price": 2.0402, "amount": 52.3, "side": "buy", "timestamp": 1765000141808}, {"id": "704241091", "price": 2.0401, "amount": 5.3, "side": "sell", "timestamp": 1765000142078}, {"id": "704241092", "price": 2.0401, "amount": 3.9, "side": "sell", "timestamp": 1765000142243}, {"id": "704241093", "price": 2.0402, "amount": 0.4, "side": "buy", "timestamp": 1765000142248}, {"id": "704241094", "price": 2.0401, "amount": 13.5, "side": "sell", "timestamp": 1765000142508}, {"id": "704241095", "price": 2.0401, "amount": 75.0, "side": "sell", "timestamp": 1765000143241}, {"id": "704241096", "price": 2.0401, "amount": 113.9, "side": "sell", "timestamp": 1765000144315}, {"id": "704241097", "price": 2.0401, "amount": 824.3, "side": "sell", "timestamp": 1765000144995}, {"id": "704241098", "price": 2.04, "amount": 51.3, "side": "sell", "timestamp": 1765000145069}, {"id": "704241111", "price": 2.0398, "amount": 10.7, "side": "sell", "timestamp": 1765000154941}, {"id": "704241112", "price": 2.0399, "amount": 5724.0, "side": "buy", "timestamp": 1765000159556}, {"id": "704241113", "price": 2.04, "amount": 1984.6, "side": "buy", "timestamp": 1765000159782}, {"id": "704241114", "price": 2.04, "amount": 0.7, "side": "buy", "timestamp": 1765000160420}, {"id": "704241115", "price": 2.0399, "amount": 4.4, "side": "sell", "timestamp": 1765000160993}, {"id": "704241116", "price": 2.04, "amount": 0.3, "side": "buy", "timestamp": 1765000163199}, {"id": "704241117", "price": 2.0399, "amount": 16.1, "side": "sell", "timestamp": 1765000163723}, {"id": "704241118", "price": 2.04, "amount": 5.0, "side": "buy", "timestamp": 1765000164225}, {"id": "704241119", "price": 2.04, "amount": 6.5, "side": "buy", "timestamp": 1765000164699}, {"id": "704241120", "price": 2.04, "amount": 2.8, "side": "buy", "timestamp": 1765000166887}, {"id": "704241121", "price": 2.04, "amount": 6485.8, "side": "buy", "timestamp": 1765000167486}, {"id": "704241122", "price": 2.0401, "amount": 277.3, "side": "buy", "timestamp": 1765000167561}, {"id": "704241123", "price": 2.0402, "amount": 0.3, "side": "buy", "timestamp": 1765000167763}, {"id": "704241124", "price": 2.0402, "amount": 2072.5, "side": "buy", "timestamp": 1765000170858}, {"id": "704241125", "price": 2.0403, "amount": 1584.5, "side": "buy", "timestamp": 1765000170879}, {"id": "704241126", "price": 2.0404, "amount": 3.1, "side": "buy", "timestamp": 1765000172868}, {"id": "704241127", "price": 2.0404, "amount": 3121.1, "side": "buy", "timestamp": 1765000173645}, {"id": "704241128", "price": 2.0404, "amount": 31.5, "side": "buy", "timestamp": 1765000175231}, {"id": "704241129", "price": 2.0403, "amount": 1.2, "side": "sell", "timestamp": 1765000175544}, {"id": "704241130", "price": 2.0404, "amount": 3.9, "side": "buy", "timestamp": 1765000176174}, {"id": "704241131", "price": 2.0404, "amount": 6.4, "side": "buy", "timestamp": 1765000176893}, {"id": "704241132", "price": 2.0404, "amount": 0.7, "side": "buy", "timestamp": 1765000177021}, {"id": "704241133", "price": 2.0404, "amount": 1584.5, "side": "buy", "timestamp": 1765000177539}, {"id": "704241134", "price": 2.0405, "amount": 17.2, "side": "buy", "timestamp": 1765000179140}, {"id": "704241135", "price": 2.0405, "amount": 3.1, "side": "buy", "timestamp": 1765000180807}, {"id": "704241136", "price": 2.0405, "amount": 3.5, "side": "buy", "timestamp": 1765000182811}, {"id": "704241137", "price": 2.0405, "amount": 245.0, "side": "buy", "timestamp": 1765000183139}, {"id": "704241138", "price": 2.0405, "amount": 7859.3, "side": "buy", "timestamp": 1765000183658}, {"id": "704241139", "price": 2.0405, "amount": 28680.6, "side": "buy", "timestamp": 1765000183838}, {"id": "704241140", "price": 2.0405, "amount": 1136.2, "side": "sell", "timestamp": 1765000184806}, {"id": "704241141", "price": 2.0406, "amount": 265.3, "side": "buy", "timestamp": 1765000185764}, {"id": "704241142", "price": 2.0406, "amount": 457.0, "side": "buy", "timestamp": 1765000185899}, {"id": "704241143", "price": 2.0407, "amount": 2.9, "side": "buy", "timestamp": 1765000186882}, {"id": "704241144", "price": 2.0406, "amount": 5.9, "side": "sell", "timestamp": 1765000187662}, {"id": "704241145", "price": 2.0407, "amount": 2693.4, "side": "buy", "timestamp": 1765000187923}, {"id": "704241146", "price": 2.0408, "amount": 0.2, "side": "buy", "timestamp": 1765000188049}, {"id": "704241147", "price": 2.0407, "amount": 7.5, "side": "sell", "timestamp": 1765000188588}, {"id": "704241148", "price": 2.0408, "amount": 0.3, "side": "buy", "timestamp": 1765000188719}, {"id": "704241149", "price": 2.0408, "amount": 6.7, "side": "buy", "timestamp": 1765000188840}, {"id": "704241150", "price": 2.0408, "amount": 40.2, "side": "buy", "timestamp": 1765000189309}, {"id": "704241151", "price": 2.0408, "amount": 31.3, "side": "buy", "timestamp": 1765000190040}, {"id": "704241152", "price": 2.0408, "amount": 1.8, "side": "buy", "timestamp": 1765000190368}, {"id": "704241153", "price": 2.0408, "amount": 0.4, "side": "buy", "timestamp": 1765000193266}, {"id": "704241154", "price": 2.0408, "amount": 19.1, "side": "buy", "timestamp": 1765000194702}, {"id": "704241155", "price": 2.0408, "amount": 3.6, "side": "buy", "timestamp": 1765000194868}, {"id": "704241156", "price": 2.0408, "amount": 1568.6, "side": "buy", "timestamp": 1765000195590}, {"id": "704241157", "price": 2.0408, "amount": 564.0, "side": "buy", "timestamp": 1765000196818}, {"id": "704241158", "price": 2.0409, "amount": 5.8, "side": "buy", "timestamp": 1765000196887}, {"id": "704241159", "price": 2.0409, "amount": 253.6, "side": "buy", "timestamp": 1765000197121}, {"id": "704241160", "price": 2.0409, "amount": 88.1, "side": "buy", "timestamp": 1765000197359}, {"id": "704241198", "price": 2.0414, "amount": 105.4, "side": "buy", "timestamp": 1765000216874}, {"id": "704241199", "price": 2.0414, "amount": 181.9, "side": "buy", "timestamp": 1765000217114}, {"id": "704241200", "price": 2.0414, "amount": 17.9, "side": "buy", "timestamp": 1765000217742}, {"id": "704241201", "price": 2.0414, "amount": 497.3, "side": "buy", "timestamp": 1765000217976}, {"id": "704241202", "price": 2.0414, "amount": 167.1, "side": "buy", "timestamp": 1765000219766}, {"id": "704241203", "price": 2.0413, "amount": 148.0, "side": "sell", "timestamp": 1765000220889}, {"id": "704241204", "price": 2.0414, "amount": 977.4, "side": "buy", "timestamp": 1765000221463}, {"id": "704241205", "price": 2.0414, "amount": 10.8, "side": "sell", "timestamp": 1765000221943}, {"id": "704241206", "price": 2.0414, "amount": 10.8, "side": "sell", "timestamp": 1765000222299}, {"id": "704241207", "price": 2.0414, "amount": 10.8, "side": "sell", "timestamp": 1765000222649}, {"id": "704241208", "price": 2.0414, "amount": 5.9, "side": "sell", "timestamp": 1765000223659}, {"id": "704241209", "price": 2.0415, "amount": 6.8, "side": "buy", "timestamp": 1765000223706}, {"id": "704241210", "price": 2.0415, "amount": 258.6, "side": "buy", "timestamp": 1765000224204}, {"id": "704241211", "price": 2.0415, "amount": 78.4, "side": "buy", "timestamp": 1765000224807}, {"id": "704241212", "price": 2.0415, "amount": 49.0, "side": "buy", "timestamp": 1765000225034}, {"id": "704241213", "price": 2.0415, "amount": 2.9, "side": "buy", "timestamp": 1765000225870}, {"id": "704241214", "price": 2.0415, "amount": 0.5, "side": "buy", "timestamp": 1765000227352}, {"id": "704241215", "price": 2.0414, "amount": 16.1, "side": "sell", "timestamp": 1765000227704}, {"id": "704241216", "price": 2.0415, "amount": 15.6, "side": "buy", "timestamp": 1765000227858}, {"id": "704241217", "price": 2.0414, "amount": 119.3, "side": "sell", "timestamp": 1765000228273}, {"id": "704241218", "price": 2.0415, "amount": 3.4, "side": "buy", "timestamp": 1765000229850}, {"id": "704241219", "price": 2.0415, "amount": 1338.7, "side": "buy", "timestamp": 1765000230346}, {"id": "704241220", "price": 2.0415, "amount": 3635.4, "side": "buy", "timestamp": 1765000230978}, {"id": "704241221", "price": 2.0415, "amount": 3.1, "side": "buy", "timestamp": 1765000231855}, {"id": "704241222", "price": 2.0414, "amount": 112.2, "side": "sell", "timestamp": 1765000232303}, {"id": "704241223", "price": 2.0415, "amount": 39.3, "side": "buy", "timestamp": 1765000234014}, {"id": "704241224", "price": 2.0415, "amount": 0.1, "side": "buy", "timestamp": 1765000234480}, {"id": "704241225", "price": 2.0415, "amount": 3.1, "side": "buy", "timestamp": 1765000234744}, {"id": "704241226", "price": 2.0415, "amount": 11.6, "side": "buy", "timestamp": 1765000235013}, {"id": "704241227", "price": 2.0415, "amount": 6.4, "side": "buy", "timestamp": 1765000235874}, {"id": "704241228", "price": 2.0414, "amount": 130.9, "side": "sell", "timestamp": 1765000236224}, {"id": "704241229", "price": 2.0414, "amount": 3009.4, "side": "sell", "timestamp": 1765000236352}, {"id": "704241230", "price": 2.0414, "amount": 1048.6, "side": "sell", "timestamp": 1765000236573}, {"id": "704241231", "price": 2.0415, "amount": 42.6, "side": "buy", "timestamp": 1765000236823}, {"id": "704241232", "price": 2.0414, "amount": 50.0, "side": "sell", "timestamp": 1765000239036}, {"id": "704241233", "price": 2.0415, "amount": 25.0, "side": "buy", "timestamp": 1765000239928}, {"id": "704241234", "price": 2.0415, "amount": 0.6, "side": "buy", "timestamp": 1765000240335}, {"id": "704241235", "price": 2.0414, "amount": 36.4, "side": "sell", "timestamp": 1765000240558}, {"id": "704241236", "price": 2.0414, "amount": 97.9, "side": "sell", "timestamp": 1765000242186}, {"id": "704241237", "price": 2.0415, "amount": 4.4, "side": "buy", "timestamp": 1765000243522}, {"id": "704241238", "price": 2.0414, "amount": 7.1, "side": "sell", "timestamp": 1765000245059}, {"id": "704241239", "price": 2.0415, "amount": 22.1, "side": "buy", "timestamp": 1765000245435}, {"id": "704241240", "price": 2.0414, "amount": 41.0, "side": "sell", "timestamp": 1765000245831}, {"id": "704241241", "price": 2.0415, "amount": 3.0, "side": "buy", "timestamp": 1765000245873}, {"id": "704241242", "price": 2.0415, "amount": 26.3, "side": "buy", "timestamp": 1765000246244}, {"id": "704241243", "price": 2.0414, "amount": 3.0, "side": "sell", "timestamp": 1765000247133}, {"id": "704241244", "price": 2.0415, "amount": 9.3, "side": "buy", "timestamp": 1765000247542}, {"id": "704241245", "price": 2.0415, "amount": 6.5, "side": "buy", "timestamp": 1765000247827}, {"id": "704241246", "price": 2.0415, "amount": 35.9, "side": "buy", "timestamp": 1765000249068}, {"id": "704241247", "price": 2.0414, "amount": 7.6, "side": "sell", "timestamp": 1765000249998}, {"id": "704241290", "price": 2.0415, "amount": 9.3, "side": "sell", "timestamp": 1765000275001}, {"id": "704241291", "price": 2.0416, "amount": 5.9, "side": "buy", "timestamp": 1765000275468}, {"id": "704241292", "price": 2.0416, "amount": 37.5, "side": "buy", "timestamp": 1765000276574}, {"id": "704241293", "price": 2.0415, "amount": 6.8, "side": "sell", "timestamp": 1765000276608}, {"id": "704241294", "price": 2.0416, "amount": 391.2, "side": "buy", "timestamp": 1765000277428}, {"id": "704241295", "price": 2.0415, "amount": 12.3, "side": "sell", "timestamp": 1765000277900}, {"id": "704241296", "price": 2.0416, "amount": 117.5, "side": "buy", "timestamp": 1765000278861}, {"id": "704241297", "price": 2.0416, "amount": 111.6, "side": "buy", "timestamp": 1765000279749}, {"id": "704241298", "price": 2.0415, "amount": 9.1, "side": "sell", "timestamp": 1765000279911}, {"id": "704241299", "price": 2.0416, "amount": 4719.8, "side": "buy", "timestamp": 1765000280391}, {"id": "704241300", "price": 2.0417, "amount": 2951.9, "side": "buy", "timestamp": 1765000280395}, {"id": "704241301", "price": 2.0418, "amount": 6855.9, "side": "buy", "timestamp": 1765000280399}, {"id": "704241302", "price": 2.0419, "amount": 976.3, "side": "buy", "timestamp": 1765000280404}, {"id": "704241303", "price": 2.0418, "amount": 162.9, "side": "sell", "timestamp": 1765000280626}, {"id": "704241304", "price": 2.0419, "amount": 1795.4, "side": "buy", "timestamp": 1765000281034}, {"id": "704241305", "price": 2.042, "amount": 17671.1, "side": "buy", "timestamp": 1765000281090}, {"id": "704241306", "price": 2.042, "amount": 44.4, "side": "buy", "timestamp": 1765000281328}, {"id": "704241307", "price": 2.042, "amount": 679.8, "side": "buy", "timestamp": 1765000282032}, {"id": "704241308", "price": 2.0421, "amount": 1862.1, "side": "buy", "timestamp": 1765000282032}, {"id": "704241309", "price": 2.0422, "amount": 2210.6, "side": "buy", "timestamp": 1765000282033}, {"id": "704241310", "price": 2.0421, "amount": 97.9, "side": "sell", "timestamp": 1765000282137}, {"id": "704241311", "price": 2.0421, "amount": 3.1, "side": "sell", "timestamp": 1765000282462}, {"id": "704241312", "price": 2.0422, "amount": 3.3, "side": "buy", "timestamp": 1765000282706}, {"id": "704241313", "price": 2.0422, "amount": 476.5, "side": "buy", "timestamp": 1765000282916}, {"id": "704241314", "price": 2.0421, "amount": 58.8, "side": "sell", "timestamp": 1765000283353}, {"id": "704241315", "price": 2.0421, "amount": 109.2, "side": "sell", "timestamp": 1765000283741}, {"id": "704241316", "price": 2.0421, "amount": 15.1, "side": "sell", "timestamp": 1765000283971}, {"id": "704241317", "price": 2.0422, "amount": 16.6, "side": "buy", "timestamp": 1765000284237}, {"id": "704241318", "price": 2.0422, "amount": 4.8, "side": "buy", "timestamp": 1765000284665}, {"id": "704241319", "price": 2.0422, "amount": 602.5, "side": "buy", "timestamp": 1765000285031}, {"id": "704241320", "price": 2.0422, "amount": 11.0, "side": "buy", "timestamp": 1765000285629}, {"id": "704241321", "price": 2.0422, "amount": 240.8, "side": "buy", "timestamp": 1765000286950}, {"id": "704241322", "price": 2.0422, "amount": 9.6, "side": "buy", "timestamp": 1765000287761}, {"id": "704241323", "price": 2.0421, "amount": 30.7, "side": "sell", "timestamp": 1765000287865}, {"id": "704241324", "price": 2.0422, "amount": 87.0, "side": "buy", "timestamp": 1765000288376}, {"id": "704241325", "price": 2.0422, "amount": 24.3, "side": "buy", "timestamp": 1765000288725}, {"id": "704241326", "price": 2.0421, "amount": 14.6, "side": "sell", "timestamp": 1765000288736}, {"id": "704241327", "price": 2.0422, "amount": 3.3, "side": "buy", "timestamp": 1765000288891}, {"id": "704241328", "price": 2.0422, "amount": 207.4, "side": "buy", "timestamp": 1765000289093}, {"id": "704241329", "price": 2.0421, "amount": 9.1, "side": "sell", "timestamp": 1765000294718}, {"id": "704241330", "price": 2.0422, "amount": 3.3, "side": "buy", "timestamp": 1765000294869}, {"id": "704241331", "price": 2.0422, "amount": 32.9, "side": "buy", "timestamp": 1765000295269}, {"id": "704241332", "price": 2.0422, "amount": 3.0, "side": "buy", "timestamp": 1765000295554}, {"id": "704241333", "price": 2.0421, "amount": 5.9, "side": "sell", "timestamp": 1765000295664}, {"id": "704241334", "price": 2.0422, "amount": 94.9, "side": "buy", "timestamp": 1765000295979}, {"id": "704241335", "price": 2.0421, "amount": 73.3, "side": "sell", "timestamp": 1765000297005}, {"id": "704241336", "price": 2.0422, "amount": 6.5, "side": "buy", "timestamp": 1765000297875}, {"id": "704241337", "price": 2.0422, "amount": 3745.0, "side": "buy", "timestamp": 1765000298460}, {"id": "704241338", "price": 2.0422, "amount": 849.3, "side": "buy", "timestamp": 1765000299138}, {"id": "704241339", "price": 2.0422, "amount": 3.3, "side": "buy", "timestamp": 1765000300889}, {"id": "704241384", "price": 2.0422, "amount": 3.4, "side": "buy", "timestamp": 1765000322586}, {"id": "704241385", "price": 2.0422, "amount": 3.5, "side": "buy", "timestamp": 1765000322839}, {"id": "704241386", "price": 2.0421, "amount": 3.2, "side": "sell", "timestamp": 1765000323059}, {"id": "704241387", "price": 2.0422, "amount": 388.3, "side": "buy", "timestamp": 1765000323662}, {"id": "704241388", "price": 2.0422, "amount": 1736.1, "side": "buy", "timestamp": 1765000323983}, {"id": "704241389", "price": 2.0421, "amount": 835.8, "side": "sell", "timestamp": 1765000324746}, {"id": "704241390", "price": 2.042, "amount": 77.7, "side": "sell", "timestamp": 1765000324770}, {"id": "704241391", "price": 2.042, "amount": 23.0, "side": "buy", "timestamp": 1765000325270}, {"id": "704241392", "price": 2.042, "amount": 86.0, "side": "buy", "timestamp": 1765000325762}, {"id": "704241393", "price": 2.042, "amount": 5.1, "side": "buy", "timestamp": 1765000326297}, {"id": "704241394", "price": 2.0419, "amount": 2308.2, "side": "sell", "timestamp": 1765000327147}, {"id": "704241395", "price": 2.042, "amount": 49.0, "side": "buy", "timestamp": 1765000327712}, {"id": "704241396", "price": 2.042, "amount": 163.7, "side": "buy", "timestamp": 1765000327891}, {"id": "704241397", "price": 2.0419, "amount": 980.1, "side": "sell", "timestamp": 1765000328030}, {"id": "704241398", "price": 2.0419, "amount": 62.6, "side": "sell", "timestamp": 1765000328645}, {"id": "704241399", "price": 2.0419, "amount": 4.2, "side": "sell", "timestamp": 1765000329195}, {"id": "704241400", "price": 2.0419, "amount": 6.8, "side": "sell", "timestamp": 1765000329725}, {"id": "704241401", "price": 2.0419, "amount": 14.6, "side": "sell", "timestamp": 1765000330833}, {"id": "704241402", "price": 2.0419, "amount": 5.9, "side": "sell", "timestamp": 1765000331660}, {"id": "704241403", "price": 2.042, "amount": 292.3, "side": "buy", "timestamp": 1765000332030}, {"id": "704241404", "price": 2.042, "amount": 839.0, "side": "buy", "timestamp": 1765000333513}, {"id": "704241405", "price": 2.042, "amount": 233.8, "side": "buy", "timestamp": 1765000333881}, {"id": "704241406", "price": 2.0419, "amount": 6.5, "side": "sell", "timestamp": 1765000334752}, {"id": "704241407", "price": 2.0419, "amount": 14.2, "side": "sell", "timestamp": 1765000334987}, {"id": "704241408", "price": 2.042, "amount": 2.6, "side": "buy", "timestamp": 1765000335377}, {"id": "704241409", "price": 2.0419, "amount": 117.3, "side": "sell", "timestamp": 1765000335565}, {"id": "704241410", "price": 2.042, "amount": 35.4, "side": "buy", "timestamp": 1765000336754}, {"id": "704241411", "price": 2.042, "amount": 584.8, "side": "buy", "timestamp": 1765000337129}, {"id": "704241412", "price": 2.0419, "amount": 230.9, "side": "sell", "timestamp": 1765000337841}, {"id": "704241413", "price": 2.0419, "amount": 33.4, "side": "buy", "timestamp": 1765000338091}, {"id": "704241414", "price": 2.0418, "amount": 7.3, "side": "sell", "timestamp": 1765000340051}, {"id": "704241415", "price": 2.0418, "amount": 11.3, "side": "sell", "timestamp": 1765000341263}, {"id": "704241416", "price": 2.0418, "amount": 43.4, "side": "sell", "timestamp": 1765000343980}, {"id": "704241417", "price": 2.0418, "amount": 12.7, "side": "sell", "timestamp": 1765000344239}, {"id": "704241418", "price": 2.0418, "amount": 6.5, "side": "sell", "timestamp": 1765000345083}, {"id": "704241419", "price": 2.0418, "amount": 49.0, "side": "sell", "timestamp": 1765000345189}, {"id": "704241420", "price": 2.0418, "amount": 113.5, "side": "sell", "timestamp": 1765000345764}, {"id": "704241421", "price": 2.0419, "amount": 30.5, "side": "buy", "timestamp": 1765000346053}, {"id": "704241422", "price": 2.0419, "amount": 2.6, "side": "buy", "timestamp": 1765000346161}, {"id": "704241423", "price": 2.0419, "amount": 30.0, "side": "buy", "timestamp": 1765000346557}, {"id": "704241424", "price": 2.0418, "amount": 2.5, "side": "sell", "timestamp": 1765000346834}, {"id": "704241425", "price": 2.0418, "amount": 97.9, "side": "sell", "timestamp": 1765000348097}, {"id": "704241426", "price": 2.0419, "amount": 3.0, "side": "buy", "timestamp": 1765000348680}, {"id": "704241427", "price": 2.0419, "amount": 3.3, "side": "buy", "timestamp": 1765000349918}, {"id": "704241428", "price": 2.0418, "amount": 625.9, "side": "sell", "timestamp": 1765000349951}, {"id": "704241429", "price": 2.0418, "amount": 9.8, "side": "sell", "timestamp": 1765000350078}, {"id": "704241430", "price": 2.0419, "amount": 19.6, "side": "buy", "timestamp": 1765000350363}, {"id": "704241431", "price": 2.0418, "amount": 2.7, "side": "sell", "timestamp": 1765000350411}, {"id": "704241432", "price": 2.0418, "amount": 96.9, "side": "sell", "timestamp": 1765000352027}, {"id": "704241433", "price": 2.0419, "amount": 8.1, "side": "buy", "timestamp": 1765000352851}, {"id": "704241490", "price": 2.0426, "amount": 43.1, "side": "buy", "timestamp": 1765000373356}, {"id": "704241491", "price": 2.0425, "amount": 4.9, "side": "sell", "timestamp": 1765000373985}, {"id": "704241492", "price": 2.0426, "amount": 2804.4, "side": "buy", "timestamp": 1765000374085}, {"id": "704241493", "price": 2.0425, "amount": 894.1, "side": "sell", "timestamp": 1765000375095}, {"id": "704241494", "price": 2.0426, "amount": 23.4, "side": "buy", "timestamp": 1765000375444}, {"id": "704241495", "price": 2.0425, "amount": 17.3, "side": "sell", "timestamp": 1765000376906}, {"id": "704241496", "price": 2.0426, "amount": 32.7, "side": "buy", "timestamp": 1765000378409}, {"id": "704241497", "price": 2.0425, "amount": 7.7, "side": "sell", "timestamp": 1765000379634}, {"id": "704241498", "price": 2.0426, "amount": 123.4, "side": "buy", "timestamp": 1765000380247}, {"id": "704241499", "price": 2.0426, "amount": 11037.4, "side": "buy", "timestamp": 1765000380725}, {"id": "704241500", "price": 2.0427, "amount": 581.6, "side": "buy", "timestamp": 1765000380856}, {"id": "704241501", "price": 2.0427, "amount": 36.5, "side": "sell", "timestamp": 1765000381435}, {"id": "704241502", "price": 2.0428, "amount": 6.2, "side": "buy", "timestamp": 1765000381607}, {"id": "704241503", "price": 2.0427, "amount": 15.1, "side": "sell", "timestamp": 1765000381857}, {"id": "704241504", "price": 2.0427, "amount": 15.4, "side": "sell", "timestamp": 1765000382089}, {"id": "704241505", "price": 2.0427, "amount": 9.7, "side": "sell", "timestamp": 1765000382348}, {"id": "704241506", "price": 2.0428, "amount": 9.6, "side": "buy", "timestamp": 1765000382703}, {"id": "704241507", "price": 2.0428, "amount": 4.3, "side": "buy", "timestamp": 1765000382949}, {"id": "704241508", "price": 2.0427, "amount": 4.0, "side": "sell", "timestamp": 1765000383258}, {"id": "704241509", "price": 2.0427, "amount": 979.0, "side": "sell", "timestamp": 1765000384719}, {"id": "704241510", "price": 2.0427, "amount": 22.2, "side": "sell", "timestamp": 1765000384958}, {"id": "704241511", "price": 2.0428, "amount": 5.2, "side": "buy", "timestamp": 1765000386731}, {"id": "704241512", "price": 2.0427, "amount": 90.6, "side": "sell", "timestamp": 1765000387636}, {"id": "704241513", "price": 2.0426, "amount": 2.5, "side": "sell", "timestamp": 1765000388240}, {"id": "704241514", "price": 2.0427, "amount": 8.8, "side": "buy", "timestamp": 1765000388312}, {"id": "704241515", "price": 2.0427, "amount": 480.4, "side": "buy", "timestamp": 1765000389259}, {"id": "704241516", "price": 2.0427, "amount": 17.2, "side": "buy", "timestamp": 1765000389758}, {"id": "704241517", "price": 2.0426, "amount": 11.8, "side": "sell", "timestamp": 1765000389854}, {"id": "704241518", "price": 2.0427, "amount": 15520.8, "side": "buy", "timestamp": 1765000389941}, {"id": "704241519", "price": 2.0426, "amount": 39.3, "side": "sell", "timestamp": 1765000389980}, {"id": "704241520", "price": 2.0427, "amount": 3.2, "side": "buy", "timestamp": 1765000390280}, {"id": "704241521", "price": 2.0426, "amount": 2.6, "side": "sell", "timestamp": 1765000392702}, {"id": "704241522", "price": 2.0427, "amount": 1736.1, "side": "buy", "timestamp": 1765000393510}, {"id": "704241523", "price": 2.0428, "amount": 1243.1, "side": "buy", "timestamp": 1765000393510}, {"id": "704241524", "price": 2.0427, "amount": 2000.0, "side": "sell", "timestamp": 1765000394011}, {"id": "704241525", "price": 2.0428, "amount": 12.9, "side": "buy", "timestamp": 1765000395353}, {"id": "704241526", "price": 2.0428, "amount": 146.8, "side": "buy", "timestamp": 1765000397207}, {"id": "704241527", "price": 2.0428, "amount": 24.3, "side": "buy", "timestamp": 1765000398519}, {"id": "704241528", "price": 2.0428, "amount": 3.7, "side": "buy", "timestamp": 1765000398659}, {"id": "704241529", "price": 2.0428, "amount": 27.0, "side": "buy", "timestamp": 1765000399115}, {"id": "704241530", "price": 2.0427, "amount": 103.9, "side": "sell", "timestamp": 1765000401422}, {"id": "704241531", "price": 2.0428, "amount": 3.8, "side": "buy", "timestamp": 1765000401743}, {"id": "704241532", "price": 2.0427, "amount": 3.0, "side": "sell", "timestamp": 1765000402524}, {"id": "704241533", "price": 2.0428, "amount": 3.8, "side": "buy", "timestamp": 1765000402837}, {"id": "704241534", "price": 2.0428, "amount": 20.0, "side": "buy", "timestamp": 1765000403339}, {"id": "704241535", "price": 2.0428, "amount": 2.9, "side": "buy", "timestamp": 1765000403650}, {"id": "704241536", "price": 2.0427, "amount": 5.9, "side": "sell", "timestamp": 1765000403674}, {"id": "704241537", "price": 2.0428, "amount": 14.9, "side": "buy", "timestamp": 1765000403681}, {"id": "704241538", "price": 2.0428, "amount": 39.2, "side": "buy", "timestamp": 1765000404119}, {"id": "704241539", "price": 2.0428, "amount": 39.2, "side": "buy", "timestamp": 1765000404319}, {"id": "704241600", "price": 2.043, "amount": 3.7, "side": "buy", "timestamp": 1765000430838}, {"id": "704241601", "price": 2.043, "amount": 3.8, "side": "buy", "timestamp": 1765000431889}, {"id": "704241602", "price": 2.0429, "amount": 2524.0, "side": "sell", "timestamp": 1765000432612}, {"id": "704241603", "price": 2.043, "amount": 6.3, "side": "buy", "timestamp": 1765000432932}, {"id": "704241604", "price": 2.043, "amount": 3.0, "side": "buy", "timestamp": 1765000433896}, {"id": "704241605", "price": 2.043, "amount": 3.9, "side": "buy", "timestamp": 1765000434853}, {"id": "704241606", "price": 2.043, "amount": 4.2, "side": "buy", "timestamp": 1765000436351}, {"id": "704241607", "price": 2.0429, "amount": 33.3, "side": "sell", "timestamp": 1765000437075}, {"id": "704241608", "price": 2.043, "amount": 144.8, "side": "buy", "timestamp": 1765000437454}, {"id": "704241609", "price": 2.043, "amount": 3.8, "side": "buy", "timestamp": 1765000437818}, {"id": "704241610", "price": 2.043, "amount": 800.0, "side": "buy", "timestamp": 1765000438347}, {"id": "704241611", "price": 2.043, "amount": 3.7, "side": "buy", "timestamp": 1765000438873}, {"id": "704241612", "price": 2.0429, "amount": 5.9, "side": "sell", "timestamp": 1765000439662}, {"id": "704241613", "price": 2.043, "amount": 2.9, "side": "buy", "timestamp": 1765000439675}, {"id": "704241614", "price": 2.043, "amount": 548.0, "side": "buy", "timestamp": 1765000440251}, {"id": "704241615", "price": 2.0429, "amount": 501.4, "side": "sell", "timestamp": 1765000440283}, {"id": "704241616", "price": 2.043, "amount": 244.4, "side": "buy", "timestamp": 1765000440642}, {"id": "704241617", "price": 2.043, "amount": 6.7, "side": "buy", "timestamp": 1765000440832}, {"id": "704241618", "price": 2.043, "amount": 21.1, "side": "buy", "timestamp": 1765000441032}, {"id": "704241619", "price": 2.0429, "amount": 390.9, "side": "sell", "timestamp": 1765000441203}, {"id": "704241620", "price": 2.0429, "amount": 18.1, "side": "sell", "timestamp": 1765000441496}, {"id": "704241621", "price": 2.0429, "amount": 5.5, "side": "sell", "timestamp": 1765000441633}, {"id": "704241622", "price": 2.043, "amount": 4.8, "side": "buy", "timestamp": 1765000441861}, {"id": "704241623", "price": 2.0429, "amount": 125.3, "side": "sell", "timestamp": 1765000441895}, {"id": "704241624", "price": 2.043, "amount": 239.2, "side": "buy", "timestamp": 1765000441897}, {"id": "704241625", "price": 2.043, "amount": 3.8, "side": "buy", "timestamp": 1765000442097}, {"id": "704241626", "price": 2.0429, "amount": 24.4, "side": "sell", "timestamp": 1765000443477}, {"id": "704241627", "price": 2.043, "amount": 8993.3, "side": "buy", "timestamp": 1765000443520}, {"id": "704241628", "price": 2.0429, "amount": 451.9, "side": "sell", "timestamp": 1765000443573}, {"id": "704241629", "price": 2.043, "amount": 3972.6, "side": "buy", "timestamp": 1765000445073}, {"id": "704241630", "price": 2.043, "amount": 132.0, "side": "buy", "timestamp": 1765000445287}, {"id": "704241631", "price": 2.0429, "amount": 685.3, "side": "sell", "timestamp": 1765000445296}, {"id": "704241632", "price": 2.0429, "amount": 20494.0, "side": "sell", "timestamp": 1765000445429}, {"id": "704241633", "price": 2.0428, "amount": 2833.5, "side": "sell", "timestamp": 1765000445439}, {"id": "704241634", "price": 2.0427, "amount": 17.1, "side": "sell", "timestamp": 1765000446787}, {"id": "704241635", "price": 2.0428, "amount": 4.5, "side": "buy", "timestamp": 1765000448166}, {"id": "704241636", "price": 2.0427, "amount": 317.0, "side": "sell", "timestamp": 1765000450033}, {"id": "704241637", "price": 2.0428, "amount": 5140.0, "side": "buy", "timestamp": 1765000450113}, {"id": "704241638", "price": 2.0428, "amount": 648.5, "side": "buy", "timestamp": 1765000451723}, {"id": "704241639", "price": 2.0429, "amount": 142.3, "side": "buy", "timestamp": 1765000451763}, {"id": "704241640", "price": 2.0429, "amount": 28.5, "side": "sell", "timestamp": 1765000452118}, {"id": "704241641", "price": 2.043, "amount": 9.0, "side": "buy", "timestamp": 1765000452677}, {"id": "704241642", "price": 2.043, "amount": 2623.2, "side": "buy", "timestamp": 1765000453017}, {"id": "704241643", "price": 2.0431, "amount": 1713.2, "side": "buy", "timestamp": 1765000453280}, {"id": "704241644", "price": 2.043, "amount": 195.8, "side": "sell", "timestamp": 1765000453316}, {"id": "704241645", "price": 2.043, "amount": 97.7, "side": "sell", "timestamp": 1765000454002}, {"id": "704241646", "price": 2.0431, "amount": 62.3, "side": "buy", "timestamp": 1765000454499}, {"id": "704241647", "price": 2.043, "amount": 2.8, "side": "sell", "timestamp": 1765000454638}, {"id": "704241648", "price": 2.043, "amount": 2214.0, "side": "sell", "timestamp": 1765000455927}, {"id": "704241649", "price": 2.0431, "amount": 13.0, "side": "buy", "timestamp": 1765000456159}, {"id": "704241705", "price": 2.0429, "amount": 2390.2, "side": "sell", "timestamp": 1765000478783}, {"id": "704241706", "price": 2.043, "amount": 17920.6, "side": "buy", "timestamp": 1765000479572}, {"id": "704241707", "price": 2.043, "amount": 663.2, "side": "buy", "timestamp": 1765000480423}, {"id": "704241708", "price": 2.043, "amount": 6.4, "side": "buy", "timestamp": 1765000481687}, {"id": "704241709", "price": 2.0429, "amount": 48.1, "side": "sell", "timestamp": 1765000483573}, {"id": "704241710", "price": 2.043, "amount": 155.7, "side": "buy", "timestamp": 1765000484442}, {"id": "704241711", "price": 2.043, "amount": 4.4, "side": "buy", "timestamp": 1765000484584}, {"id": "704241712", "price": 2.0429, "amount": 45.0, "side": "sell", "timestamp": 1765000486212}, {"id": "704241713", "price": 2.043, "amount": 107.9, "side": "buy", "timestamp": 1765000486503}, {"id": "704241714", "price": 2.0429, "amount": 4.7, "side": "sell", "timestamp": 1765000486792}, {"id": "704241715", "price": 2.043, "amount": 2158.6, "side": "buy", "timestamp": 1765000486832}, {"id": "704241716", "price": 2.0429, "amount": 78.8, "side": "sell", "timestamp": 1765000487824}, {"id": "704241717", "price": 2.0429, "amount": 18.6, "side": "sell", "timestamp": 1765000487998}, {"id": "704241718", "price": 2.043, "amount": 520.2, "side": "buy", "timestamp": 1765000488987}, {"id": "704241719", "price": 2.043, "amount": 100.0, "side": "buy", "timestamp": 1765000489288}, {"id": "704241720", "price": 2.0429, "amount": 16879.9, "side": "sell", "timestamp": 1765000489475}, {"id": "704241721", "price": 2.0428, "amount": 34788.9, "side": "sell", "timestamp": 1765000489477}, {"id": "704241722", "price": 2.0427, "amount": 881.1, "side": "sell", "timestamp": 1765000489754}, {"id": "704241723", "price": 2.0427, "amount": 7.4, "side": "sell", "timestamp": 1765000490062}, {"id": "704241724", "price": 2.0427, "amount": 587.4, "side": "sell", "timestamp": 1765000491423}, {"id": "704241725", "price": 2.0428, "amount": 8.0, "side": "buy", "timestamp": 1765000491655}, {"id": "704241726", "price": 2.0427, "amount": 824.1, "side": "sell", "timestamp": 1765000492008}, {"id": "704241727", "price": 2.0427, "amount": 1736.5, "side": "sell", "timestamp": 1765000493452}, {"id": "704241728", "price": 2.0427, "amount": 1013.0, "side": "sell", "timestamp": 1765000495084}, {"id": "704241729", "price": 2.0428, "amount": 4.8, "side": "buy", "timestamp": 1765000495993}, {"id": "704241730", "price": 2.0427, "amount": 29.3, "side": "sell", "timestamp": 1765000497088}, {"id": "704241731", "price": 2.0428, "amount": 590.2, "side": "buy", "timestamp": 1765000497373}, {"id": "704241732", "price": 2.0427, "amount": 156.2, "side": "sell", "timestamp": 1765000498641}, {"id": "704241733", "price": 2.0428, "amount": 1745.4, "side": "buy", "timestamp": 1765000499241}, {"id": "704241734", "price": 2.0428, "amount": 4.0, "side": "buy", "timestamp": 1765000500556}, {"id": "704241735", "price": 2.0428, "amount": 5.9, "side": "buy", "timestamp": 1765000500662}, {"id": "704241736", "price": 2.0428, "amount": 5396.8, "side": "buy", "timestamp": 1765000500811}, {"id": "704241737", "price": 2.0428, "amount": 68651.0, "side": "sell", "timestamp": 1765000500968}, {"id": "704241738", "price": 2.0427, "amount": 6153.9, "side": "sell", "timestamp": 1765000500971}, {"id": "704241739", "price": 2.0426, "amount": 5615.8, "side": "sell", "timestamp": 1765000500972}, {"id": "704241740", "price": 2.0425, "amount": 4665.5, "side": "sell", "timestamp": 1765000500975}, {"id": "704241741", "price": 2.0424, "amount": 97.9, "side": "sell", "timestamp": 1765000501190}, {"id": "704241742", "price": 2.0425, "amount": 5.7, "side": "buy", "timestamp": 1765000501712}, {"id": "704241743", "price": 2.0424, "amount": 305.5, "side": "sell", "timestamp": 1765000502022}, {"id": "704241744", "price": 2.0424, "amount": 1598.5, "side": "sell", "timestamp": 1765000502277}, {"id": "704241745", "price": 2.0423, "amount": 1154.8, "side": "sell", "timestamp": 1765000502322}, {"id": "704241746", "price": 2.0422, "amount": 97.9, "side": "sell", "timestamp": 1765000502862}, {"id": "704241747", "price": 2.0422, "amount": 214.0, "side": "sell", "timestamp": 1765000503100}, {"id": "704241748", "price": 2.0422, "amount": 489.5, "side": "sell", "timestamp": 1765000503271}, {"id": "704241749", "price": 2.0422, "amount": 201.4, "side": "sell", "timestamp": 1765000503933}, {"id": "704241750", "price": 2.0422, "amount": 6.5, "side": "sell", "timestamp": 1765000504301}, {"id": "704241751", "price": 2.0422, "amount": 2.5, "side": "sell", "timestamp": 1765000505849}, {"id": "704241752", "price": 2.0423, "amount": 222.8, "side": "buy", "timestamp": 1765000506737}, {"id": "704241753", "price": 2.0422, "amount": 281.3, "side": "sell", "timestamp": 1765000507110}, {"id": "704241754", "price": 2.0422, "amount": 881.1, "side": "sell", "timestamp": 1765000508661}, {"id": "704241828", "price": 2.0426, "amount": 5.7, "side": "sell", "timestamp": 1765000535091}, {"id": "704241829", "price": 2.0427, "amount": 19.5, "side": "buy", "timestamp": 1765000535191}, {"id": "704241830", "price": 2.0426, "amount": 5176.2, "side": "sell", "timestamp": 1765000535950}, {"id": "704241831", "price": 2.0426, "amount": 97.1, "side": "buy", "timestamp": 1765000536188}, {"id": "704241832", "price": 2.0426, "amount": 48.9, "side": "buy", "timestamp": 1765000537440}, {"id": "704241833", "price": 2.0425, "amount": 1263.8, "side": "sell", "timestamp": 1765000537452}, {"id": "704241834", "price": 2.0425, "amount": 1327.1, "side": "sell", "timestamp": 1765000537808}, {"id": "704241835", "price": 2.0424, "amount": 3505.2, "side": "sell", "timestamp": 1765000537808}, {"id": "704241836", "price": 2.0424, "amount": 1491.3, "side": "sell", "timestamp": 1765000538352}, {"id": "704241837", "price": 2.0424, "amount": 876.6, "side": "sell", "timestamp": 1765000539667}, {"id": "704241838", "price": 2.0425, "amount": 300.0, "side": "buy", "timestamp": 1765000539767}, {"id": "704241839", "price": 2.0424, "amount": 6.1, "side": "sell", "timestamp": 1765000539860}, {"id": "704241840", "price": 2.0424, "amount": 4643.8, "side": "sell", "timestamp": 1765000540068}, {"id": "704241841", "price": 2.0423, "amount": 3814.2, "side": "sell", "timestamp": 1765000540072}, {"id": "704241842", "price": 2.0422, "amount": 4352.1, "side": "sell", "timestamp": 1765000540082}, {"id": "704241843", "price": 2.0421, "amount": 189.5, "side": "sell", "timestamp": 1765000540448}, {"id": "704241844", "price": 2.0422, "amount": 254.1, "side": "buy", "timestamp": 1765000540480}, {"id": "704241845", "price": 2.0421, "amount": 4059.3, "side": "sell", "timestamp": 1765000540576}, {"id": "704241846", "price": 2.0421, "amount": 636.3, "side": "sell", "timestamp": 1765000541675}, {"id": "704241847", "price": 2.0421, "amount": 580.0, "side": "sell", "timestamp": 1765000542046}, {"id": "704241848", "price": 2.0421, "amount": 3.3, "side": "sell", "timestamp": 1765000542962}, {"id": "704241849", "price": 2.0421, "amount": 6.0, "side": "sell", "timestamp": 1765000545085}, {"id": "704241850", "price": 2.0422, "amount": 136.7, "side": "buy", "timestamp": 1765000546628}, {"id": "704241851", "price": 2.0422, "amount": 4212.0, "side": "buy", "timestamp": 1765000546913}, {"id": "704241852", "price": 2.0423, "amount": 1800.1, "side": "buy", "timestamp": 1765000546919}, {"id": "704241853", "price": 2.0424, "amount": 579.1, "side": "buy", "timestamp": 1765000546923}, {"id": "704241854", "price": 2.0423, "amount": 7.3, "side": "sell", "timestamp": 1765000546993}, {"id": "704241855", "price": 2.0424, "amount": 3.5, "side": "buy", "timestamp": 1765000547092}, {"id": "704241856", "price": 2.0424, "amount": 67.6, "side": "buy", "timestamp": 1765000547312}, {"id": "704241857", "price": 2.0423, "amount": 5.9, "side": "sell", "timestamp": 1765000547665}, {"id": "704241858", "price": 2.0424, "amount": 9.0, "side": "buy", "timestamp": 1765000547833}, {"id": "704241859", "price": 2.0424, "amount": 4.8, "side": "buy", "timestamp": 1765000548422}, {"id": "704241860", "price": 2.0423, "amount": 64.7, "side": "sell", "timestamp": 1765000549551}, {"id": "704241861", "price": 2.0423, "amount": 3.5, "side": "sell", "timestamp": 1765000550352}, {"id": "704241862", "price": 2.0424, "amount": 1962.1, "side": "buy", "timestamp": 1765000550667}, {"id": "704241863", "price": 2.0424, "amount": 52254.3, "side": "sell", "timestamp": 1765000550809}, {"id": "704241864", "price": 2.0424, "amount": 60.7, "side": "buy", "timestamp": 1765000552211}, {"id": "704241865", "price": 2.0424, "amount": 3.8, "side": "buy", "timestamp": 1765000552735}, {"id": "704241866", "price": 2.0424, "amount": 48.9, "side": "buy", "timestamp": 1765000553618}, {"id": "704241867", "price": 2.0423, "amount": 31.0, "side": "sell", "timestamp": 1765000554137}, {"id": "704241868", "price": 2.0424, "amount": 2.6, "side": "buy", "timestamp": 1765000554740}, {"id": "704241869", "price": 2.0423, "amount": 637.0, "side": "sell", "timestamp": 1765000556322}, {"id": "704241870", "price": 2.0424, "amount": 3.5, "side": "buy", "timestamp": 1765000556752}, {"id": "704241871", "price": 2.0423, "amount": 22191.9, "side": "sell", "timestamp": 1765000556759}, {"id": "704241872", "price": 2.0422, "amount": 32.9, "side": "sell", "timestamp": 1765000557232}, {"id": "704241873", "price": 2.0423, "amount": 8.3, "side": "buy", "timestamp": 1765000557568}, {"id": "704241874", "price": 2.0423, "amount": 48.2, "side": "buy", "timestamp": 1765000558843}, {"id": "704241875", "price": 2.0423, "amount": 39.0, "side": "buy", "timestamp": 1765000560021}, {"id": "704241876", "price": 2.0423, "amount": 0.4, "side": "buy", "timestamp": 1765000560430}, {"id": "704241877", "price": 2.0423, "amount": 0.3, "side": "buy", "timestamp": 1765000560574}, {"id": "704241924", "price": 2.042, "amount": 2399.2, "side": "sell", "timestamp": 1765000581170}, {"id": "704241925", "price": 2.042, "amount": 2700.0, "side": "buy", "timestamp": 1765000581519}, {"id": "704241926", "price": 2.0419, "amount": 489.7, "side": "sell", "timestamp": 1765000582381}, {"id": "704241927", "price": 2.042, "amount": 400.0, "side": "buy", "timestamp": 1765000583390}, {"id": "704241928", "price": 2.0419, "amount": 5.9, "side": "sell", "timestamp": 1765000583665}, {"id": "704241929", "price": 2.042, "amount": 4.9, "side": "buy", "timestamp": 1765000583782}, {"id": "704241930", "price": 2.042, "amount": 756.2, "side": "buy", "timestamp": 1765000584045}, {"id": "704241931", "price": 2.0419, "amount": 244.8, "side": "sell", "timestamp": 1765000584470}, {"id": "704241932", "price": 2.0419, "amount": 5.0, "side": "sell", "timestamp": 1765000584982}, {"id": "704241933", "price": 2.042, "amount": 29.5, "side": "buy", "timestamp": 1765000585319}, {"id": "704241934", "price": 2.0419, "amount": 45.2, "side": "sell", "timestamp": 1765000585768}, {"id": "704241935", "price": 2.042, "amount": 17.0, "side": "buy", "timestamp": 1765000586240}, {"id": "704241936", "price": 2.042, "amount": 300.0, "side": "buy", "timestamp": 1765000587187}, {"id": "704241937", "price": 2.042, "amount": 67.9, "side": "buy", "timestamp": 1765000587608}, {"id": "704241938", "price": 2.042, "amount": 44.2, "side": "buy", "timestamp": 1765000588121}, {"id": "704241939", "price": 2.042, "amount": 9.3, "side": "buy", "timestamp": 1765000588635}, {"id": "704241940", "price": 2.042, "amount": 25.3, "side": "buy", "timestamp": 1765000589856}, {"id": "704241941", "price": 2.0419, "amount": 4.6, "side": "sell", "timestamp": 1765000589929}, {"id": "704241942", "price": 2.0419, "amount": 3072.7, "side": "sell", "timestamp": 1765000591060}, {"id": "704241943", "price": 2.0419, "amount": 10.8, "side": "buy", "timestamp": 1765000591323}, {"id": "704241944", "price": 2.0419, "amount": 2000.0, "side": "buy", "timestamp": 1765000592329}, {"id": "704241945", "price": 2.0418, "amount": 4162.8, "side": "sell", "timestamp": 1765000593218}, {"id": "704241946", "price": 2.0417, "amount": 363.5, "side": "sell", "timestamp": 1765000593618}, {"id": "704241947", "price": 2.0417, "amount": 3.8, "side": "sell", "timestamp": 1765000593734}, {"id": "704241948", "price": 2.0418, "amount": 5.7, "side": "buy", "timestamp": 1765000594134}, {"id": "704241949", "price": 2.0418, "amount": 43.6, "side": "buy", "timestamp": 1765000594558}, {"id": "704241950", "price": 2.0417, "amount": 4.8, "side": "sell", "timestamp": 1765000594947}, {"id": "704241951", "price": 2.0417, "amount": 97.9, "side": "sell", "timestamp": 1765000595119}, {"id": "704241952", "price": 2.0418, "amount": 0.1, "side": "buy", "timestamp": 1765000596711}, {"id": "704241953", "price": 2.0417, "amount": 12400.7, "side": "sell", "timestamp": 1765000599004}, {"id": "704241954", "price": 2.0416, "amount": 3417.5, "side": "sell", "timestamp": 1765000599004}, {"id": "704241955", "price": 2.0416, "amount": 92.1, "side": "sell", "timestamp": 1765000599251}, {"id": "704241956", "price": 2.0417, "amount": 2288.4, "side": "buy", "timestamp": 1765000599296}, {"id": "704241957", "price": 2.0417, "amount": 7031.2, "side": "buy", "timestamp": 1765000599917}, {"id": "704241958", "price": 2.0417, "amount": 5.0, "side": "sell", "timestamp": 1765000600044}, {"id": "704241959", "price": 2.0418, "amount": 2534.2, "side": "buy", "timestamp": 1765000600460}, {"id": "704241960", "price": 2.0418, "amount": 22.8, "side": "sell", "timestamp": 1765000601099}, {"id": "704241961", "price": 2.0419, "amount": 284.7, "side": "buy", "timestamp": 1765000601691}, {"id": "704241962", "price": 2.0418, "amount": 48.0, "side": "sell", "timestamp": 1765000602453}, {"id": "704241963", "price": 2.0419, "amount": 2335.6, "side": "buy", "timestamp": 1765000602892}, {"id": "704241964", "price": 2.042, "amount": 229.5, "side": "buy", "timestamp": 1765000602947}, {"id": "704241965", "price": 2.0421, "amount": 966.4, "side": "buy", "timestamp": 1765000603435}, {"id": "704241966", "price": 2.042, "amount": 7.9, "side": "sell", "timestamp": 1765000606034}, {"id": "704241967", "price": 2.0421, "amount": 5.7, "side": "buy", "timestamp": 1765000606209}, {"id": "704241968", "price": 2.0421, "amount": 155.9, "side": "buy", "timestamp": 1765000606614}, {"id": "704241969", "price": 2.0421, "amount": 941.2, "side": "buy", "timestamp": 1765000608482}, {"id": "704241970", "price": 2.0421, "amount": 4.6, "side": "buy", "timestamp": 1765000609719}, {"id": "704241971", "price": 2.0421, "amount": 18.2, "side": "buy", "timestamp": 1765000610763}, {"id": "704241972", "price": 2.0421, "amount": 0.7, "side": "buy", "timestamp": 1765000611481}, {"id": "704241973", "price": 2.0421, "amount": 3.2, "side": "buy", "timestamp": 1765000611713}, {"id": "704242049", "price": 2.042, "amount": 29.1, "side": "sell", "timestamp": 1765000641539}, {"id": "704242050", "price": 2.042, "amount": 29.1, "side": "sell", "timestamp": 1765000641690}, {"id": "704242051", "price": 2.042, "amount": 29.1, "side": "sell", "timestamp": 1765000641842}, {"id": "704242052", "price": 2.042, "amount": 29.1, "side": "sell", "timestamp": 1765000641994}, {"id": "704242053", "price": 2.042, "amount": 29.1, "side": "sell", "timestamp": 1765000642146}, {"id": "704242054", "price": 2.042, "amount": 29.1, "side": "sell", "timestamp": 1765000642298}, {"id": "704242055", "price": 2.042, "amount": 19.4, "side": "sell", "timestamp": 1765000642453}, {"id": "704242056", "price": 2.0421, "amount": 44.2, "side": "buy", "timestamp": 1765000642467}, {"id": "704242057", "price": 2.042, "amount": 29.1, "side": "sell", "timestamp": 1765000642529}, {"id": "704242058", "price": 2.042, "amount": 29.1, "side": "sell", "timestamp": 1765000642681}, {"id": "704242059", "price": 2.042, "amount": 29.1, "side": "sell", "timestamp": 1765000642833}, {"id": "704242060", "price": 2.042, "amount": 29.1, "side": "sell", "timestamp": 1765000642986}, {"id": "704242061", "price": 2.042, "amount": 19.4, "side": "sell", "timestamp": 1765000643138}, {"id": "704242062", "price": 2.0421, "amount": 47.3, "side": "buy", "timestamp": 1765000643201}, {"id": "704242063", "price": 2.042, "amount": 9.7, "side": "sell", "timestamp": 1765000643213}, {"id": "704242064", "price": 2.042, "amount": 1570.9, "side": "sell", "timestamp": 1765000643699}, {"id": "704242065", "price": 2.0421, "amount": 258.5, "side": "buy", "timestamp": 1765000643840}, {"id": "704242066", "price": 2.042, "amount": 8.3, "side": "sell", "timestamp": 1765000644855}, {"id": "704242067", "price": 2.042, "amount": 463.9, "side": "sell", "timestamp": 1765000646223}, {"id": "704242068", "price": 2.042, "amount": 63.0, "side": "sell", "timestamp": 1765000646454}, {"id": "704242069", "price": 2.0421, "amount": 3.7, "side": "buy", "timestamp": 1765000646717}, {"id": "704242070", "price": 2.0421, "amount": 0.4, "side": "buy", "timestamp": 1765000647648}, {"id": "704242071", "price": 2.0421, "amount": 168.5, "side": "buy", "timestamp": 1765000648369}, {"id": "704242072", "price": 2.0421, "amount": 3.0, "side": "buy", "timestamp": 1765000648815}, {"id": "704242073", "price": 2.042, "amount": 23.1, "side": "sell", "timestamp": 1765000649619}, {"id": "704242074", "price": 2.0421, "amount": 103.9, "side": "buy", "timestamp": 1765000649898}, {"id": "704242075", "price": 2.042, "amount": 9.0, "side": "sell", "timestamp": 1765000649945}, {"id": "704242076", "price": 2.0421, "amount": 981.2, "side": "buy", "timestamp": 1765000649984}, {"id": "704242077", "price": 2.042, "amount": 2.5, "side": "sell", "timestamp": 1765000651117}, {"id": "704242078", "price": 2.0421, "amount": 9.3, "side": "buy", "timestamp": 1765000651176}, {"id": "704242079", "price": 2.0421, "amount": 5.7, "side": "buy", "timestamp": 1765000652560}, {"id": "704242080", "price": 2.0421, "amount": 3.4, "side": "buy", "timestamp": 1765000652915}, {"id": "704242081", "price": 2.0421, "amount": 2.5, "side": "buy", "timestamp": 1765000654534}, {"id": "704242082", "price": 2.0421, "amount": 440.8, "side": "buy", "timestamp": 1765000654881}, {"id": "704242083", "price": 2.042, "amount": 8.1, "side": "sell", "timestamp": 1765000654993}, {"id": "704242084", "price": 2.042, "amount": 5.9, "side": "sell", "timestamp": 1765000655666}, {"id": "704242085", "price": 2.042, "amount": 86.6, "side": "sell", "timestamp": 1765000656595}, {"id": "704242086", "price": 2.0421, "amount": 3.8, "side": "buy", "timestamp": 1765000656640}, {"id": "704242087", "price": 2.0421, "amount": 3.2, "side": "buy", "timestamp": 1765000656790}, {"id": "704242088", "price": 2.042, "amount": 4.5, "side": "sell", "timestamp": 1765000657087}, {"id": "704242089", "price": 2.042, "amount": 31.0, "side": "sell", "timestamp": 1765000657616}, {"id": "704242090", "price": 2.042, "amount": 8.1, "side": "sell", "timestamp": 1765000659927}, {"id": "704242091", "price": 2.0421, "amount": 11674.0, "side": "buy", "timestamp": 1765000660034}, {"id": "704242092", "price": 2.0422, "amount": 14807.3, "side": "buy", "timestamp": 1765000660034}, {"id": "704242093", "price": 2.0423, "amount": 11862.2, "side": "buy", "timestamp": 1765000660034}, {"id": "704242094", "price": 2.0424, "amount": 775.0, "side": "buy", "timestamp": 1765000660034}, {"id": "704242095", "price": 2.0424, "amount": 237.0, "side": "buy", "timestamp": 1765000660257}, {"id": "704242096", "price": 2.0424, "amount": 6.3, "side": "buy", "timestamp": 1765000660641}, {"id": "704242097", "price": 2.0424, "amount": 0.4, "side": "buy", "timestamp": 1765000661826}, {"id": "704242098", "price": 2.0424, "amount": 3.6, "side": "buy", "timestamp": 1765000662657}, {"id": "704242157", "price": 2.0429, "amount": 0.4, "side": "buy", "timestamp": 1765000678421}, {"id": "704242158", "price": 2.0428, "amount": 8.5, "side": "sell", "timestamp": 1765000679861}, {"id": "704242159", "price": 2.0429, "amount": 13.2, "side": "buy", "timestamp": 1765000680265}, {"id": "704242160", "price": 2.0429, "amount": 3016.6, "side": "buy", "timestamp": 1765000680444}, {"id": "704242161", "price": 2.0429, "amount": 75.0, "side": "buy", "timestamp": 1765000680621}, {"id": "704242162", "price": 2.0429, "amount": 42.9, "side": "buy", "timestamp": 1765000680799}, {"id": "704242163", "price": 2.0429, "amount": 5.4, "side": "buy", "timestamp": 1765000681173}, {"id": "704242164", "price": 2.0428, "amount": 254.6, "side": "sell", "timestamp": 1765000681239}, {"id": "704242165", "price": 2.0429, "amount": 10.6, "side": "buy", "timestamp": 1765000682821}, {"id": "704242166", "price": 2.0429, "amount": 5.7, "side": "buy", "timestamp": 1765000683633}, {"id": "704242167", "price": 2.0428, "amount": 21.6, "side": "sell", "timestamp": 1765000684441}, {"id": "704242168", "price": 2.0429, "amount": 95.5, "side": "buy", "timestamp": 1765000684609}, {"id": "704242169", "price": 2.0429, "amount": 3.7, "side": "buy", "timestamp": 1765000684880}, {"id": "704242170", "price": 2.0429, "amount": 3.7, "side": "buy", "timestamp": 1765000685081}, {"id": "704242171", "price": 2.0428, "amount": 15.7, "side": "sell", "timestamp": 1765000687407}, {"id": "704242172", "price": 2.0429, "amount": 0.7, "side": "buy", "timestamp": 1765000687899}, {"id": "704242173", "price": 2.0428, "amount": 3857.6, "side": "sell", "timestamp": 1765000690056}, {"id": "704242174", "price": 2.0428, "amount": 1525.9, "side": "buy", "timestamp": 1765000691436}, {"id": "704242175", "price": 2.0427, "amount": 5.9, "side": "sell", "timestamp": 1765000691663}, {"id": "704242176", "price": 2.0428, "amount": 7.8, "side": "buy", "timestamp": 1765000693037}, {"id": "704242177", "price": 2.0428, "amount": 196.6, "side": "buy", "timestamp": 1765000694328}, {"id": "704242178", "price": 2.0427, "amount": 8.9, "side": "sell", "timestamp": 1765000694916}, {"id": "704242179", "price": 2.0428, "amount": 5.7, "side": "buy", "timestamp": 1765000695459}, {"id": "704242180", "price": 2.0427, "amount": 2.6, "side": "sell", "timestamp": 1765000695683}, {"id": "704242181", "price": 2.0427, "amount": 258.6, "side": "sell", "timestamp": 1765000695970}, {"id": "704242182", "price": 2.0428, "amount": 4.7, "side": "buy", "timestamp": 1765000696027}, {"id": "704242183", "price": 2.0428, "amount": 869.4, "side": "buy", "timestamp": 1765000696953}, {"id": "704242184", "price": 2.0428, "amount": 150.0, "side": "buy", "timestamp": 1765000697990}, {"id": "704242185", "price": 2.0428, "amount": 6.9, "side": "buy", "timestamp": 1765000698792}, {"id": "704242186", "price": 2.0428, "amount": 500.0, "side": "buy", "timestamp": 1765000699709}, {"id": "704242187", "price": 2.0427, "amount": 7.6, "side": "sell", "timestamp": 1765000699743}, {"id": "704242188", "price": 2.0428, "amount": 9.8, "side": "buy", "timestamp": 1765000702661}, {"id": "704242189", "price": 2.0428, "amount": 0.4, "side": "buy", "timestamp": 1765000703984}, {"id": "704242190", "price": 2.0427, "amount": 8.9, "side": "sell", "timestamp": 1765000704819}, {"id": "704242191", "price": 2.0428, "amount": 170.7, "side": "buy", "timestamp": 1765000705679}, {"id": "704242192", "price": 2.0428, "amount": 0.8, "side": "buy", "timestamp": 1765000707823}, {"id": "704242193", "price": 2.0428, "amount": 3.7, "side": "buy", "timestamp": 1765000708851}, {"id": "704242194", "price": 2.0428, "amount": 3233.0, "side": "buy", "timestamp": 1765000709079}, {"id": "704242195", "price": 2.0427, "amount": 7.5, "side": "sell", "timestamp": 1765000709714}, {"id": "704242196", "price": 2.0428, "amount": 5.7, "side": "buy", "timestamp": 1765000710361}, {"id": "704242197", "price": 2.0428, "amount": 5.9, "side": "buy", "timestamp": 1765000710860}, {"id": "704242198", "price": 2.0427, "amount": 1.1, "side": "sell", "timestamp": 1765000711349}, {"id": "704242199", "price": 2.0427, "amount": 40.2, "side": "sell", "timestamp": 1765000711461}, {"id": "704242200", "price": 2.0428, "amount": 489.5, "side": "buy", "timestamp": 1765000711968}, {"id": "704242201", "price": 2.0427, "amount": 275.2, "side": "sell", "timestamp": 1765000712140}, {"id": "704242202", "price": 2.0428, "amount": 0.7, "side": "buy", "timestamp": 1765000713844}, {"id": "704242203", "price": 2.0427, "amount": 77.0, "side": "sell", "timestamp": 1765000713933}, {"id": "704242204", "price": 2.0428, "amount": 2631.9, "side": "buy", "timestamp": 1765000714750}, {"id": "704242205", "price": 2.0428, "amount": 3.7, "side": "buy", "timestamp": 1765000714879}, {"id": "704242206", "price": 2.0428, "amount": 3778.2, "side": "buy", "timestamp": 1765000715064}, {"id": "704242236", "price": 2.0429, "amount": 3.7, "side": "buy", "timestamp": 1765000738793}, {"id": "704242237", "price": 2.0429, "amount": 0.7, "side": "buy", "timestamp": 1765000739361}, {"id": "704242238", "price": 2.0429, "amount": 417.9, "side": "buy", "timestamp": 1765000739697}, {"id": "704242239", "price": 2.0429, "amount": 10.8, "side": "buy", "timestamp": 1765000740374}, {"id": "704242240", "price": 2.0428, "amount": 39.2, "side": "sell", "timestamp": 1765000740719}, {"id": "704242241", "price": 2.0429, "amount": 4.5, "side": "buy", "timestamp": 1765000740806}, {"id": "704242242", "price": 2.0428, "amount": 1843.5, "side": "sell", "timestamp": 1765000740815}, {"id": "704242243", "price": 2.0428, "amount": 5.7, "side": "buy", "timestamp": 1765000740817}, {"id": "704242244", "price": 2.0428, "amount": 48.4, "side": "buy", "timestamp": 1765000740965}, {"id": "704242245", "price": 2.0428, "amount": 71.9, "side": "buy", "timestamp": 1765000741079}, {"id": "704242246", "price": 2.0427, "amount": 24.7, "side": "sell", "timestamp": 1765000742120}, {"id": "704242247", "price": 2.0427, "amount": 13.4, "side": "sell", "timestamp": 1765000742514}, {"id": "704242248", "price": 2.0428, "amount": 5.8, "side": "buy", "timestamp": 1765000742606}, {"id": "704242249", "price": 2.0427, "amount": 3701.1, "side": "sell", "timestamp": 1765000743306}, {"id": "704242250", "price": 2.0427, "amount": 979.0, "side": "buy", "timestamp": 1765000743649}, {"id": "704242251", "price": 2.0427, "amount": 1517.9, "side": "buy", "timestamp": 1765000744667}, {"id": "704242252", "price": 2.0426, "amount": 55.8, "side": "sell", "timestamp": 1765000745254}, {"id": "704242253", "price": 2.0426, "amount": 2262.8, "side": "sell", "timestamp": 1765000746659}, {"id": "704242254", "price": 2.0426, "amount": 0.3, "side": "buy", "timestamp": 1765000746679}, {"id": "704242255", "price": 2.0425, "amount": 4937.0, "side": "sell", "timestamp": 1765000746714}, {"id": "704242256", "price": 2.0424, "amount": 1484.5, "side": "sell", "timestamp": 1765000746714}, {"id": "704242257", "price": 2.0425, "amount": 0.3, "side": "buy", "timestamp": 1765000748972}, {"id": "704242258", "price": 2.0425, "amount": 97.9, "side": "buy", "timestamp": 1765000749352}, {"id": "704242259", "price": 2.0425, "amount": 0.3, "side": "buy", "timestamp": 1765000749687}, {"id": "704242260", "price": 2.0424, "amount": 5.3, "side": "sell", "timestamp": 1765000749713}, {"id": "704242261", "price": 2.0425, "amount": 529.8, "side": "buy", "timestamp": 1765000749856}, {"id": "704242262", "price": 2.0424, "amount": 12.6, "side": "sell", "timestamp": 1765000750839}, {"id": "704242263", "price": 2.0425, "amount": 4637.2, "side": "buy", "timestamp": 1765000751019}, {"id": "704242264", "price": 2.0425, "amount": 4.7, "side": "buy", "timestamp": 1765000752855}, {"id": "704242265", "price": 2.0424, "amount": 108.5, "side": "sell", "timestamp": 1765000753137}, {"id": "704242266", "price": 2.0424, "amount": 0.3, "side": "buy", "timestamp": 1765000753332}, {"id": "704242267", "price": 2.0424, "amount": 0.4, "side": "buy", "timestamp": 1765000754843}, {"id": "704242268", "price": 2.0423, "amount": 5.9, "side": "sell", "timestamp": 1765000754957}, {"id": "704242269", "price": 2.0424, "amount": 0.1, "side": "buy", "timestamp": 1765000755691}, {"id": "704242270", "price": 2.0424, "amount": 24.0, "side": "buy", "timestamp": 1765000755824}, {"id": "704242271", "price": 2.0424, "amount": 5.7, "side": "buy", "timestamp": 1765000757587}, {"id": "704242272", "price": 2.0424, "amount": 50.7, "side": "buy", "timestamp": 1765000757778}, {"id": "704242273", "price": 2.0424, "amount": 1185.8, "side": "buy", "timestamp": 1765000758327}, {"id": "704242274", "price": 2.0423, "amount": 5.4, "side": "sell", "timestamp": 1765000759877}, {"id": "704242275", "price": 2.0423, "amount": 27.6, "side": "sell", "timestamp": 1765000760364}, {"id": "704242276", "price": 2.0424, "amount": 58.8, "side": "buy", "timestamp": 1765000760979}, {"id": "704242277", "price": 2.0424, "amount": 156.2, "side": "buy", "timestamp": 1765000761262}, {"id": "704242278", "price": 2.0424, "amount": 0.1, "side": "buy", "timestamp": 1765000763295}, {"id": "704242279", "price": 2.0424, "amount": 556.2, "side": "buy", "timestamp": 1765000763561}, {"id": "704242280", "price": 2.0423, "amount": 5.9, "side": "sell", "timestamp": 1765000763670}, {"id": "704242281", "price": 2.0424, "amount": 3.3, "side": "buy", "timestamp": 1765000764728}, {"id": "704242282", "price": 2.0424, "amount": 7.1, "side": "buy", "timestamp": 1765000764830}, {"id": "704242283", "price": 2.0423, "amount": 5.6, "side": "sell", "timestamp": 1765000765093}, {"id": "704242284", "price": 2.0424, "amount": 1.8, "side": "buy", "timestamp": 1765000765566}, {"id": "704242285", "price": 2.0424, "amount": 3.0, "side": "buy", "timestamp": 1765000765669}, {"id": "704242361", "price": 2.0416, "amount": 338.5, "side": "sell", "timestamp": 1765000806645}, {"id": "704242362", "price": 2.0415, "amount": 665.4, "side": "sell", "timestamp": 1765000806650}, {"id": "704242363", "price": 2.0414, "amount": 9.9, "side": "sell", "timestamp": 1765000806654}, {"id": "704242364", "price": 2.0415, "amount": 3.2, "side": "buy", "timestamp": 1765000806682}, {"id": "704242365", "price": 2.0414, "amount": 278.2, "side": "sell", "timestamp": 1765000806710}, {"id": "704242366", "price": 2.0413, "amount": 1429.6, "side": "sell", "timestamp": 1765000806757}, {"id": "704242367", "price": 2.0412, "amount": 463.2, "side": "sell", "timestamp": 1765000807048}, {"id": "704242368", "price": 2.0411, "amount": 2214.6, "side": "sell", "timestamp": 1765000807048}, {"id": "704242369", "price": 2.041, "amount": 4538.8, "side": "sell", "timestamp": 1765000807200}, {"id": "704242370", "price": 2.0409, "amount": 548.7, "side": "sell", "timestamp": 1765000808068}, {"id": "704242371", "price": 2.0408, "amount": 657.1, "side": "sell", "timestamp": 1765000808080}, {"id": "704242372", "price": 2.0407, "amount": 703.1, "side": "sell", "timestamp": 1765000808180}, {"id": "704242373", "price": 2.0406, "amount": 1936.3, "side": "sell", "timestamp": 1765000808180}, {"id": "704242374", "price": 2.0405, "amount": 996.0, "side": "sell", "timestamp": 1765000808180}, {"id": "704242375", "price": 2.0406, "amount": 12.5, "side": "buy", "timestamp": 1765000808365}, {"id": "704242376", "price": 2.0405, "amount": 2300.6, "side": "sell", "timestamp": 1765000808802}, {"id": "704242377", "price": 2.0404, "amount": 726.8, "side": "sell", "timestamp": 1765000808802}, {"id": "704242378", "price": 2.0404, "amount": 500.0, "side": "sell", "timestamp": 1765000809032}, {"id": "704242379", "price": 2.0405, "amount": 32950.8, "side": "buy", "timestamp": 1765000809041}, {"id": "704242380", "price": 2.0406, "amount": 1223.2, "side": "buy", "timestamp": 1765000809095}, {"id": "704242381", "price": 2.0407, "amount": 66.7, "side": "buy", "timestamp": 1765000809097}, {"id": "704242382", "price": 2.0407, "amount": 264.0, "side": "sell", "timestamp": 1765000809122}, {"id": "704242383", "price": 2.0407, "amount": 50.6, "side": "sell", "timestamp": 1765000809285}, {"id": "704242384", "price": 2.0408, "amount": 5173.8, "side": "buy", "timestamp": 1765000809490}, {"id": "704242385", "price": 2.0409, "amount": 198.2, "side": "buy", "timestamp": 1765000809543}, {"id": "704242386", "price": 2.0409, "amount": 119.7, "side": "sell", "timestamp": 1765000809625}, {"id": "704242387", "price": 2.041, "amount": 17.9, "side": "buy", "timestamp": 1765000809631}, {"id": "704242388", "price": 2.0409, "amount": 16.1, "side": "sell", "timestamp": 1765000809724}, {"id": "704242389", "price": 2.041, "amount": 3.0, "side": "buy", "timestamp": 1765000809742}, {"id": "704242390", "price": 2.0409, "amount": 75.0, "side": "sell", "timestamp": 1765000809759}, {"id": "704242391", "price": 2.0409, "amount": 39.1, "side": "sell", "timestamp": 1765000809935}, {"id": "704242392", "price": 2.0409, "amount": 998.0, "side": "sell", "timestamp": 1765000810039}, {"id": "704242393", "price": 2.0409, "amount": 19.5, "side": "sell", "timestamp": 1765000810258}, {"id": "704242394", "price": 2.0409, "amount": 51.5, "side": "sell", "timestamp": 1765000810360}, {"id": "704242395", "price": 2.041, "amount": 49.5, "side": "buy", "timestamp": 1765000810606}, {"id": "704242396", "price": 2.0409, "amount": 46.7, "side": "sell", "timestamp": 1765000810670}, {"id": "704242397", "price": 2.041, "amount": 1688.6, "side": "buy", "timestamp": 1765000811287}, {"id": "704242398", "price": 2.0411, "amount": 388.5, "side": "buy", "timestamp": 1765000811447}, {"id": "704242399", "price": 2.0412, "amount": 41.2, "side": "buy", "timestamp": 1765000812274}, {"id": "704242400", "price": 2.0411, "amount": 4033.3, "side": "sell", "timestamp": 1765000812458}, {"id": "704242401", "price": 2.0411, "amount": 19.0, "side": "sell", "timestamp": 1765000812708}, {"id": "704242402", "price": 2.0412, "amount": 21.4, "side": "buy", "timestamp": 1765000812866}, {"id": "704242403", "price": 2.0411, "amount": 196.1, "side": "sell", "timestamp": 1765000814857}, {"id": "704242404", "price": 2.0412, "amount": 144.3, "side": "buy", "timestamp": 1765000814980}, {"id": "704242405", "price": 2.0412, "amount": 12.0, "side": "buy", "timestamp": 1765000815184}, {"id": "704242406", "price": 2.0412, "amount": 14.6, "side": "buy", "timestamp": 1765000815362}, {"id": "704242407", "price": 2.0412, "amount": 0.2, "side": "buy", "timestamp": 1765000817356}, {"id": "704242408", "price": 2.0412, "amount": 19.2, "side": "buy", "timestamp": 1765000817569}, {"id": "704242409", "price": 2.0411, "amount": 20.0, "side": "sell", "timestamp": 1765000817674}, {"id": "704242410", "price": 2.0412, "amount": 499.7, "side": "buy", "timestamp": 1765000818087}]