[{"symbol": "ADAUSDT", "bids": [[0.3805, 34184.0], [0.3804, 151697.0], [0.3803, 202937.0], [0.3802, 170182.0], [0.3801, 198771.0], [0.38, 285526.0], [0.3799, 210006.0], [0.3798, 197956.0], [0.3797, 202365.0], [0.3796, 212315.0], [0.3795, 214364.0], [0.3794, 287524.0], [0.3793, 285383.0], [0.3792, 213194.0], [0.3791, 223783.0], [0.379, 228958.0], [0.3789, 158505.0], [0.3788, 133902.0], [0.3787, 330674.0], [0.3786, 253934.0]], "asks": [[0.3806, 71019.0], [0.3807, 149576.0], [0.3808, 245732.0], [0.3809, 200236.0], [0.381, 267824.0], [0.3811, 143646.0], [0.3812, 180383.0], [0.3813, 140395.0], [0.3814, 270611.0], [0.3815, 168760.0], [0.3816, 262026.0], [0.3817, 176867.0], [0.3818, 177406.0], [0.3819, 163735.0], [0.382, 237404.0], [0.3821, 134815.0], [0.3822, 169346.0], [0.3823, 155843.0], [0.3824, 134052.0], [0.3825, 196275.0]], "timestamp": "2025-12-17T06:05:58.062826+00:00"}, {"symbol": "ADAUSDT", "bids": [[0.3806, 145674.0], [0.3805, 158695.0], [0.3804, 198237.0], [0.3803, 190690.0], [0.3802, 195432.0], [0.3801, 218934.0], [0.38, 351858.0], [0.3799, 132775.0], [0.3798, 169963.0], [0.3797, 268829.0], [0.3796, 164797.0], [0.3795, 201938.0], [0.3794, 431421.0], [0.3793, 159869.0], [0.3792, 167896.0], [0.3791, 247175.0], [0.379, 203031.0], [0.3789, 146926.0], [0.3788, 120336.0], [0.3787, 210521.0]], "asks": [[0.3807, 40607.0], [0.3808, 171108.0], [0.3809, 133700.0], [0.381, 195632.0], [0.3811, 226166.0], [0.3812, 182801.0], [0.3813, 203892.0], [0.3814, 231810.0], [0.3815, 172615.0], [0.3816, 265671.0], [0.3817, 177045.0], [0.3818, 256555.0], [0.3819, 187740.0], [0.382, 141131.0], [0.3821, 120110.0], [0.3822, 166485.0], [0.3823, 135617.0], [0.3824, 164223.0], [0.3825, 266928.0], [0.3826, 112017.0]], "timestamp": "2025-12-17T06:06:51.663215+00:00"}, {"symbol": "ADAUSDT", "bids": [[0.3805, 67099.0], [0.3804, 181437.0], [0.3803, 184068.0], [0.3802, 216056.0], [0.3801, 243016.0], [0.38, 315281.0], [0.3799, 197727.0], [0.3798, 255578.0], [0.3797, 190411.0], [0.3796, 202404.0], [0.3795, 171694.0], [0.3794, 274770.0], [0.3793, 173668.0], [0.3792, 292638.0], [0.3791, 228093.0], [0.379, 202492.0], [0.3789, 146453.0], [0.3788, 131020.0], [0.3787, 305072.0], [0.3786, 273431.0]], "asks": [[0.3806, 28324.0], [0.3807, 172238.0], [0.3808, 266104.0], [0.3809, 167326.0], [0.381, 248559.0], [0.3811, 148628.0], [0.3812, 194573.0], [0.3813, 220701.0], [0.3814, 229742.0], [0.3815, 208723.0], [0.3816, 236195.0], [0.3817, 176786.0], [0.3818, 256350.0], [0.3819, 155243.0], [0.382, 141131.0], [0.3821, 113150.0], [0.3822, 158166.0], [0.3823, 167319.0], [0.3824, 138824.0], [0.3825, 267163.0]], "timestamp": "2025-12-17T06:07:43.579255+00:00"}, {"symbol": "ADAUSDT", "bids": [[0.3806, 42661.0], [0.3805, 200479.0], [0.3804, 167338.0], [0.3803, 197319.0], [0.3802, 220547.0], [0.3801, 227575.0], [0.38, 358295.0], [0.3799, 194078.0], [0.3798, 285675.0], [0.3797, 186518.0], [0.3796, 177697.0], [0.3795, 273708.0], [0.3794, 152221.0], [0.3793, 170814.0], [0.3792, 343866.0], [0.3791, 218016.0], [0.379, 202974.0], [0.3789, 145907.0], [0.3788, 131266.0], [0.3787, 289755.0]], "asks": [[0.3807, 93328.0], [0.3808, 226404.0], [0.3809, 200109.0], [0.381, 203956.0], [0.3811, 199343.0], [0.3812, 174704.0], [0.3813, 215577.0], [0.3814, 227750.0], [0.3815, 175192.0], [0.3816, 248054.0], [0.3817, 166326.0], [0.3818, 178391.0], [0.3819, 265292.0], [0.382, 141131.0], [0.3821, 121675.0], [0.3822, 158428.0], [0.3823, 160236.0], [0.3824, 172587.0], [0.3825, 196784.0], [0.3826, 182918.0]], "timestamp": "2025-12-17T06:08:35.678222+00:00"}, {"symbol": "ADAUSDT", "bids": [[0.3808, 92737.0], [0.3807, 177175.0], [0.3806, 266818.0], [0.3805, 211370.0], [0.3804, 191826.0], [0.3803, 186764.0], [0.3802, 254038.0], [0.3801, 297902.0], [0.38, 214252.0], [0.3799, 165195.0], [0.3798, 244726.0], [0.3797, 316540.0], [0.3796, 336522.0], [0.3795, 132846.0], [0.3794, 133752.0], [0.3793, 135107.0], [0.3792, 217375.0], [0.3791, 223893.0], [0.379, 210057.0], [0.3789, 157628.0]], "asks": [[0.3809, 38625.0], [0.381, 107391.0], [0.3811, 227552.0], [0.3812, 157209.0], [0.3813, 229661.0], [0.3814, 159938.0], [0.3815, 166380.0], [0.3816, 316653.0], [0.3817, 210014.0], [0.3818, 189511.0], [0.3819, 254106.0], [0.382, 213251.0], [0.3821, 128065.0], [0.3822, 170665.0], [0.3823, 154014.0], [0.3824, 120340.0], [0.3825, 205136.0], [0.3826, 217375.0], [0.3827, 109943.0], [0.3828, 132184.0]], "timestamp": "2025-12-17T06:09:27.384613+00:00"}, {"symbol": "ADAUSDT", "bids": [[0.3813, 64487.0], [0.3812, 160059.0], [0.3811, 171994.0], [0.381, 185503.0], [0.3809, 202771.0], [0.3808, 266812.0], [0.3807, 290541.0], [0.3806, 244327.0], [0.3805, 165245.0], [0.3804, 207498.0], [0.3803, 239114.0], [0.3802, 233026.0], [0.3801, 189672.0], [0.38, 276808.0], [0.3799, 124362.0], [0.3798, 138422.0], [0.3797, 221061.0], [0.3796, 294837.0], [0.3795, 268253.0], [0.3794, 200822.0]], "asks": [[0.3814, 111881.0], [0.3815, 153230.0], [0.3816, 321000.0], [0.3817, 187099.0], [0.3818, 187141.0], [0.3819, 289128.0], [0.382, 177912.0], [0.3821, 184446.0], [0.3822, 166227.0], [0.3823, 146426.0], [0.3824, 139162.0], [0.3825, 173019.0], [0.3826, 344721.0], [0.3827, 102431.0], [0.3828, 157300.0], [0.3829, 129877.0], [0.383, 143621.0], [0.3831, 185395.0], [0.3832, 275282.0], [0.3833, 71772.0]], "timestamp": "2025-12-17T06:10:18.981764+00:00"}, {"symbol": "ADAUSDT", "bids": [[0.381, 167795.0], [0.3809, 234830.0], [0.3808, 138542.0], [0.3807, 197682.0], [0.3806, 220627.0], [0.3805, 212968.0], [0.3804, 235785.0], [0.3803, 341258.0], [0.3802, 259623.0], [0.3801, 190526.0], [0.38, 159242.0], [0.3799, 135221.0], [0.3798, 267239.0], [0.3797, 255864.0], [0.3796, 330826.0], [0.3795, 287644.0], [0.3794, 89987.0], [0.3793, 126123.0], [0.3792, 176024.0], [0.3791, 250803.0]], "asks": [[0.3811, 96744.0], [0.3812, 185633.0], [0.3813, 308034.0], [0.3814, 218130.0], [0.3815, 147029.0], [0.3816, 353272.0], [0.3817, 164516.0], [0.3818, 194368.0], [0.3819, 201246.0], [0.382, 186320.0], [0.3821, 157995.0], [0.3822, 298294.0], [0.3823, 125693.0], [0.3824, 110730.0], [0.3825, 172367.0], [0.3826, 145348.0], [0.3827, 133828.0], [0.3828, 119607.0], [0.3829, 212909.0], [0.383, 70727.0]], "timestamp": "2025-12-17T06:11:11.127498+00:00"}, {"symbol": "ADAUSDT", "bids": [[0.3814, 25813.0], [0.3813, 174500.0], [0.3812, 240924.0], [0.3811, 242743.0], [0.381, 238763.0], [0.3809, 197432.0], [0.3808, 350810.0], [0.3807, 361521.0], [0.3806, 230020.0], [0.3805, 217722.0], [0.3804, 172636.0], [0.3803, 399873.0], [0.3802, 159672.0], [0.3801, 194466.0], [0.38, 284622.0], [0.3799, 156409.0], [0.3798, 100683.0], [0.3797, 162536.0], [0.3796, 265561.0], [0.3795, 232347.0]], "asks": [[0.3815, 107021.0], [0.3816, 122400.0], [0.3817, 217502.0], [0.3818, 140594.0], [0.3819, 185854.0], [0.382, 266087.0], [0.3821, 150899.0], [0.3822, 145628.0], [0.3823, 169565.0], [0.3824, 191180.0], [0.3825, 231296.0], [0.3826, 185233.0], [0.3827, 189045.0], [0.3828, 154175.0], [0.3829, 181029.0], [0.383, 82829.0], [0.3831, 193043.0], [0.3832, 105837.0], [0.3833, 194215.0], [0.3834, 238934.0]], "timestamp": "2025-12-17T06:12:02.647237+00:00"}, {"symbol": "ADAUSDT", "bids": [[0.3811, 112111.0], [0.381, 214946.0], [0.3809, 209077.0], [0.3808, 235963.0], [0.3807, 255614.0], [0.3806, 308427.0], [0.3805, 292256.0], [0.3804, 165709.0], [0.3803, 248429.0], [0.3802, 237150.0], [0.3801, 341444.0], [0.38, 347453.0], [0.3799, 197247.0], [0.3798, 158996.0], [0.3797, 183020.0], [0.3796, 216811.0], [0.3795, 243397.0], [0.3794, 119897.0], [0.3793, 217655.0], [0.3792, 267213.0]], "asks": [[0.3812, 51470.0], [0.3813, 156486.0], [0.3814, 251484.0], [0.3815, 181217.0], [0.3816, 163054.0], [0.3817, 246782.0], [0.3818, 218661.0], [0.3819, 217337.0], [0.382, 147009.0], [0.3821, 178406.0], [0.3822, 123113.0], [0.3823, 162298.0], [0.3824, 261004.0], [0.3825, 206966.0], [0.3826, 135584.0], [0.3827, 165141.0], [0.3828, 166566.0], [0.3829, 82320.0], [0.383, 131156.0], [0.3831, 249137.0]], "timestamp": "2025-12-17T06:12:54.030052+00:00"}, {"symbol": "ADAUSDT", "bids": [[0.381, 32631.0], [0.3809, 164183.0], [0.3808, 248553.0], [0.3807, 272399.0], [0.3806, 235047.0], [0.3805, 258766.0], [0.3804, 271887.0], [0.3803, 221333.0], [0.3802, 224002.0], [0.3801, 320060.0], [0.38, 276104.0], [0.3799, 168691.0], [0.3798, 260120.0], [0.3797, 229420.0], [0.3796, 313525.0], [0.3795, 231600.0], [0.3794, 112751.0], [0.3793, 122507.0], [0.3792, 266111.0], [0.3791, 302484.0]], "asks": [[0.3811, 138626.0], [0.3812, 286040.0], [0.3813, 200329.0], [0.3814, 236308.0], [0.3815, 164490.0], [0.3816, 215705.0], [0.3817, 165920.0], [0.3818, 208052.0], [0.3819, 158554.0], [0.382, 202089.0], [0.3821, 165363.0], [0.3822, 230263.0], [0.3823, 150900.0], [0.3824, 169620.0], [0.3825, 167548.0], [0.3826, 168400.0], [0.3827, 143906.0], [0.3828, 174753.0], [0.3829, 117143.0], [0.383, 117635.0]], "timestamp": "2025-12-17T06:13:45.644335+00:00"}, {"symbol": "ADAUSDT", "bids": [[0.381, 88596.0], [0.3809, 254979.0], [0.3808, 384039.0], [0.3807, 226176.0], [0.3806, 250844.0], [0.3805, 343856.0], [0.3804, 187326.0], [0.3803, 234903.0], [0.3802, 276364.0], [0.3801, 313830.0], [0.38, 255402.0], [0.3799, 258861.0], [0.3798, 130702.0], [0.3797, 181366.0], [0.3796, 286724.0], [0.3795, 231363.0], [0.3794, 102883.0], [0.3793, 122518.0], [0.3792, 360522.0], [0.3791, 211249.0]], "asks": [[0.3811, 41194.0], [0.3812, 120012.0], [0.3813, 246812.0], [0.3814, 176970.0], [0.3815, 221741.0], [0.3816, 155152.0], [0.3817, 172218.0], [0.3818, 214948.0], [0.3819, 225878.0], [0.382, 217677.0], [0.3821, 160298.0], [0.3822, 180578.0], [0.3823, 237329.0], [0.3824, 137427.0], [0.3825, 175047.0], [0.3826, 168735.0], [0.3827, 143352.0], [0.3828, 174769.0], [0.3829, 83438.0], [0.383, 118181.0]], "timestamp": "2025-12-17T06:14:36.890640+00:00"}, {"symbol": "ADAUSDT", "bids": [[0.3812, 71661.0], [0.3811, 169471.0], [0.381, 253864.0], [0.3809, 336519.0], [0.3808, 240853.0], [0.3807, 226817.0], [0.3806, 333033.0], [0.3805, 245949.0], [0.3804, 260248.0], [0.3803, 232666.0], [0.3802, 256090.0], [0.3801, 223439.0], [0.38, 280949.0], [0.3799, 119041.0], [0.3798, 127479.0], [0.3797, 174302.0], [0.3796, 288116.0], [0.3795, 231876.0], [0.3794, 131381.0], [0.3793, 205114.0]], "asks": [[0.3813, 87550.0], [0.3814, 178006.0], [0.3815, 174904.0], [0.3816, 223258.0], [0.3817, 181096.0], [0.3818, 208226.0], [0.3819, 226351.0], [0.382, 200668.0], [0.3821, 160401.0], [0.3822, 197095.0], [0.3823, 157611.0], [0.3824, 245291.0], [0.3825, 184340.0], [0.3826, 177765.0], [0.3827, 147173.0], [0.3828, 165430.0], [0.3829, 87011.0], [0.383, 131468.0], [0.3831, 247258.0], [0.3832, 148745.0]], "timestamp": "2025-12-17T06:15:29.336696+00:00"}, {"symbol": "ADAUSDT", "bids": [[0.381, 9946.0], [0.3809, 150521.0], [0.3808, 183729.0], [0.3807, 301186.0], [0.3806, 197650.0], [0.3805, 183671.0], [0.3804, 270261.0], [0.3803, 275542.0], [0.3802, 221434.0], [0.3801, 367928.0], [0.38, 212830.0], [0.3799, 191745.0], [0.3798, 130127.0], [0.3797, 280196.0], [0.3796, 170297.0], [0.3795, 231022.0], [0.3794, 119732.0], [0.3793, 111176.0], [0.3792, 329995.0], [0.3791, 205147.0]], "asks": [[0.3811, 150840.0], [0.3812, 316732.0], [0.3813, 193367.0], [0.3814, 230204.0], [0.3815, 138052.0], [0.3816, 181889.0], [0.3817, 257109.0], [0.3818, 212167.0], [0.3819, 206480.0], [0.382, 168293.0], [0.3821, 168675.0], [0.3822, 197958.0], [0.3823, 190822.0], [0.3824, 183693.0], [0.3825, 280976.0], [0.3826, 170623.0], [0.3827, 138143.0], [0.3828, 173836.0], [0.3829, 78200.0], [0.383, 79595.0]], "timestamp": "2025-12-17T06:16:21.248641+00:00"}, {"symbol": "ADAUSDT", "bids": [[0.3809, 122229.0], [0.3808, 192703.0], [0.3807, 224298.0], [0.3806, 325435.0], [0.3805, 194384.0], [0.3804, 323526.0], [0.3803, 181905.0], [0.3802, 252345.0], [0.3801, 242204.0], [0.38, 179305.0], [0.3799, 166961.0], [0.3798, 261182.0], [0.3797, 294582.0], [0.3796, 157422.0], [0.3795, 238427.0], [0.3794, 106033.0], [0.3793, 126536.0], [0.3792, 266960.0], [0.3791, 305094.0], [0.379, 377856.0]], "asks": [[0.381, 30865.0], [0.3811, 160383.0], [0.3812, 209690.0], [0.3813, 194733.0], [0.3814, 209053.0], [0.3815, 136016.0], [0.3816, 176040.0], [0.3817, 296325.0], [0.3818, 119743.0], [0.3819, 160455.0], [0.382, 191123.0], [0.3821, 189423.0], [0.3822, 269505.0], [0.3823, 175079.0], [0.3824, 135781.0], [0.3825, 161624.0], [0.3826, 168338.0], [0.3827, 176840.0], [0.3828, 184064.0], [0.3829, 154788.0]], "timestamp": "2025-12-17T06:17:12.643913+00:00"}, {"symbol": "ADAUSDT", "bids": [[0.3807, 128111.0], [0.3806, 265095.0], [0.3805, 144331.0], [0.3804, 287454.0], [0.3803, 269362.0], [0.3802, 226062.0], [0.3801, 307365.0], [0.38, 247087.0], [0.3799, 168749.0], [0.3798, 156127.0], [0.3797, 160965.0], [0.3796, 286854.0], [0.3795, 172019.0], [0.3794, 144003.0], [0.3793, 128083.0], [0.3792, 184414.0], [0.3791, 200558.0], [0.379, 444743.0], [0.3789, 841652.0], [0.3788, 397860.0]], "asks": [[0.3808, 27066.0], [0.3809, 138727.0], [0.381, 213014.0], [0.3811, 193444.0], [0.3812, 278854.0], [0.3813, 222990.0], [0.3814, 161755.0], [0.3815, 207306.0], [0.3816, 166000.0], [0.3817, 238888.0], [0.3818, 122247.0], [0.3819, 180144.0], [0.382, 171439.0], [0.3821, 195896.0], [0.3822, 220369.0], [0.3823, 153280.0], [0.3824, 124655.0], [0.3825, 188576.0], [0.3826, 176135.0], [0.3827, 131013.0]], "timestamp": "2025-12-17T06:18:04.073973+00:00"}, {"symbol": "ADAUSDT", "bids": [[0.3808, 76453.0], [0.3807, 178134.0], [0.3806, 201870.0], [0.3805, 316754.0], [0.3804, 195808.0], [0.3803, 362269.0], [0.3802, 243806.0], [0.3801, 241279.0], [0.38, 204727.0], [0.3799, 171340.0], [0.3798, 182724.0], [0.3797, 149872.0], [0.3796, 304130.0], [0.3795, 272624.0], [0.3794, 97948.0], [0.3793, 109362.0], [0.3792, 174381.0], [0.3791, 203172.0], [0.379, 304272.0], [0.3789, 921067.0]], "asks": [[0.3809, 52270.0], [0.381, 164836.0], [0.3811, 237027.0], [0.3812, 203296.0], [0.3813, 294478.0], [0.3814, 156862.0], [0.3815, 154607.0], [0.3816, 222427.0], [0.3817, 237337.0], [0.3818, 120682.0], [0.3819, 175715.0], [0.382, 168726.0], [0.3821, 281355.0], [0.3822, 126465.0], [0.3823, 161705.0], [0.3824, 124655.0], [0.3825, 165505.0], [0.3826, 209605.0], [0.3827, 138873.0], [0.3828, 243423.0]], "timestamp": "2025-12-17T06:18:55.422646+00:00"}, {"symbol": "ADAUSDT", "bids": [[0.381, 80567.0], [0.3809, 191130.0], [0.3808, 197299.0], [0.3807, 283189.0], [0.3806, 212882.0], [0.3805, 271426.0], [0.3804, 176003.0], [0.3803, 301766.0], [0.3802, 213281.0], [0.3801, 296861.0], [0.38, 193034.0], [0.3799, 119228.0], [0.3798, 204787.0], [0.3797, 257903.0], [0.3796, 152736.0], [0.3795, 272264.0], [0.3794, 94553.0], [0.3793, 106354.0], [0.3792, 274754.0], [0.3791, 218489.0]], "asks": [[0.3811, 37734.0], [0.3812, 117957.0], [0.3813, 272745.0], [0.3814, 193373.0], [0.3815, 272615.0], [0.3816, 174114.0], [0.3817, 177284.0], [0.3818, 180501.0], [0.3819, 247605.0], [0.382, 198436.0], [0.3821, 270549.0], [0.3822, 156685.0], [0.3823, 260879.0], [0.3824, 178528.0], [0.3825, 170817.0], [0.3826, 174615.0], [0.3827, 199634.0], [0.3828, 184539.0], [0.3829, 102276.0], [0.383, 217203.0]], "timestamp": "2025-12-17T06:19:47.056437+00:00"}, {"symbol": "ADAUSDT", "bids": [[0.381, 127753.0], [0.3809, 213325.0], [0.3808, 347833.0], [0.3807, 228333.0], [0.3806, 223763.0], [0.3805, 302124.0], [0.3804, 194449.0], [0.3803, 270432.0], [0.3802, 174747.0], [0.3801, 285102.0], [0.38, 205243.0], [0.3799, 261482.0], [0.3798, 189310.0], [0.3797, 132747.0], [0.3796, 151091.0], [0.3795, 269357.0], [0.3794, 94040.0], [0.3793, 123129.0], [0.3792, 403992.0], [0.3791, 184760.0]], "asks": [[0.3811, 7906.0], [0.3812, 146085.0], [0.3813, 266348.0], [0.3814, 226434.0], [0.3815, 221452.0], [0.3816, 245319.0], [0.3817, 258854.0], [0.3818, 211463.0], [0.3819, 269378.0], [0.382, 157899.0], [0.3821, 172739.0], [0.3822, 156783.0], [0.3823, 268378.0], [0.3824, 178560.0], [0.3825, 168659.0], [0.3826, 174631.0], [0.3827, 199634.0], [0.3828, 184539.0], [0.3829, 102276.0], [0.383, 216969.0]], "timestamp": "2025-12-17T06:20:38.457794+00:00"}, {"symbol": "ADAUSDT", "bids": [[0.3807, 101146.0], [0.3806, 204710.0], [0.3805, 198616.0], [0.3804, 264970.0], [0.3803, 215244.0], [0.3802, 284731.0], [0.3801, 322724.0], [0.38, 236809.0], [0.3799, 193373.0], [0.3798, 197978.0], [0.3797, 149197.0], [0.3796, 276000.0], [0.3795, 294281.0], [0.3794, 127425.0], [0.3793, 137821.0], [0.3792, 296861.0], [0.3791, 219863.0], [0.379, 398628.0], [0.3789, 800738.0], [0.3788, 283889.0]], "asks": [[0.3808, 36222.0], [0.3809, 236784.0], [0.381, 174643.0], [0.3811, 193322.0], [0.3812, 288913.0], [0.3813, 227259.0], [0.3814, 181236.0], [0.3815, 241159.0], [0.3816, 218410.0], [0.3817, 183733.0], [0.3818, 177554.0], [0.3819, 197888.0], [0.382, 179892.0], [0.3821, 131146.0], [0.3822, 132868.0], [0.3823, 206283.0], [0.3824, 218759.0], [0.3825, 161578.0], [0.3826, 176632.0], [0.3827, 141551.0]], "timestamp": "2025-12-17T06:21:29.899067+00:00"}, {"symbol": "ADAUSDT", "bids": [[0.3806, 27862.0], [0.3805, 140284.0], [0.3804, 203587.0], [0.3803, 199554.0], [0.3802, 213208.0], [0.3801, 215850.0], [0.38, 263309.0], [0.3799, 320018.0], [0.3798, 191495.0], [0.3797, 166074.0], [0.3796, 168334.0], [0.3795, 242074.0], [0.3794, 272450.0], [0.3793, 143636.0], [0.3792, 207144.0], [0.3791, 266391.0], [0.379, 148119.0], [0.3789, 216346.0], [0.3788, 330009.0], [0.3787, 424271.0]], "asks": [[0.3807, 155739.0], [0.3808, 192251.0], [0.3809, 280724.0], [0.381, 280346.0], [0.3811, 211069.0], [0.3812, 170443.0], [0.3813, 256677.0], [0.3814, 245923.0], [0.3815, 187783.0], [0.3816, 161749.0], [0.3817, 206453.0], [0.3818, 142437.0], [0.3819, 178507.0], [0.382, 216549.0], [0.3821, 162025.0], [0.3822, 134845.0], [0.3823, 189919.0], [0.3824, 124432.0], [0.3825, 159569.0], [0.3826, 147546.0]], "timestamp": "2025-12-17T06:22:21.262150+00:00"}, {"symbol": "ADAUSDT", "bids": [[0.3806, 117129.0], [0.3805, 190204.0], [0.3804, 245801.0], [0.3803, 304527.0], [0.3802, 243196.0], [0.3801, 393394.0], [0.38, 203227.0], [0.3799, 259485.0], [0.3798, 208078.0], [0.3797, 188638.0], [0.3796, 175621.0], [0.3795, 302962.0], [0.3794, 143826.0], [0.3793, 143636.0], [0.3792, 207144.0], [0.3791, 265038.0], [0.379, 145536.0], [0.3789, 215837.0], [0.3788, 398639.0], [0.3787, 329760.0]], "asks": [[0.3807, 48943.0], [0.3808, 129274.0], [0.3809, 225656.0], [0.381, 170144.0], [0.3811, 262595.0], [0.3812, 160195.0], [0.3813, 195170.0], [0.3814, 289670.0], [0.3815, 162312.0], [0.3816, 140892.0], [0.3817, 227525.0], [0.3818, 194092.0], [0.3819, 230743.0], [0.382, 124726.0], [0.3821, 164610.0], [0.3822, 137461.0], [0.3823, 154709.0], [0.3824, 93561.0], [0.3825, 152731.0], [0.3826, 154885.0]], "timestamp": "2025-12-17T06:23:12.562628+00:00"}, {"symbol": "ADAUSDT", "bids": [[0.3809, 39571.0], [0.3808, 171950.0], [0.3807, 236799.0], [0.3806, 274380.0], [0.3805, 309306.0], [0.3804, 201335.0], [0.3803, 280217.0], [0.3802, 301146.0], [0.3801, 218526.0], [0.38, 279897.0], [0.3799, 269720.0], [0.3798, 255729.0], [0.3797, 144039.0], [0.3796, 155843.0], [0.3795, 301895.0], [0.3794, 129947.0], [0.3793, 117444.0], [0.3792, 287420.0], [0.3791, 170565.0], [0.379, 239471.0]], "asks": [[0.381, 114340.0], [0.3811, 211454.0], [0.3812, 201230.0], [0.3813, 195746.0], [0.3814, 250602.0], [0.3815, 196791.0], [0.3816, 232613.0], [0.3817, 230023.0], [0.3818, 143746.0], [0.3819, 143151.0], [0.382, 196199.0], [0.3821, 210432.0], [0.3822, 239215.0], [0.3823, 161042.0], [0.3824, 127750.0], [0.3825, 165681.0], [0.3826, 152806.0], [0.3827, 169382.0], [0.3828, 185278.0], [0.3829, 149547.0]], "timestamp": "2025-12-17T06:24:04.100906+00:00"}, {"symbol": "ADAUSDT", "bids": [[0.3811, 38675.0], [0.381, 208029.0], [0.3809, 225527.0], [0.3808, 297499.0], [0.3807, 320811.0], [0.3806, 202631.0], [0.3805, 199224.0], [0.3804, 188775.0], [0.3803, 233996.0], [0.3802, 165421.0], [0.3801, 438679.0], [0.38, 259818.0], [0.3799, 363182.0], [0.3798, 107526.0], [0.3797, 181229.0], [0.3796, 155509.0], [0.3795, 244905.0], [0.3794, 116667.0], [0.3793, 218732.0], [0.3792, 150873.0]], "asks": [[0.3812, 84406.0], [0.3813, 154588.0], [0.3814, 275214.0], [0.3815, 225251.0], [0.3816, 166158.0], [0.3817, 160690.0], [0.3818, 160915.0], [0.3819, 240564.0], [0.382, 144799.0], [0.3821, 160004.0], [0.3822, 147003.0], [0.3823, 178209.0], [0.3824, 236245.0], [0.3825, 206261.0], [0.3826, 210146.0], [0.3827, 119024.0], [0.3828, 193047.0], [0.3829, 112563.0], [0.383, 109122.0], [0.3831, 219346.0]], "timestamp": "2025-12-17T06:24:55.959190+00:00"}, {"symbol": "ADAUSDT", "bids": [[0.3811, 47648.0], [0.381, 196410.0], [0.3809, 280924.0], [0.3808, 199093.0], [0.3807, 331119.0], [0.3806, 201663.0], [0.3805, 287996.0], [0.3804, 212106.0], [0.3803, 253629.0], [0.3802, 243315.0], [0.3801, 249361.0], [0.38, 391439.0], [0.3799, 304019.0], [0.3798, 107306.0], [0.3797, 184829.0], [0.3796, 152337.0], [0.3795, 244392.0], [0.3794, 105775.0], [0.3793, 132840.0], [0.3792, 245215.0]], "asks": [[0.3812, 59301.0], [0.3813, 113063.0], [0.3814, 288963.0], [0.3815, 247147.0], [0.3816, 128134.0], [0.3817, 219362.0], [0.3818, 240203.0], [0.3819, 157150.0], [0.382, 162775.0], [0.3821, 217499.0], [0.3822, 114529.0], [0.3823, 136800.0], [0.3824, 282246.0], [0.3825, 193205.0], [0.3826, 147993.0], [0.3827, 150022.0], [0.3828, 208358.0], [0.3829, 109952.0], [0.383, 125416.0], [0.3831, 262002.0]], "timestamp": "2025-12-17T06:25:47.301024+00:00"}, {"symbol": "ADAUSDT", "bids": [[0.3807, 29405.0], [0.3806, 215267.0], [0.3805, 236045.0], [0.3804, 188124.0], [0.3803, 292436.0], [0.3802, 285133.0], [0.3801, 384170.0], [0.38, 248754.0], [0.3799, 268981.0], [0.3798, 202360.0], [0.3797, 231657.0], [0.3796, 315483.0], [0.3795, 364409.0], [0.3794, 134511.0], [0.3793, 142885.0], [0.3792, 167325.0], [0.3791, 165764.0], [0.379, 243357.0], [0.3789, 538465.0], [0.3788, 363654.0]], "asks": [[0.3808, 145033.0], [0.3809, 216117.0], [0.381, 231180.0], [0.3811, 347834.0], [0.3812, 194341.0], [0.3813, 183041.0], [0.3814, 162930.0], [0.3815, 238601.0], [0.3816, 198462.0], [0.3817, 225286.0], [0.3818, 168201.0], [0.3819, 172140.0], [0.382, 225190.0], [0.3821, 132740.0], [0.3822, 159422.0], [0.3823, 137883.0], [0.3824, 164081.0], [0.3825, 204813.0], [0.3826, 118636.0], [0.3827, 125512.0]], "timestamp": "2025-12-17T06:26:38.965090+00:00"}, {"symbol": "ADAUSDT", "bids": [[0.3808, 53935.0], [0.3807, 210996.0], [0.3806, 210344.0], [0.3805, 292131.0], [0.3804, 232687.0], [0.3803, 255351.0], [0.3802, 305580.0], [0.3801, 250085.0], [0.38, 230985.0], [0.3799, 296284.0], [0.3798, 240167.0], [0.3797, 305685.0], [0.3796, 178688.0], [0.3795, 271470.0], [0.3794, 135488.0], [0.3793, 146221.0], [0.3792, 194456.0], [0.3791, 144352.0], [0.379, 172032.0], [0.3789, 396974.0]], "asks": [[0.3809, 115772.0], [0.381, 150551.0], [0.3811, 280093.0], [0.3812, 274047.0], [0.3813, 161013.0], [0.3814, 161901.0], [0.3815, 232011.0], [0.3816, 226199.0], [0.3817, 242559.0], [0.3818, 160327.0], [0.3819, 165749.0], [0.382, 235590.0], [0.3821, 135597.0], [0.3822, 170199.0], [0.3823, 134024.0], [0.3824, 129691.0], [0.3825, 194493.0], [0.3826, 118205.0], [0.3827, 159233.0], [0.3828, 261575.0]], "timestamp": "2025-12-17T06:27:30.223495+00:00"}, {"symbol": "ADAUSDT", "bids": [[0.3808, 194520.0], [0.3807, 214876.0], [0.3806, 211249.0], [0.3805, 266912.0], [0.3804, 257362.0], [0.3803, 275149.0], [0.3802, 298752.0], [0.3801, 253248.0], [0.38, 230786.0], [0.3799, 295597.0], [0.3798, 228808.0], [0.3797, 200151.0], [0.3796, 304604.0], [0.3795, 265735.0], [0.3794, 133902.0], [0.3793, 146221.0], [0.3792, 194970.0], [0.3791, 159624.0], [0.379, 266511.0], [0.3789, 302707.0]], "asks": [[0.3809, 35070.0], [0.381, 196850.0], [0.3811, 219868.0], [0.3812, 204214.0], [0.3813, 243736.0], [0.3814, 163036.0], [0.3815, 224227.0], [0.3816, 223394.0], [0.3817, 252008.0], [0.3818, 162219.0], [0.3819, 154356.0], [0.382, 151495.0], [0.3821, 230072.0], [0.3822, 171171.0], [0.3823, 133499.0], [0.3824, 129691.0], [0.3825, 194494.0], [0.3826, 118636.0], [0.3827, 159233.0], [0.3828, 261144.0]], "timestamp": "2025-12-17T06:28:21.622740+00:00"}, {"symbol": "ADAUSDT", "bids": [[0.3808, 14044.0], [0.3807, 213426.0], [0.3806, 278351.0], [0.3805, 215153.0], [0.3804, 353784.0], [0.3803, 282982.0], [0.3802, 300356.0], [0.3801, 193745.0], [0.38, 248183.0], [0.3799, 312297.0], [0.3798, 233954.0], [0.3797, 263586.0], [0.3796, 173708.0], [0.3795, 259953.0], [0.3794, 133902.0], [0.3793, 146221.0], [0.3792, 195059.0], [0.3791, 141195.0], [0.379, 172032.0], [0.3789, 397214.0]], "asks": [[0.3809, 129464.0], [0.381, 313532.0], [0.3811, 229805.0], [0.3812, 281954.0], [0.3813, 170500.0], [0.3814, 164511.0], [0.3815, 201532.0], [0.3816, 224183.0], [0.3817, 247118.0], [0.3818, 168387.0], [0.3819, 157994.0], [0.382, 151495.0], [0.3821, 229738.0], [0.3822, 170121.0], [0.3823, 133499.0], [0.3824, 164113.0], [0.3825, 194494.0], [0.3826, 118636.0], [0.3827, 126138.0], [0.3828, 264734.0]], "timestamp": "2025-12-17T06:29:13.344131+00:00"}, {"symbol": "ADAUSDT", "bids": [[0.3806, 57027.0], [0.3805, 190345.0], [0.3804, 251795.0], [0.3803, 328224.0], [0.3802, 269829.0], [0.3801, 236790.0], [0.38, 344269.0], [0.3799, 328098.0], [0.3798, 298894.0], [0.3797, 209243.0], [0.3796, 203450.0], [0.3795, 306639.0], [0.3794, 286463.0], [0.3793, 137954.0], [0.3792, 188721.0], [0.3791, 170601.0], [0.379, 165961.0], [0.3789, 295306.0], [0.3788, 222489.0], [0.3787, 269580.0]], "asks": [[0.3807, 81910.0], [0.3808, 262952.0], [0.3809, 178735.0], [0.381, 225348.0], [0.3811, 283104.0], [0.3812, 184304.0], [0.3813, 237640.0], [0.3814, 214873.0], [0.3815, 155286.0], [0.3816, 150092.0], [0.3817, 258114.0], [0.3818, 177663.0], [0.3819, 281285.0], [0.382, 125962.0], [0.3821, 141722.0], [0.3822, 130586.0], [0.3823, 131778.0], [0.3824, 138170.0], [0.3825, 163204.0], [0.3826, 183835.0]], "timestamp": "2025-12-17T06:30:04.702158+00:00"}, {"symbol": "ADAUSDT", "bids": [[0.3805, 123651.0], [0.3804, 241059.0], [0.3803, 383844.0], [0.3802, 318016.0], [0.3801, 281634.0], [0.38, 240920.0], [0.3799, 335969.0], [0.3798, 184095.0], [0.3797, 208030.0], [0.3796, 351169.0], [0.3795, 293044.0], [0.3794, 156287.0], [0.3793, 125833.0], [0.3792, 229409.0], [0.3791, 174656.0], [0.379, 165436.0], [0.3789, 309909.0], [0.3788, 346970.0], [0.3787, 173630.0], [0.3786, 239448.0]], "asks": [[0.3806, 36022.0], [0.3807, 204284.0], [0.3808, 264875.0], [0.3809, 205167.0], [0.381, 321515.0], [0.3811, 185793.0], [0.3812, 173153.0], [0.3813, 224170.0], [0.3814, 229600.0], [0.3815, 140837.0], [0.3816, 179367.0], [0.3817, 183804.0], [0.3818, 164982.0], [0.3819, 186787.0], [0.382, 135227.0], [0.3821, 221639.0], [0.3822, 129826.0], [0.3823, 139512.0], [0.3824, 164332.0], [0.3825, 163439.0]], "timestamp": "2025-12-17T06:30:56.477730+00:00"}, {"symbol": "ADAUSDT", "bids": [[0.3808, 121008.0], [0.3807, 223153.0], [0.3806, 373083.0], [0.3805, 287235.0], [0.3804, 220879.0], [0.3803, 228194.0], [0.3802, 310716.0], [0.3801, 249717.0], [0.38, 308317.0], [0.3799, 288340.0], [0.3798, 162111.0], [0.3797, 274468.0], [0.3796, 253519.0], [0.3795, 266064.0], [0.3794, 135068.0], [0.3793, 107512.0], [0.3792, 194951.0], [0.3791, 141448.0], [0.379, 165436.0], [0.3789, 309119.0]], "asks": [[0.3809, 32056.0], [0.381, 144071.0], [0.3811, 274205.0], [0.3812, 163008.0], [0.3813, 287819.0], [0.3814, 155536.0], [0.3815, 169055.0], [0.3816, 301462.0], [0.3817, 203375.0], [0.3818, 135802.0], [0.3819, 195814.0], [0.382, 241136.0], [0.3821, 133926.0], [0.3822, 169725.0], [0.3823, 133264.0], [0.3824, 138772.0], [0.3825, 198192.0], [0.3826, 156824.0], [0.3827, 197580.0], [0.3828, 190266.0]], "timestamp": "2025-12-17T06:31:47.807287+00:00"}, {"symbol": "ADAUSDT", "bids": [[0.381, 54107.0], [0.3809, 212599.0], [0.3808, 237691.0], [0.3807, 294575.0], [0.3806, 261076.0], [0.3805, 373337.0], [0.3804, 237684.0], [0.3803, 242231.0], [0.3802, 293611.0], [0.3801, 249125.0], [0.38, 239599.0], [0.3799, 188033.0], [0.3798, 264834.0], [0.3797, 148445.0], [0.3796, 221218.0], [0.3795, 271922.0], [0.3794, 194439.0], [0.3793, 94547.0], [0.3792, 192478.0], [0.3791, 283776.0]], "asks": [[0.3811, 103303.0], [0.3812, 171510.0], [0.3813, 205432.0], [0.3814, 279582.0], [0.3815, 167105.0], [0.3816, 190042.0], [0.3817, 288206.0], [0.3818, 159749.0], [0.3819, 180152.0], [0.382, 175970.0], [0.3821, 222213.0], [0.3822, 183318.0], [0.3823, 149033.0], [0.3824, 152605.0], [0.3825, 194484.0], [0.3826, 120127.0], [0.3827, 168233.0], [0.3828, 200042.0], [0.3829, 149268.0], [0.383, 153202.0]], "timestamp": "2025-12-17T06:32:39.066894+00:00"}, {"symbol": "ADAUSDT", "bids": [[0.3811, 2869.0], [0.381, 154011.0], [0.3809, 240980.0], [0.3808, 206419.0], [0.3807, 298677.0], [0.3806, 241579.0], [0.3805, 263985.0], [0.3804, 209466.0], [0.3803, 225054.0], [0.3802, 277831.0], [0.3801, 212436.0], [0.38, 290940.0], [0.3799, 276255.0], [0.3798, 127855.0], [0.3797, 132017.0], [0.3796, 143910.0], [0.3795, 162837.0], [0.3794, 102195.0], [0.3793, 112410.0], [0.3792, 321437.0]], "asks": [[0.3812, 140786.0], [0.3813, 353108.0], [0.3814, 188012.0], [0.3815, 277583.0], [0.3816, 184905.0], [0.3817, 228008.0], [0.3818, 215424.0], [0.3819, 164297.0], [0.382, 209418.0], [0.3821, 152029.0], [0.3822, 193651.0], [0.3823, 230003.0], [0.3824, 126411.0], [0.3825, 206616.0], [0.3826, 148128.0], [0.3827, 180402.0], [0.3828, 194735.0], [0.3829, 130998.0], [0.383, 163160.0], [0.3831, 292310.0]], "timestamp": "2025-12-17T06:33:30.362664+00:00"}, {"symbol": "ADAUSDT", "bids": [[0.381, 35604.0], [0.3809, 185797.0], [0.3808, 219822.0], [0.3807, 297701.0], [0.3806, 256374.0], [0.3805, 198566.0], [0.3804, 278795.0], [0.3803, 287356.0], [0.3802, 251564.0], [0.3801, 221714.0], [0.38, 259476.0], [0.3799, 176062.0], [0.3798, 259549.0], [0.3797, 137675.0], [0.3796, 169887.0], [0.3795, 286450.0], [0.3794, 101676.0], [0.3793, 99097.0], [0.3792, 223188.0], [0.3791, 347804.0]], "asks": [[0.3811, 138758.0], [0.3812, 281255.0], [0.3813, 215628.0], [0.3814, 236278.0], [0.3815, 189498.0], [0.3816, 188037.0], [0.3817, 268357.0], [0.3818, 159448.0], [0.3819, 160116.0], [0.382, 204357.0], [0.3821, 130524.0], [0.3822, 204380.0], [0.3823, 230473.0], [0.3824, 126098.0], [0.3825, 206616.0], [0.3826, 141534.0], [0.3827, 213911.0], [0.3828, 181416.0], [0.3829, 90260.0], [0.383, 163146.0]], "timestamp": "2025-12-17T06:34:21.900935+00:00"}, {"symbol": "ADAUSDT", "bids": [[0.3809, 7853.0], [0.3808, 142510.0], [0.3807, 235761.0], [0.3806, 241713.0], [0.3805, 325865.0], [0.3804, 193679.0], [0.3803, 293698.0], [0.3802, 299885.0], [0.3801, 199213.0], [0.38, 225721.0], [0.3799, 180559.0], [0.3798, 149674.0], [0.3797, 263589.0], [0.3796, 169739.0], [0.3795, 319586.0], [0.3794, 101065.0], [0.3793, 98330.0], [0.3792, 223430.0], [0.3791, 266760.0], [0.379, 259717.0]], "asks": [[0.381, 130991.0], [0.3811, 347111.0], [0.3812, 199284.0], [0.3813, 293676.0], [0.3814, 173081.0], [0.3815, 212975.0], [0.3816, 207847.0], [0.3817, 291792.0], [0.3818, 180262.0], [0.3819, 179410.0], [0.382, 216377.0], [0.3821, 132296.0], [0.3822, 204640.0], [0.3823, 230125.0], [0.3824, 160004.0], [0.3825, 199406.0], [0.3826, 141064.0], [0.3827, 153873.0], [0.3828, 197154.0], [0.3829, 161549.0]], "timestamp": "2025-12-17T06:35:14.593056+00:00"}, {"symbol": "ADAUSDT", "bids": [[0.3809, 51679.0], [0.3808, 127667.0], [0.3807, 207145.0], [0.3806, 224685.0], [0.3805, 293250.0], [0.3804, 184641.0], [0.3803, 341871.0], [0.3802, 205840.0], [0.3801, 349002.0], [0.38, 200956.0], [0.3799, 239228.0], [0.3798, 138513.0], [0.3797, 272068.0], [0.3796, 192198.0], [0.3795, 336414.0], [0.3794, 99407.0], [0.3793, 97044.0], [0.3792, 210462.0], [0.3791, 263637.0], [0.379, 284952.0]], "asks": [[0.381, 119493.0], [0.3811, 298675.0], [0.3812, 208063.0], [0.3813, 261792.0], [0.3814, 172673.0], [0.3815, 295441.0], [0.3816, 206353.0], [0.3817, 166758.0], [0.3818, 217847.0], [0.3819, 218555.0], [0.382, 197219.0], [0.3821, 235870.0], [0.3822, 180391.0], [0.3823, 136680.0], [0.3824, 153550.0], [0.3825, 215645.0], [0.3826, 179777.0], [0.3827, 133866.0], [0.3828, 199749.0], [0.3829, 150071.0]], "timestamp": "2025-12-17T06:36:06.072497+00:00"}, {"symbol": "ADAUSDT", "bids": [[0.3807, 28859.0], [0.3806, 205527.0], [0.3805, 229603.0], [0.3804, 280274.0], [0.3803, 230622.0], [0.3802, 216139.0], [0.3801, 312944.0], [0.38, 287869.0], [0.3799, 270534.0], [0.3798, 237634.0], [0.3797, 265695.0], [0.3796, 225560.0], [0.3795, 464937.0], [0.3794, 212594.0], [0.3793, 101352.0], [0.3792, 207730.0], [0.3791, 268719.0], [0.379, 175862.0], [0.3789, 369933.0], [0.3788, 211592.0]], "asks": [[0.3808, 90923.0], [0.3809, 227385.0], [0.381, 187114.0], [0.3811, 254319.0], [0.3812, 140245.0], [0.3813, 177401.0], [0.3814, 155165.0], [0.3815, 200529.0], [0.3816, 250562.0], [0.3817, 155977.0], [0.3818, 155498.0], [0.3819, 205865.0], [0.382, 169372.0], [0.3821, 175436.0], [0.3822, 275092.0], [0.3823, 126991.0], [0.3824, 112968.0], [0.3825, 223521.0], [0.3826, 120143.0], [0.3827, 126028.0]], "timestamp": "2025-12-17T06:36:57.369115+00:00"}, {"symbol": "ADAUSDT", "bids": [[0.3807, 142052.0], [0.3806, 141161.0], [0.3805, 331835.0], [0.3804, 209360.0], [0.3803, 215726.0], [0.3802, 216758.0], [0.3801, 214128.0], [0.38, 191696.0], [0.3799, 306566.0], [0.3798, 187751.0], [0.3797, 191874.0], [0.3796, 166106.0], [0.3795, 142934.0], [0.3794, 138778.0], [0.3793, 266892.0], [0.3792, 180886.0], [0.3791, 235146.0], [0.379, 202021.0], [0.3789, 254863.0], [0.3788, 102457.0]], "asks": [[0.3808, 44849.0], [0.3809, 182935.0], [0.381, 159831.0], [0.3811, 187218.0], [0.3812, 232854.0], [0.3813, 240541.0], [0.3814, 319249.0], [0.3815, 178781.0], [0.3816, 159609.0], [0.3817, 246692.0], [0.3818, 172777.0], [0.3819, 193200.0], [0.382, 248998.0], [0.3821, 124483.0], [0.3822, 146853.0], [0.3823, 115078.0], [0.3824, 152388.0], [0.3825, 292972.0], [0.3826, 172053.0], [0.3827, 163347.0]], "timestamp": "2025-12-17T06:37:48.996544+00:00"}, {"symbol": "ADAUSDT", "bids": [[0.3809, 9811.0], [0.3808, 116778.0], [0.3807, 290718.0], [0.3806, 352972.0], [0.3805, 289741.0], [0.3804, 231843.0], [0.3803, 327024.0], [0.3802, 216327.0], [0.3801, 256141.0], [0.38, 258578.0], [0.3799, 240412.0], [0.3798, 146915.0], [0.3797, 288946.0], [0.3796, 116761.0], [0.3795, 162861.0], [0.3794, 92564.0], [0.3793, 93703.0], [0.3792, 148715.0], [0.3791, 202977.0], [0.379, 237869.0]], "asks": [[0.381, 133177.0], [0.3811, 317015.0], [0.3812, 188283.0], [0.3813, 196494.0], [0.3814, 224097.0], [0.3815, 170306.0], [0.3816, 293845.0], [0.3817, 255903.0], [0.3818, 194484.0], [0.3819, 278477.0], [0.382, 173679.0], [0.3821, 189836.0], [0.3822, 247718.0], [0.3823, 117397.0], [0.3824, 149851.0], [0.3825, 286969.0], [0.3826, 165276.0], [0.3827, 97796.0], [0.3828, 172260.0], [0.3829, 139083.0]], "timestamp": "2025-12-17T06:38:40.415352+00:00"}, {"symbol": "ADAUSDT", "bids": [[0.3803, 31824.0], [0.3802, 107798.0], [0.3801, 236088.0], [0.38, 270087.0], [0.3799, 201396.0], [0.3798, 183504.0], [0.3797, 294203.0], [0.3796, 228049.0], [0.3795, 247361.0], [0.3794, 266618.0], [0.3793, 316688.0], [0.3792, 172578.0], [0.3791, 183252.0], [0.379, 149143.0], [0.3789, 271977.0], [0.3788, 79130.0], [0.3787, 218747.0], [0.3786, 289130.0], [0.3785, 153789.0], [0.3784, 382731.0]], "asks": [[0.3804, 124359.0], [0.3805, 198660.0], [0.3806, 212594.0], [0.3807, 200737.0], [0.3808, 255907.0], [0.3809, 179912.0], [0.381, 222795.0], [0.3811, 287688.0], [0.3812, 222057.0], [0.3813, 226027.0], [0.3814, 179175.0], [0.3815, 167187.0], [0.3816, 203692.0], [0.3817, 204423.0], [0.3818, 238337.0], [0.3819, 179951.0], [0.382, 164127.0], [0.3821, 133260.0], [0.3822, 122109.0], [0.3823, 116676.0]], "timestamp": "2025-12-17T06:39:31.944278+00:00"}, {"symbol": "ADAUSDT", "bids": [[0.3804, 94168.0], [0.3803, 151533.0], [0.3802, 295331.0], [0.3801, 242252.0], [0.38, 240769.0], [0.3799, 321123.0], [0.3798, 173960.0], [0.3797, 230897.0], [0.3796, 233230.0], [0.3795, 217687.0], [0.3794, 190690.0], [0.3793, 135715.0], [0.3792, 285244.0], [0.3791, 184411.0], [0.379, 138422.0], [0.3789, 144052.0], [0.3788, 79644.0], [0.3787, 218441.0], [0.3786, 306440.0], [0.3785, 239134.0]], "asks": [[0.3805, 33385.0], [0.3806, 242968.0], [0.3807, 192965.0], [0.3808, 204250.0], [0.3809, 253798.0], [0.381, 226670.0], [0.3811, 273569.0], [0.3812, 223023.0], [0.3813, 253845.0], [0.3814, 194470.0], [0.3815, 159650.0], [0.3816, 303921.0], [0.3817, 199787.0], [0.3818, 143450.0], [0.3819, 170154.0], [0.382, 164314.0], [0.3821, 159295.0], [0.3822, 155990.0], [0.3823, 120262.0], [0.3824, 164218.0]], "timestamp": "2025-12-17T06:40:23.805875+00:00"}, {"symbol": "ADAUSDT", "bids": [[0.3802, 6985.0], [0.3801, 69646.0], [0.38, 210355.0], [0.3799, 308059.0], [0.3798, 256809.0], [0.3797, 286787.0], [0.3796, 230498.0], [0.3795, 253108.0], [0.3794, 201637.0], [0.3793, 217725.0], [0.3792, 236407.0], [0.3791, 322340.0], [0.379, 152411.0], [0.3789, 244137.0], [0.3788, 83106.0], [0.3787, 115308.0], [0.3786, 134550.0], [0.3785, 144531.0], [0.3784, 384633.0], [0.3783, 333705.0]], "asks": [[0.3803, 180619.0], [0.3804, 164228.0], [0.3805, 234517.0], [0.3806, 277491.0], [0.3807, 215511.0], [0.3808, 176837.0], [0.3809, 197955.0], [0.381, 286193.0], [0.3811, 216151.0], [0.3812, 232583.0], [0.3813, 224724.0], [0.3814, 191484.0], [0.3815, 258025.0], [0.3816, 123673.0], [0.3817, 196646.0], [0.3818, 143924.0], [0.3819, 175190.0], [0.382, 130386.0], [0.3821, 145737.0], [0.3822, 193539.0]], "timestamp": "2025-12-17T06:41:15.142514+00:00"}, {"symbol": "ADAUSDT", "bids": [[0.3802, 139782.0], [0.3801, 162444.0], [0.38, 278516.0], [0.3799, 373401.0], [0.3798, 229198.0], [0.3797, 253518.0], [0.3796, 230268.0], [0.3795, 288401.0], [0.3794, 176034.0], [0.3793, 207190.0], [0.3792, 249887.0], [0.3791, 266852.0], [0.379, 164041.0], [0.3789, 247833.0], [0.3788, 112770.0], [0.3787, 107487.0], [0.3786, 125855.0], [0.3785, 121779.0], [0.3784, 363801.0], [0.3783, 337156.0]], "asks": [[0.3803, 38261.0], [0.3804, 238957.0], [0.3805, 233456.0], [0.3806, 176987.0], [0.3807, 272574.0], [0.3808, 160937.0], [0.3809, 237632.0], [0.381, 298039.0], [0.3811, 224229.0], [0.3812, 190289.0], [0.3813, 253435.0], [0.3814, 208191.0], [0.3815, 251472.0], [0.3816, 118927.0], [0.3817, 207436.0], [0.3818, 165391.0], [0.3819, 163624.0], [0.382, 130880.0], [0.3821, 145837.0], [0.3822, 188439.0]], "timestamp": "2025-12-17T06:42:07.029522+00:00"}, {"symbol": "ADAUSDT", "bids": [[0.38, 4014.0], [0.3799, 80731.0], [0.3798, 235599.0], [0.3797, 207383.0], [0.3796, 325630.0], [0.3795, 244729.0], [0.3794, 160248.0], [0.3793, 244200.0], [0.3792, 215267.0], [0.3791, 232013.0], [0.379, 332590.0], [0.3789, 158396.0], [0.3788, 132965.0], [0.3787, 91784.0], [0.3786, 215663.0], [0.3785, 100069.0], [0.3784, 190169.0], [0.3783, 319303.0], [0.3782, 270877.0], [0.3781, 290204.0]], "asks": [[0.3801, 182604.0], [0.3802, 218510.0], [0.3803, 208734.0], [0.3804, 221741.0], [0.3805, 177256.0], [0.3806, 219905.0], [0.3807, 253842.0], [0.3808, 232770.0], [0.3809, 219543.0], [0.381, 259739.0], [0.3811, 250490.0], [0.3812, 143606.0], [0.3813, 250078.0], [0.3814, 179531.0], [0.3815, 188925.0], [0.3816, 108991.0], [0.3817, 208652.0], [0.3818, 98705.0], [0.3819, 188212.0], [0.382, 269933.0]], "timestamp": "2025-12-17T06:42:58.330885+00:00"}, {"symbol": "ADAUSDT", "bids": [[0.3801, 66484.0], [0.38, 189629.0], [0.3799, 184852.0], [0.3798, 323044.0], [0.3797, 259012.0], [0.3796, 242490.0], [0.3795, 214623.0], [0.3794, 145832.0], [0.3793, 216128.0], [0.3792, 279570.0], [0.3791, 184376.0], [0.379, 291756.0], [0.3789, 178427.0], [0.3788, 138703.0], [0.3787, 85851.0], [0.3786, 208617.0], [0.3785, 111022.0], [0.3784, 196449.0], [0.3783, 319314.0], [0.3782, 269099.0]], "asks": [[0.3802, 40310.0], [0.3803, 238257.0], [0.3804, 183633.0], [0.3805, 174341.0], [0.3806, 280804.0], [0.3807, 268801.0], [0.3808, 232678.0], [0.3809, 167944.0], [0.381, 278707.0], [0.3811, 250619.0], [0.3812, 194390.0], [0.3813, 285722.0], [0.3814, 191819.0], [0.3815, 154346.0], [0.3816, 123773.0], [0.3817, 187832.0], [0.3818, 132493.0], [0.3819, 188212.0], [0.382, 198462.0], [0.3821, 104392.0]], "timestamp": "2025-12-17T06:43:50.047235+00:00"}, {"symbol": "ADAUSDT", "bids": [[0.3799, 77948.0], [0.3798, 154516.0], [0.3797, 254977.0], [0.3796, 244757.0], [0.3795, 309401.0], [0.3794, 235744.0], [0.3793, 207393.0], [0.3792, 283345.0], [0.3791, 169490.0], [0.379, 178510.0], [0.3789, 211047.0], [0.3788, 281880.0], [0.3787, 86664.0], [0.3786, 215665.0], [0.3785, 117429.0], [0.3784, 172566.0], [0.3783, 225193.0], [0.3782, 371713.0], [0.3781, 295005.0], [0.378, 364872.0]], "asks": [[0.38, 26981.0], [0.3801, 281684.0], [0.3802, 213004.0], [0.3803, 224151.0], [0.3804, 272513.0], [0.3805, 159999.0], [0.3806, 217539.0], [0.3807, 268633.0], [0.3808, 309485.0], [0.3809, 190411.0], [0.381, 180436.0], [0.3811, 204958.0], [0.3812, 193066.0], [0.3813, 255489.0], [0.3814, 213456.0], [0.3815, 144442.0], [0.3816, 147339.0], [0.3817, 184977.0], [0.3818, 98465.0], [0.3819, 187091.0]], "timestamp": "2025-12-17T06:44:41.692186+00:00"}, {"symbol": "ADAUSDT", "bids": [[0.38, 63871.0], [0.3799, 118631.0], [0.3798, 312369.0], [0.3797, 327314.0], [0.3796, 137757.0], [0.3795, 250426.0], [0.3794, 257568.0], [0.3793, 206453.0], [0.3792, 274227.0], [0.3791, 217649.0], [0.379, 183615.0], [0.3789, 302100.0], [0.3788, 110382.0], [0.3787, 101635.0], [0.3786, 230830.0], [0.3785, 93934.0], [0.3784, 157097.0], [0.3783, 147746.0], [0.3782, 299495.0], [0.3781, 132137.0]], "asks": [[0.3801, 155043.0], [0.3802, 219523.0], [0.3803, 171602.0], [0.3804, 256053.0], [0.3805, 184596.0], [0.3806, 179950.0], [0.3807, 235494.0], [0.3808, 336944.0], [0.3809, 191328.0], [0.381, 202903.0], [0.3811, 209088.0], [0.3812, 207226.0], [0.3813, 276733.0], [0.3814, 237058.0], [0.3815, 147255.0], [0.3816, 135906.0], [0.3817, 187413.0], [0.3818, 96292.0], [0.3819, 148517.0], [0.382, 359310.0]], "timestamp": "2025-12-17T06:45:33.282952+00:00"}, {"symbol": "ADAUSDT", "bids": [[0.38, 41137.0], [0.3799, 118785.0], [0.3798, 263403.0], [0.3797, 284722.0], [0.3796, 158190.0], [0.3795, 220129.0], [0.3794, 251754.0], [0.3793, 198902.0], [0.3792, 253526.0], [0.3791, 214099.0], [0.379, 204884.0], [0.3789, 252620.0], [0.3788, 272993.0], [0.3787, 102125.0], [0.3786, 215446.0], [0.3785, 93871.0], [0.3784, 157097.0], [0.3783, 147572.0], [0.3782, 215442.0], [0.3781, 227075.0]], "asks": [[0.3801, 190774.0], [0.3802, 196223.0], [0.3803, 190100.0], [0.3804, 243582.0], [0.3805, 202053.0], [0.3806, 203292.0], [0.3807, 287509.0], [0.3808, 280748.0], [0.3809, 208237.0], [0.381, 216574.0], [0.3811, 274542.0], [0.3812, 170649.0], [0.3813, 138769.0], [0.3814, 229866.0], [0.3815, 146494.0], [0.3816, 168866.0], [0.3817, 213626.0], [0.3818, 96292.0], [0.3819, 152155.0], [0.382, 361810.0]], "timestamp": "2025-12-17T06:46:25.083113+00:00"}, {"symbol": "ADAUSDT", "bids": [[0.38, 49189.0], [0.3799, 99591.0], [0.3798, 281643.0], [0.3797, 256388.0], [0.3796, 178999.0], [0.3795, 239076.0], [0.3794, 264876.0], [0.3793, 205164.0], [0.3792, 244340.0], [0.3791, 229278.0], [0.379, 181402.0], [0.3789, 257650.0], [0.3788, 244773.0], [0.3787, 128634.0], [0.3786, 214772.0], [0.3785, 93674.0], [0.3784, 155559.0], [0.3783, 147746.0], [0.3782, 209002.0], [0.3781, 226797.0]], "asks": [[0.3801, 157101.0], [0.3802, 246254.0], [0.3803, 199094.0], [0.3804, 179988.0], [0.3805, 278444.0], [0.3806, 186213.0], [0.3807, 280404.0], [0.3808, 251246.0], [0.3809, 206049.0], [0.381, 175709.0], [0.3811, 244486.0], [0.3812, 341303.0], [0.3813, 183650.0], [0.3814, 212884.0], [0.3815, 167440.0], [0.3816, 109144.0], [0.3817, 193208.0], [0.3818, 104732.0], [0.3819, 189994.0], [0.382, 289852.0]], "timestamp": "2025-12-17T06:47:16.651605+00:00"}, {"symbol": "ADAUSDT", "bids": [[0.3797, 105309.0], [0.3796, 135200.0], [0.3795, 236714.0], [0.3794, 320372.0], [0.3793, 260320.0], [0.3792, 264283.0], [0.3791, 241942.0], [0.379, 163943.0], [0.3789, 253982.0], [0.3788, 131266.0], [0.3787, 140253.0], [0.3786, 195348.0], [0.3785, 241277.0], [0.3784, 191322.0], [0.3783, 140662.0], [0.3782, 183245.0], [0.3781, 125255.0], [0.378, 196133.0], [0.3779, 264538.0], [0.3778, 582081.0]], "asks": [[0.3798, 31738.0], [0.3799, 211613.0], [0.38, 238317.0], [0.3801, 226316.0], [0.3802, 289479.0], [0.3803, 232699.0], [0.3804, 258407.0], [0.3805, 285095.0], [0.3806, 279581.0], [0.3807, 227689.0], [0.3808, 237200.0], [0.3809, 214997.0], [0.381, 153685.0], [0.3811, 256066.0], [0.3812, 134199.0], [0.3813, 186608.0], [0.3814, 191913.0], [0.3815, 172955.0], [0.3816, 119721.0], [0.3817, 159569.0]], "timestamp": "2025-12-17T06:48:07.915970+00:00"}, {"symbol": "ADAUSDT", "bids": [[0.3799, 46491.0], [0.3798, 121337.0], [0.3797, 246143.0], [0.3796, 238275.0], [0.3795, 253879.0], [0.3794, 215457.0], [0.3793, 229511.0], [0.3792, 240704.0], [0.3791, 221250.0], [0.379, 202683.0], [0.3789, 233813.0], [0.3788, 150939.0], [0.3787, 267397.0], [0.3786, 145557.0], [0.3785, 129407.0], [0.3784, 224226.0], [0.3783, 133598.0], [0.3782, 183814.0], [0.3781, 132801.0], [0.378, 271623.0]], "asks": [[0.38, 67469.0], [0.3801, 288629.0], [0.3802, 207461.0], [0.3803, 244911.0], [0.3804, 299868.0], [0.3805, 288911.0], [0.3806, 339217.0], [0.3807, 207770.0], [0.3808, 259213.0], [0.3809, 278377.0], [0.381, 194366.0], [0.3811, 180977.0], [0.3812, 228865.0], [0.3813, 201595.0], [0.3814, 208165.0], [0.3815, 165076.0], [0.3816, 128961.0], [0.3817, 167442.0], [0.3818, 86968.0], [0.3819, 252571.0]], "timestamp": "2025-12-17T06:48:59.324299+00:00"}, {"symbol": "ADAUSDT", "bids": [[0.3799, 74920.0], [0.3798, 135062.0], [0.3797, 235004.0], [0.3796, 261979.0], [0.3795, 260015.0], [0.3794, 256388.0], [0.3793, 242820.0], [0.3792, 189406.0], [0.3791, 236944.0], [0.379, 185000.0], [0.3789, 217852.0], [0.3788, 250875.0], [0.3787, 151986.0], [0.3786, 145325.0], [0.3785, 129316.0], [0.3784, 224199.0], [0.3783, 104102.0], [0.3782, 183466.0], [0.3781, 132634.0], [0.378, 271585.0]], "asks": [[0.3801, 240277.0], [0.3802, 219919.0], [0.3803, 235314.0], [0.3804, 265436.0], [0.3805, 273653.0], [0.3806, 348236.0], [0.3807, 215636.0], [0.3808, 266208.0], [0.3809, 247789.0], [0.381, 216051.0], [0.3811, 314690.0], [0.3812, 139749.0], [0.3813, 160410.0], [0.3814, 113648.0], [0.3815, 198503.0], [0.3816, 145898.0], [0.3817, 167415.0], [0.3818, 93225.0], [0.3819, 252544.0], [0.382, 290758.0]], "timestamp": "2025-12-17T06:49:50.771513+00:00"}, {"symbol": "ADAUSDT", "bids": [[0.3799, 114148.0], [0.3798, 159446.0], [0.3797, 287264.0], [0.3796, 202044.0], [0.3795, 280731.0], [0.3794, 300211.0], [0.3793, 171412.0], [0.3792, 253104.0], [0.3791, 237840.0], [0.379, 190015.0], [0.3789, 199746.0], [0.3788, 274555.0], [0.3787, 130099.0], [0.3786, 166184.0], [0.3785, 103285.0], [0.3784, 224041.0], [0.3783, 117276.0], [0.3782, 209951.0], [0.3781, 220657.0], [0.378, 168929.0]], "asks": [[0.38, 83858.0], [0.3801, 239731.0], [0.3802, 219994.0], [0.3803, 217609.0], [0.3804, 316937.0], [0.3805, 244318.0], [0.3806, 234580.0], [0.3807, 287581.0], [0.3808, 288943.0], [0.3809, 245178.0], [0.381, 218803.0], [0.3811, 191924.0], [0.3812, 252459.0], [0.3813, 180003.0], [0.3814, 180778.0], [0.3815, 170560.0], [0.3816, 135369.0], [0.3817, 170561.0], [0.3818, 108470.0], [0.3819, 225880.0]], "timestamp": "2025-12-17T06:50:42.643987+00:00"}, {"symbol": "ADAUSDT", "bids": [[0.38, 88613.0], [0.3799, 199442.0], [0.3798, 288799.0], [0.3797, 205599.0], [0.3796, 193001.0], [0.3795, 362440.0], [0.3794, 173196.0], [0.3793, 197028.0], [0.3792, 238305.0], [0.3791, 225588.0], [0.379, 168214.0], [0.3789, 340448.0], [0.3788, 157934.0], [0.3787, 130115.0], [0.3786, 149772.0], [0.3785, 95533.0], [0.3784, 224220.0], [0.3783, 116650.0], [0.3782, 291338.0], [0.3781, 131245.0]], "asks": [[0.3801, 32977.0], [0.3802, 223709.0], [0.3803, 208284.0], [0.3804, 182643.0], [0.3805, 259409.0], [0.3806, 233428.0], [0.3807, 213689.0], [0.3808, 324612.0], [0.3809, 195509.0], [0.381, 218464.0], [0.3811, 221480.0], [0.3812, 220467.0], [0.3813, 270489.0], [0.3814, 147276.0], [0.3815, 185138.0], [0.3816, 168855.0], [0.3817, 162092.0], [0.3818, 107944.0], [0.3819, 233749.0], [0.382, 374966.0]], "timestamp": "2025-12-17T06:51:34.469990+00:00"}, {"symbol": "ADAUSDT", "bids": [[0.38, 48152.0], [0.3799, 130881.0], [0.3798, 273375.0], [0.3797, 290071.0], [0.3796, 196596.0], [0.3795, 355812.0], [0.3794, 176184.0], [0.3793, 164250.0], [0.3792, 249787.0], [0.3791, 215301.0], [0.379, 174047.0], [0.3789, 346433.0], [0.3788, 146303.0], [0.3787, 129589.0], [0.3786, 149262.0], [0.3785, 95533.0], [0.3784, 224231.0], [0.3783, 117357.0], [0.3782, 291129.0], [0.3781, 131547.0]], "asks": [[0.3801, 86633.0], [0.3802, 218255.0], [0.3803, 196801.0], [0.3804, 202488.0], [0.3805, 244189.0], [0.3806, 249664.0], [0.3807, 208565.0], [0.3808, 272148.0], [0.3809, 219628.0], [0.381, 219384.0], [0.3811, 225743.0], [0.3812, 222213.0], [0.3813, 279557.0], [0.3814, 147295.0], [0.3815, 185152.0], [0.3816, 168855.0], [0.3817, 162618.0], [0.3818, 98989.0], [0.3819, 203749.0], [0.382, 311034.0]], "timestamp": "2025-12-17T06:52:25.703903+00:00"}, {"symbol": "ADAUSDT", "bids": [[0.38, 77995.0], [0.3799, 246814.0], [0.3798, 213223.0], [0.3797, 311990.0], [0.3796, 308004.0], [0.3795, 236496.0], [0.3794, 168520.0], [0.3793, 185695.0], [0.3792, 255647.0], [0.3791, 217106.0], [0.379, 183694.0], [0.3789, 347750.0], [0.3788, 146254.0], [0.3787, 122047.0], [0.3786, 136044.0], [0.3785, 104892.0], [0.3784, 255024.0], [0.3783, 116826.0], [0.3782, 293713.0], [0.3781, 118303.0]], "asks": [[0.3801, 90594.0], [0.3802, 213684.0], [0.3803, 182845.0], [0.3804, 222081.0], [0.3805, 265605.0], [0.3806, 204257.0], [0.3807, 309973.0], [0.3808, 226324.0], [0.3809, 211650.0], [0.381, 172656.0], [0.3811, 271118.0], [0.3812, 245902.0], [0.3813, 325725.0], [0.3814, 147313.0], [0.3815, 175072.0], [0.3816, 175927.0], [0.3817, 162046.0], [0.3818, 93752.0], [0.3819, 189921.0], [0.382, 305621.0]], "timestamp": "2025-12-17T06:53:17.182862+00:00"}, {"symbol": "ADAUSDT", "bids": [[0.38, 84736.0], [0.3799, 227833.0], [0.3798, 207993.0], [0.3797, 268659.0], [0.3796, 219332.0], [0.3795, 333368.0], [0.3794, 183593.0], [0.3793, 182429.0], [0.3792, 224402.0], [0.3791, 238601.0], [0.379, 307282.0], [0.3789, 215643.0], [0.3788, 146254.0], [0.3787, 122047.0], [0.3786, 161321.0], [0.3785, 104892.0], [0.3784, 254509.0], [0.3783, 117341.0], [0.3782, 293730.0], [0.3781, 118342.0]], "asks": [[0.3801, 47190.0], [0.3802, 225698.0], [0.3803, 184537.0], [0.3804, 194851.0], [0.3805, 300723.0], [0.3806, 203760.0], [0.3807, 271005.0], [0.3808, 283967.0], [0.3809, 178145.0], [0.381, 189262.0], [0.3811, 271328.0], [0.3812, 228071.0], [0.3813, 234453.0], [0.3814, 247625.0], [0.3815, 175072.0], [0.3816, 175927.0], [0.3817, 162074.0], [0.3818, 93226.0], [0.3819, 185757.0], [0.382, 239397.0]], "timestamp": "2025-12-17T06:54:08.498557+00:00"}, {"symbol": "ADAUSDT", "bids": [[0.3801, 174518.0], [0.38, 229929.0], [0.3799, 234406.0], [0.3798, 269646.0], [0.3797, 217319.0], [0.3796, 210957.0], [0.3795, 334477.0], [0.3794, 153798.0], [0.3793, 252187.0], [0.3792, 192902.0], [0.3791, 205715.0], [0.379, 181582.0], [0.3789, 324194.0], [0.3788, 121822.0], [0.3787, 152047.0], [0.3786, 127842.0], [0.3785, 105407.0], [0.3784, 254850.0], [0.3783, 116618.0], [0.3782, 293729.0]], "asks": [[0.3802, 14676.0], [0.3803, 225125.0], [0.3804, 202818.0], [0.3805, 155011.0], [0.3806, 260718.0], [0.3807, 245911.0], [0.3808, 249808.0], [0.3809, 227514.0], [0.381, 214054.0], [0.3811, 230031.0], [0.3812, 235360.0], [0.3813, 314481.0], [0.3814, 164423.0], [0.3815, 175072.0], [0.3816, 182991.0], [0.3817, 167256.0], [0.3818, 126712.0], [0.3819, 159395.0], [0.382, 303008.0], [0.3821, 93436.0]], "timestamp": "2025-12-17T06:55:00.386865+00:00"}, {"symbol": "ADAUSDT", "bids": [[0.3798, 123091.0], [0.3797, 139338.0], [0.3796, 242999.0], [0.3795, 373762.0], [0.3794, 191989.0], [0.3793, 236842.0], [0.3792, 222047.0], [0.3791, 195495.0], [0.379, 231121.0], [0.3789, 179988.0], [0.3788, 171078.0], [0.3787, 292479.0], [0.3786, 146410.0], [0.3785, 153911.0], [0.3784, 261768.0], [0.3783, 116682.0], [0.3782, 183889.0], [0.3781, 140808.0], [0.378, 239222.0], [0.3779, 188397.0]], "asks": [[0.3799, 40125.0], [0.38, 250831.0], [0.3801, 251787.0], [0.3802, 199488.0], [0.3803, 277817.0], [0.3804, 244166.0], [0.3805, 188863.0], [0.3806, 265322.0], [0.3807, 248241.0], [0.3808, 212049.0], [0.3809, 232507.0], [0.381, 141527.0], [0.3811, 174967.0], [0.3812, 220413.0], [0.3813, 198917.0], [0.3814, 162867.0], [0.3815, 178486.0], [0.3816, 160281.0], [0.3817, 172321.0], [0.3818, 162934.0]], "timestamp": "2025-12-17T06:55:52.381525+00:00"}, {"symbol": "ADAUSDT", "bids": [[0.3797, 36540.0], [0.3796, 80643.0], [0.3795, 305730.0], [0.3794, 179379.0], [0.3793, 241803.0], [0.3792, 247062.0], [0.3791, 250351.0], [0.379, 262771.0], [0.3789, 186963.0], [0.3788, 154311.0], [0.3787, 191861.0], [0.3786, 278973.0], [0.3785, 154325.0], [0.3784, 260901.0], [0.3783, 150187.0], [0.3782, 183320.0], [0.3781, 128437.0], [0.378, 145750.0], [0.3779, 188649.0], [0.3778, 610235.0]], "asks": [[0.3798, 98345.0], [0.3799, 221589.0], [0.38, 249648.0], [0.3801, 352910.0], [0.3802, 165630.0], [0.3803, 212298.0], [0.3804, 246833.0], [0.3805, 278895.0], [0.3806, 218467.0], [0.3807, 214950.0], [0.3808, 188369.0], [0.3809, 211244.0], [0.381, 259098.0], [0.3811, 192718.0], [0.3812, 135863.0], [0.3813, 177758.0], [0.3814, 131796.0], [0.3815, 152231.0], [0.3816, 149675.0], [0.3817, 172307.0]], "timestamp": "2025-12-17T06:56:43.741315+00:00"}, {"symbol": "ADAUSDT", "bids": [[0.3799, 116536.0], [0.3798, 205062.0], [0.3797, 209808.0], [0.3796, 244745.0], [0.3795, 284993.0], [0.3794, 261250.0], [0.3793, 186185.0], [0.3792, 226243.0], [0.3791, 226955.0], [0.379, 175824.0], [0.3789, 203440.0], [0.3788, 251385.0], [0.3787, 173125.0], [0.3786, 130307.0], [0.3785, 138381.0], [0.3784, 223916.0], [0.3783, 117165.0], [0.3782, 183598.0], [0.3781, 137253.0], [0.378, 242131.0]], "asks": [[0.38, 32754.0], [0.3801, 258015.0], [0.3802, 190556.0], [0.3803, 192600.0], [0.3804, 284601.0], [0.3805, 183790.0], [0.3806, 309045.0], [0.3807, 245745.0], [0.3808, 206502.0], [0.3809, 239503.0], [0.381, 182308.0], [0.3811, 221927.0], [0.3812, 245352.0], [0.3813, 195164.0], [0.3814, 117036.0], [0.3815, 206702.0], [0.3816, 160781.0], [0.3817, 196226.0], [0.3818, 102556.0], [0.3819, 218901.0]], "timestamp": "2025-12-17T06:57:35.246868+00:00"}, {"symbol": "ADAUSDT", "bids": [[0.38, 69787.0], [0.3799, 216848.0], [0.3798, 194297.0], [0.3797, 255904.0], [0.3796, 193635.0], [0.3795, 396382.0], [0.3794, 125339.0], [0.3793, 177353.0], [0.3792, 271046.0], [0.3791, 225703.0], [0.379, 199880.0], [0.3789, 154118.0], [0.3788, 272492.0], [0.3787, 167673.0], [0.3786, 122786.0], [0.3785, 104911.0], [0.3784, 223932.0], [0.3783, 116650.0], [0.3782, 291969.0], [0.3781, 122316.0]], "asks": [[0.3801, 44901.0], [0.3802, 217735.0], [0.3803, 155484.0], [0.3804, 240576.0], [0.3805, 207383.0], [0.3806, 205166.0], [0.3807, 268096.0], [0.3808, 242927.0], [0.3809, 301360.0], [0.381, 173005.0], [0.3811, 222029.0], [0.3812, 251223.0], [0.3813, 206652.0], [0.3814, 117100.0], [0.3815, 166929.0], [0.3816, 164299.0], [0.3817, 232645.0], [0.3818, 98329.0], [0.3819, 147886.0], [0.382, 297834.0]], "timestamp": "2025-12-17T06:58:26.588934+00:00"}, {"symbol": "ADAUSDT", "bids": [[0.38, 89836.0], [0.3799, 224506.0], [0.3798, 191921.0], [0.3797, 269935.0], [0.3796, 181993.0], [0.3795, 383750.0], [0.3794, 123282.0], [0.3793, 177050.0], [0.3792, 257219.0], [0.3791, 214655.0], [0.379, 197339.0], [0.3789, 265639.0], [0.3788, 144747.0], [0.3787, 166621.0], [0.3786, 122786.0], [0.3785, 104911.0], [0.3784, 225106.0], [0.3783, 116634.0], [0.3782, 291321.0], [0.3781, 122316.0]], "asks": [[0.3801, 45123.0], [0.3802, 198031.0], [0.3803, 148486.0], [0.3804, 146602.0], [0.3805, 278368.0], [0.3806, 193203.0], [0.3807, 220620.0], [0.3808, 304198.0], [0.3809, 297808.0], [0.381, 173834.0], [0.3811, 210361.0], [0.3812, 170338.0], [0.3813, 307176.0], [0.3814, 117108.0], [0.3815, 167455.0], [0.3816, 131339.0], [0.3817, 232645.0], [0.3818, 131815.0], [0.3819, 151524.0], [0.382, 361790.0]], "timestamp": "2025-12-17T06:59:18.181500+00:00"}, {"symbol": "ADAUSDT", "bids": [[0.38, 60701.0], [0.3799, 178401.0], [0.3798, 369589.0], [0.3797, 256765.0], [0.3796, 171724.0], [0.3795, 312782.0], [0.3794, 141014.0], [0.3793, 152268.0], [0.3792, 183522.0], [0.3791, 163996.0], [0.379, 204586.0], [0.3789, 268797.0], [0.3788, 149060.0], [0.3787, 121111.0], [0.3786, 131780.0], [0.3785, 84748.0], [0.3784, 182278.0], [0.3783, 116826.0], [0.3782, 286170.0], [0.3781, 122141.0]], "asks": [[0.3801, 70238.0], [0.3802, 248881.0], [0.3803, 234149.0], [0.3804, 296673.0], [0.3805, 173209.0], [0.3806, 179856.0], [0.3807, 206882.0], [0.3808, 256824.0], [0.3809, 155183.0], [0.381, 157712.0], [0.3811, 179455.0], [0.3812, 154482.0], [0.3813, 252021.0], [0.3814, 118031.0], [0.3815, 176213.0], [0.3816, 128007.0], [0.3817, 173770.0], [0.3818, 130897.0], [0.3819, 175693.0], [0.382, 153896.0]], "timestamp": "2025-12-17T07:00:09.838119+00:00"}, {"symbol": "ADAUSDT", "bids": [[0.3799, 125374.0], [0.3798, 159896.0], [0.3797, 310796.0], [0.3796, 201772.0], [0.3795, 271485.0], [0.3794, 249291.0], [0.3793, 240106.0], [0.3792, 230215.0], [0.3791, 244498.0], [0.379, 199431.0], [0.3789, 177032.0], [0.3788, 274174.0], [0.3787, 138540.0], [0.3786, 130890.0], [0.3785, 137325.0], [0.3784, 281711.0], [0.3783, 88089.0], [0.3782, 130023.0], [0.3781, 144373.0], [0.378, 235961.0]], "asks": [[0.38, 36726.0], [0.3801, 206573.0], [0.3802, 179601.0], [0.3803, 278013.0], [0.3804, 235278.0], [0.3805, 253838.0], [0.3806, 208285.0], [0.3807, 301449.0], [0.3808, 161443.0], [0.3809, 240553.0], [0.381, 209496.0], [0.3811, 193836.0], [0.3812, 245979.0], [0.3813, 136537.0], [0.3814, 148343.0], [0.3815, 218607.0], [0.3816, 160973.0], [0.3817, 157257.0], [0.3818, 251548.0], [0.3819, 138732.0]], "timestamp": "2025-12-17T07:01:01.250127+00:00"}, {"symbol": "ADAUSDT", "bids": [[0.3799, 43887.0], [0.3798, 131380.0], [0.3797, 335409.0], [0.3796, 206823.0], [0.3795, 296541.0], [0.3794, 200951.0], [0.3793, 253716.0], [0.3792, 191263.0], [0.3791, 201019.0], [0.379, 251860.0], [0.3789, 284911.0], [0.3788, 139429.0], [0.3787, 176746.0], [0.3786, 192152.0], [0.3785, 173902.0], [0.3784, 278951.0], [0.3783, 99515.0], [0.3782, 237450.0], [0.3781, 141454.0], [0.378, 140889.0]], "asks": [[0.38, 163169.0], [0.3801, 226489.0], [0.3802, 190089.0], [0.3803, 288299.0], [0.3804, 208211.0], [0.3805, 268477.0], [0.3806, 232572.0], [0.3807, 225111.0], [0.3808, 261615.0], [0.3809, 211247.0], [0.381, 202836.0], [0.3811, 171909.0], [0.3812, 269463.0], [0.3813, 200765.0], [0.3814, 179467.0], [0.3815, 227708.0], [0.3816, 153851.0], [0.3817, 157783.0], [0.3818, 183192.0], [0.3819, 138206.0]], "timestamp": "2025-12-17T07:01:53.039430+00:00"}, {"symbol": "ADAUSDT", "bids": [[0.3798, 140621.0], [0.3797, 171160.0], [0.3796, 285353.0], [0.3795, 304071.0], [0.3794, 186076.0], [0.3793, 281019.0], [0.3792, 166106.0], [0.3791, 213313.0], [0.379, 314097.0], [0.3789, 214527.0], [0.3788, 180055.0], [0.3787, 307412.0], [0.3786, 138067.0], [0.3785, 144451.0], [0.3784, 312461.0], [0.3783, 88105.0], [0.3782, 143054.0], [0.3781, 149617.0], [0.378, 236054.0], [0.3779, 131148.0]], "asks": [[0.3799, 2814.0], [0.38, 191404.0], [0.3801, 251974.0], [0.3802, 189545.0], [0.3803, 336795.0], [0.3804, 224757.0], [0.3805, 290328.0], [0.3806, 166190.0], [0.3807, 277072.0], [0.3808, 225235.0], [0.3809, 177446.0], [0.381, 228283.0], [0.3811, 303349.0], [0.3812, 175040.0], [0.3813, 169089.0], [0.3814, 172730.0], [0.3815, 244842.0], [0.3816, 114220.0], [0.3817, 166785.0], [0.3818, 116881.0]], "timestamp": "2025-12-17T07:02:44.352174+00:00"}, {"symbol": "ADAUSDT", "bids": [[0.38, 141323.0], [0.3799, 236433.0], [0.3798, 225052.0], [0.3797, 356441.0], [0.3796, 185104.0], [0.3795, 338745.0], [0.3794, 209092.0], [0.3793, 219705.0], [0.3792, 172375.0], [0.3791, 239877.0], [0.379, 290102.0], [0.3789, 182340.0], [0.3788, 285558.0], [0.3787, 110124.0], [0.3786, 133175.0], [0.3785, 137387.0], [0.3784, 279307.0], [0.3783, 88313.0], [0.3782, 142267.0], [0.3781, 149356.0]], "asks": [[0.3801, 58678.0], [0.3802, 203084.0], [0.3803, 206289.0], [0.3804, 198644.0], [0.3805, 317069.0], [0.3806, 242984.0], [0.3807, 231103.0], [0.3808, 200704.0], [0.3809, 209138.0], [0.381, 211643.0], [0.3811, 299678.0], [0.3812, 199100.0], [0.3813, 169183.0], [0.3814, 146284.0], [0.3815, 234701.0], [0.3816, 157102.0], [0.3817, 239494.0], [0.3818, 116911.0], [0.3819, 197494.0], [0.382, 97822.0]], "timestamp": "2025-12-17T07:03:35.954554+00:00"}, {"symbol": "ADAUSDT", "bids": [[0.3801, 90345.0], [0.38, 230538.0], [0.3799, 273019.0], [0.3798, 182944.0], [0.3797, 317671.0], [0.3796, 210438.0], [0.3795, 265620.0], [0.3794, 170033.0], [0.3793, 258277.0], [0.3792, 221709.0], [0.3791, 241194.0], [0.379, 292258.0], [0.3789, 296090.0], [0.3788, 142678.0], [0.3787, 110092.0], [0.3786, 119927.0], [0.3785, 137902.0], [0.3784, 295180.0], [0.3783, 195952.0], [0.3782, 142267.0]], "asks": [[0.3802, 69029.0], [0.3803, 208524.0], [0.3804, 246703.0], [0.3805, 266322.0], [0.3806, 249703.0], [0.3807, 222959.0], [0.3808, 298373.0], [0.3809, 212272.0], [0.381, 234923.0], [0.3811, 230893.0], [0.3812, 199169.0], [0.3813, 295518.0], [0.3814, 125796.0], [0.3815, 242377.0], [0.3816, 189660.0], [0.3817, 185884.0], [0.3818, 132938.0], [0.3819, 139543.0], [0.382, 108227.0], [0.3821, 228948.0]], "timestamp": "2025-12-17T07:04:27.638589+00:00"}, {"symbol": "ADAUSDT", "bids": [[0.38, 115988.0], [0.3799, 194449.0], [0.3798, 268692.0], [0.3797, 313260.0], [0.3796, 222273.0], [0.3795, 204731.0], [0.3794, 280042.0], [0.3793, 231069.0], [0.3792, 249736.0], [0.3791, 238372.0], [0.379, 280691.0], [0.3789, 197722.0], [0.3788, 274396.0], [0.3787, 110092.0], [0.3786, 153412.0], [0.3785, 137783.0], [0.3784, 279570.0], [0.3783, 104532.0], [0.3782, 236946.0], [0.3781, 148561.0]], "asks": [[0.3801, 62584.0], [0.3802, 217662.0], [0.3803, 239167.0], [0.3804, 240891.0], [0.3805, 353905.0], [0.3806, 164355.0], [0.3807, 215636.0], [0.3808, 326672.0], [0.3809, 207416.0], [0.381, 155096.0], [0.3811, 222675.0], [0.3812, 224192.0], [0.3813, 295203.0], [0.3814, 119974.0], [0.3815, 234701.0], [0.3816, 151582.0], [0.3817, 193743.0], [0.3818, 147145.0], [0.3819, 202686.0], [0.382, 91556.0]], "timestamp": "2025-12-17T07:05:19.088665+00:00"}, {"symbol": "ADAUSDT", "bids": [[0.3802, 114216.0], [0.3801, 237387.0], [0.38, 244666.0], [0.3799, 333608.0], [0.3798, 204970.0], [0.3797, 218039.0], [0.3796, 201588.0], [0.3795, 275398.0], [0.3794, 212985.0], [0.3793, 237527.0], [0.3792, 232611.0], [0.3791, 208338.0], [0.379, 411777.0], [0.3789, 152994.0], [0.3788, 141354.0], [0.3787, 91042.0], [0.3786, 130544.0], [0.3785, 127411.0], [0.3784, 264902.0], [0.3783, 215800.0]], "asks": [[0.3803, 41873.0], [0.3804, 137404.0], [0.3805, 208350.0], [0.3806, 223185.0], [0.3807, 276519.0], [0.3808, 150024.0], [0.3809, 257398.0], [0.381, 257357.0], [0.3811, 242406.0], [0.3812, 230552.0], [0.3813, 232763.0], [0.3814, 207485.0], [0.3815, 380548.0], [0.3816, 135718.0], [0.3817, 192948.0], [0.3818, 169345.0], [0.3819, 164167.0], [0.382, 101357.0], [0.3821, 255027.0], [0.3822, 112348.0]], "timestamp": "2025-12-17T07:06:10.698987+00:00"}, {"symbol": "ADAUSDT", "bids": [[0.3805, 128796.0], [0.3804, 216427.0], [0.3803, 238586.0], [0.3802, 238407.0], [0.3801, 222834.0], [0.38, 257498.0], [0.3799, 213755.0], [0.3798, 150830.0], [0.3797, 215414.0], [0.3796, 295449.0], [0.3795, 174826.0], [0.3794, 203574.0], [0.3793, 155235.0], [0.3792, 169986.0], [0.3791, 191638.0], [0.379, 340631.0], [0.3789, 330844.0], [0.3788, 119111.0], [0.3787, 121235.0], [0.3786, 146897.0]], "asks": [[0.3806, 28240.0], [0.3807, 250947.0], [0.3808, 207491.0], [0.3809, 225700.0], [0.381, 259569.0], [0.3811, 214975.0], [0.3812, 262206.0], [0.3813, 209340.0], [0.3814, 223811.0], [0.3815, 218398.0], [0.3816, 127209.0], [0.3817, 229827.0], [0.3818, 185102.0], [0.3819, 226475.0], [0.382, 166908.0], [0.3821, 184655.0], [0.3822, 181784.0], [0.3823, 198064.0], [0.3824, 113813.0], [0.3825, 113050.0]], "timestamp": "2025-12-17T07:07:02.237310+00:00"}, {"symbol": "ADAUSDT", "bids": [[0.3799, 86479.0], [0.3798, 82555.0], [0.3797, 260867.0], [0.3796, 246005.0], [0.3795, 230929.0], [0.3794, 161328.0], [0.3793, 182771.0], [0.3792, 208872.0], [0.3791, 197156.0], [0.379, 347694.0], [0.3789, 349874.0], [0.3788, 169538.0], [0.3787, 148227.0], [0.3786, 265943.0], [0.3785, 208431.0], [0.3784, 476052.0], [0.3783, 264320.0], [0.3782, 596576.0], [0.3781, 471878.0], [0.378, 210409.0]], "asks": [[0.38, 92108.0], [0.3801, 216441.0], [0.3802, 248428.0], [0.3803, 180947.0], [0.3804, 329342.0], [0.3805, 247190.0], [0.3806, 268102.0], [0.3807, 298306.0], [0.3808, 225912.0], [0.3809, 168742.0], [0.381, 230611.0], [0.3811, 198830.0], [0.3812, 209754.0], [0.3813, 212831.0], [0.3814, 249444.0], [0.3815, 171972.0], [0.3816, 218205.0], [0.3817, 169122.0], [0.3818, 113848.0], [0.3819, 147392.0]], "timestamp": "2025-12-17T07:07:53.503981+00:00"}, {"symbol": "ADAUSDT", "bids": [[0.3801, 44675.0], [0.38, 113726.0], [0.3799, 262305.0], [0.3798, 156818.0], [0.3797, 263689.0], [0.3796, 310413.0], [0.3795, 241997.0], [0.3794, 235003.0], [0.3793, 235269.0], [0.3792, 199106.0], [0.3791, 189480.0], [0.379, 422802.0], [0.3789, 223815.0], [0.3788, 112614.0], [0.3787, 100845.0], [0.3786, 147698.0], [0.3785, 115137.0], [0.3784, 293144.0], [0.3783, 173899.0], [0.3782, 398404.0]], "asks": [[0.3802, 135302.0], [0.3803, 207452.0], [0.3804, 247116.0], [0.3805, 330427.0], [0.3806, 243022.0], [0.3807, 295264.0], [0.3808, 222081.0], [0.3809, 186100.0], [0.381, 277813.0], [0.3811, 220132.0], [0.3812, 225603.0], [0.3813, 164690.0], [0.3814, 225323.0], [0.3815, 163335.0], [0.3816, 185328.0], [0.3817, 224726.0], [0.3818, 116450.0], [0.3819, 150157.0], [0.382, 150319.0], [0.3821, 189884.0]], "timestamp": "2025-12-17T07:08:46.152776+00:00"}, {"symbol": "ADAUSDT", "bids": [[0.3799, 52883.0], [0.3798, 131269.0], [0.3797, 304616.0], [0.3796, 320190.0], [0.3795, 289231.0], [0.3794, 200111.0], [0.3793, 232335.0], [0.3792, 198827.0], [0.3791, 199059.0], [0.379, 324626.0], [0.3789, 374270.0], [0.3788, 129712.0], [0.3787, 106723.0], [0.3786, 181734.0], [0.3785, 124894.0], [0.3784, 292525.0], [0.3783, 173820.0], [0.3782, 398609.0], [0.3781, 324949.0], [0.378, 161892.0]], "asks": [[0.38, 71929.0], [0.3801, 232865.0], [0.3802, 199341.0], [0.3803, 316964.0], [0.3804, 228373.0], [0.3805, 240526.0], [0.3806, 245146.0], [0.3807, 227378.0], [0.3808, 286295.0], [0.3809, 244285.0], [0.381, 229160.0], [0.3811, 168984.0], [0.3812, 196476.0], [0.3813, 227365.0], [0.3814, 158629.0], [0.3815, 189479.0], [0.3816, 144041.0], [0.3817, 232569.0], [0.3818, 116450.0], [0.3819, 142272.0]], "timestamp": "2025-12-17T07:09:37.941863+00:00"}, {"symbol": "ADAUSDT", "bids": [[0.3794, 89762.0], [0.3793, 127833.0], [0.3792, 296207.0], [0.3791, 265055.0], [0.379, 279996.0], [0.3789, 196435.0], [0.3788, 190699.0], [0.3787, 228752.0], [0.3786, 231558.0], [0.3785, 172586.0], [0.3784, 272406.0], [0.3783, 327902.0], [0.3782, 234139.0], [0.3781, 130738.0], [0.378, 176399.0], [0.3779, 265292.0], [0.3778, 556218.0], [0.3777, 191872.0], [0.3776, 250625.0], [0.3775, 586274.0]], "asks": [[0.3795, 72283.0], [0.3796, 179142.0], [0.3797, 199046.0], [0.3798, 212080.0], [0.3799, 328580.0], [0.38, 252124.0], [0.3801, 197554.0], [0.3802, 194387.0], [0.3803, 344958.0], [0.3804, 213207.0], [0.3805, 201969.0], [0.3806, 246749.0], [0.3807, 162075.0], [0.3808, 115432.0], [0.3809, 201802.0], [0.381, 188803.0], [0.3811, 256907.0], [0.3812, 169089.0], [0.3813, 113533.0], [0.3814, 129398.0]], "timestamp": "2025-12-17T07:10:29.775119+00:00"}, {"symbol": "ADAUSDT", "bids": [[0.3796, 63903.0], [0.3795, 182556.0], [0.3794, 253615.0], [0.3793, 270445.0], [0.3792, 192784.0], [0.3791, 246624.0], [0.379, 328243.0], [0.3789, 162453.0], [0.3788, 263287.0], [0.3787, 250478.0], [0.3786, 313543.0], [0.3785, 189782.0], [0.3784, 308036.0], [0.3783, 161830.0], [0.3782, 150694.0], [0.3781, 103485.0], [0.378, 199784.0], [0.3779, 125162.0], [0.3778, 301140.0], [0.3777, 233207.0]], "asks": [[0.3797, 106184.0], [0.3798, 163756.0], [0.3799, 195932.0], [0.38, 276184.0], [0.3801, 224270.0], [0.3802, 171374.0], [0.3803, 213638.0], [0.3804, 272253.0], [0.3805, 304247.0], [0.3806, 351081.0], [0.3807, 161618.0], [0.3808, 184229.0], [0.3809, 223421.0], [0.381, 170747.0], [0.3811, 253435.0], [0.3812, 259774.0], [0.3813, 79111.0], [0.3814, 87562.0], [0.3815, 122528.0], [0.3816, 142825.0]], "timestamp": "2025-12-17T07:11:21.215567+00:00"}, {"symbol": "ADAUSDT", "bids": [[0.3797, 40203.0], [0.3796, 132175.0], [0.3795, 266415.0], [0.3794, 305514.0], [0.3793, 211232.0], [0.3792, 302674.0], [0.3791, 213931.0], [0.379, 436423.0], [0.3789, 167933.0], [0.3788, 187693.0], [0.3787, 150428.0], [0.3786, 204425.0], [0.3785, 308071.0], [0.3784, 207952.0], [0.3783, 178352.0], [0.3782, 149438.0], [0.3781, 113588.0], [0.378, 213438.0], [0.3779, 148346.0], [0.3778, 379251.0]], "asks": [[0.3798, 181311.0], [0.3799, 223176.0], [0.38, 219640.0], [0.3801, 238556.0], [0.3802, 184359.0], [0.3803, 260658.0], [0.3804, 249906.0], [0.3805, 235795.0], [0.3806, 277960.0], [0.3807, 221715.0], [0.3808, 234451.0], [0.3809, 332139.0], [0.381, 167769.0], [0.3811, 185069.0], [0.3812, 201422.0], [0.3813, 105315.0], [0.3814, 82629.0], [0.3815, 125102.0], [0.3816, 159607.0], [0.3817, 417424.0]], "timestamp": "2025-12-17T07:12:12.697515+00:00"}, {"symbol": "ADAUSDT", "bids": [[0.3798, 52224.0], [0.3797, 143965.0], [0.3796, 244561.0], [0.3795, 315250.0], [0.3794, 341925.0], [0.3793, 222128.0], [0.3792, 187628.0], [0.3791, 192497.0], [0.379, 446654.0], [0.3789, 149490.0], [0.3788, 317353.0], [0.3787, 204896.0], [0.3786, 176899.0], [0.3785, 166070.0], [0.3784, 205122.0], [0.3783, 205399.0], [0.3782, 213328.0], [0.3781, 214020.0], [0.378, 171202.0], [0.3779, 156426.0]], "asks": [[0.3799, 116390.0], [0.38, 226265.0], [0.3801, 181125.0], [0.3802, 271843.0], [0.3803, 194109.0], [0.3804, 203865.0], [0.3805, 210308.0], [0.3806, 271538.0], [0.3807, 252878.0], [0.3808, 201970.0], [0.3809, 256086.0], [0.381, 161877.0], [0.3811, 208513.0], [0.3812, 274550.0], [0.3813, 120599.0], [0.3814, 142608.0], [0.3815, 154864.0], [0.3816, 152658.0], [0.3817, 239759.0], [0.3818, 194935.0]], "timestamp": "2025-12-17T07:13:04.322330+00:00"}, {"symbol": "ADAUSDT", "bids": [[0.3796, 22938.0], [0.3795, 107548.0], [0.3794, 291083.0], [0.3793, 307953.0], [0.3792, 254685.0], [0.3791, 307740.0], [0.379, 334925.0], [0.3789, 201106.0], [0.3788, 200739.0], [0.3787, 194177.0], [0.3786, 206794.0], [0.3785, 319632.0], [0.3784, 216111.0], [0.3783, 220625.0], [0.3782, 209086.0], [0.3781, 127611.0], [0.378, 224567.0], [0.3779, 137059.0], [0.3778, 480210.0], [0.3777, 237379.0]], "asks": [[0.3797, 175165.0], [0.3798, 319748.0], [0.3799, 263484.0], [0.38, 307173.0], [0.3801, 193804.0], [0.3802, 224170.0], [0.3803, 318005.0], [0.3804, 297652.0], [0.3805, 255464.0], [0.3806, 238850.0], [0.3807, 212739.0], [0.3808, 217396.0], [0.3809, 288032.0], [0.381, 147400.0], [0.3811, 131027.0], [0.3812, 140387.0], [0.3813, 80068.0], [0.3814, 101090.0], [0.3815, 131753.0], [0.3816, 142205.0]], "timestamp": "2025-12-17T07:13:55.635389+00:00"}, {"symbol": "ADAUSDT", "bids": [[0.3795, 38750.0], [0.3794, 107815.0], [0.3793, 263692.0], [0.3792, 371159.0], [0.3791, 236243.0], [0.379, 391759.0], [0.3789, 167642.0], [0.3788, 170809.0], [0.3787, 185247.0], [0.3786, 261665.0], [0.3785, 201026.0], [0.3784, 353861.0], [0.3783, 231867.0], [0.3782, 195482.0], [0.3781, 134087.0], [0.378, 229319.0], [0.3779, 139902.0], [0.3778, 372274.0], [0.3777, 143987.0], [0.3776, 277642.0]], "asks": [[0.3796, 96684.0], [0.3797, 227532.0], [0.3798, 214846.0], [0.3799, 334630.0], [0.38, 204611.0], [0.3801, 202869.0], [0.3802, 262683.0], [0.3803, 422034.0], [0.3804, 244210.0], [0.3805, 263644.0], [0.3806, 215072.0], [0.3807, 179399.0], [0.3808, 175606.0], [0.3809, 235640.0], [0.381, 126058.0], [0.3811, 127492.0], [0.3812, 123194.0], [0.3813, 109061.0], [0.3814, 89298.0], [0.3815, 194791.0]], "timestamp": "2025-12-17T07:14:47.518447+00:00"}, {"symbol": "ADAUSDT", "bids": [[0.3794, 85543.0], [0.3793, 119710.0], [0.3792, 252894.0], [0.3791, 375947.0], [0.379, 310979.0], [0.3789, 256028.0], [0.3788, 282276.0], [0.3787, 149535.0], [0.3786, 181475.0], [0.3785, 205998.0], [0.3784, 222720.0], [0.3783, 232509.0], [0.3782, 270743.0], [0.3781, 159309.0], [0.378, 247011.0], [0.3779, 239300.0], [0.3778, 398918.0], [0.3777, 137401.0], [0.3776, 178943.0], [0.3775, 672216.0]], "asks": [[0.3795, 139109.0], [0.3796, 194325.0], [0.3797, 273841.0], [0.3798, 321960.0], [0.3799, 305613.0], [0.38, 276541.0], [0.3801, 201645.0], [0.3802, 295637.0], [0.3803, 312536.0], [0.3804, 232330.0], [0.3805, 233068.0], [0.3806, 278327.0], [0.3807, 172155.0], [0.3808, 136552.0], [0.3809, 162061.0], [0.381, 137992.0], [0.3811, 153045.0], [0.3812, 223710.0], [0.3813, 154568.0], [0.3814, 81266.0]], "timestamp": "2025-12-17T07:15:39.133964+00:00"}, {"symbol": "ADAUSDT", "bids": [[0.3796, 40085.0], [0.3795, 145409.0], [0.3794, 249716.0], [0.3793, 334461.0], [0.3792, 252369.0], [0.3791, 250372.0], [0.379, 344720.0], [0.3789, 253603.0], [0.3788, 192296.0], [0.3787, 219654.0], [0.3786, 163149.0], [0.3785, 178026.0], [0.3784, 224965.0], [0.3783, 290346.0], [0.3782, 132915.0], [0.3781, 136996.0], [0.378, 237684.0], [0.3779, 229626.0], [0.3778, 379993.0], [0.3777, 150085.0]], "asks": [[0.3797, 140468.0], [0.3798, 262937.0], [0.3799, 235288.0], [0.38, 296781.0], [0.3801, 227738.0], [0.3802, 244626.0], [0.3803, 348046.0], [0.3804, 338140.0], [0.3805, 217361.0], [0.3806, 272163.0], [0.3807, 354243.0], [0.3808, 154576.0], [0.3809, 131014.0], [0.381, 156875.0], [0.3811, 185834.0], [0.3812, 235786.0], [0.3813, 83436.0], [0.3814, 89129.0], [0.3815, 132565.0], [0.3816, 204303.0]], "timestamp": "2025-12-17T07:16:30.506763+00:00"}, {"symbol": "ADAUSDT", "bids": [[0.3796, 34658.0], [0.3795, 115928.0], [0.3794, 241309.0], [0.3793, 294284.0], [0.3792, 223153.0], [0.3791, 286707.0], [0.379, 313882.0], [0.3789, 239650.0], [0.3788, 234846.0], [0.3787, 214392.0], [0.3786, 178683.0], [0.3785, 187387.0], [0.3784, 343047.0], [0.3783, 151997.0], [0.3782, 132260.0], [0.3781, 140590.0], [0.378, 263929.0], [0.3779, 203478.0], [0.3778, 380323.0], [0.3777, 231435.0]], "asks": [[0.3797, 152401.0], [0.3798, 349553.0], [0.3799, 265200.0], [0.38, 286357.0], [0.3801, 235534.0], [0.3802, 238211.0], [0.3803, 351229.0], [0.3804, 323313.0], [0.3805, 264581.0], [0.3806, 296066.0], [0.3807, 252325.0], [0.3808, 189519.0], [0.3809, 274651.0], [0.381, 156582.0], [0.3811, 189599.0], [0.3812, 209543.0], [0.3813, 79603.0], [0.3814, 90086.0], [0.3815, 132565.0], [0.3816, 200900.0]], "timestamp": "2025-12-17T07:17:22.187397+00:00"}, {"symbol": "ADAUSDT", "bids": [[0.3795, 22742.0], [0.3794, 124161.0], [0.3793, 265391.0], [0.3792, 253963.0], [0.3791, 340115.0], [0.379, 380859.0], [0.3789, 176617.0], [0.3788, 227679.0], [0.3787, 216204.0], [0.3786, 207225.0], [0.3785, 151814.0], [0.3784, 222595.0], [0.3783, 283421.0], [0.3782, 133535.0], [0.3781, 175129.0], [0.378, 237504.0], [0.3779, 203017.0], [0.3778, 380630.0], [0.3777, 149044.0], [0.3776, 265636.0]], "asks": [[0.3796, 158904.0], [0.3797, 259321.0], [0.3798, 259019.0], [0.3799, 450212.0], [0.38, 189677.0], [0.3801, 224037.0], [0.3802, 270011.0], [0.3803, 342421.0], [0.3804, 282085.0], [0.3805, 230021.0], [0.3806, 278635.0], [0.3807, 232202.0], [0.3808, 157605.0], [0.3809, 222759.0], [0.381, 169610.0], [0.3811, 185149.0], [0.3812, 193592.0], [0.3813, 108377.0], [0.3814, 92692.0], [0.3815, 140430.0]], "timestamp": "2025-12-17T07:18:13.532306+00:00"}, {"symbol": "ADAUSDT", "bids": [[0.3794, 40917.0], [0.3793, 138409.0], [0.3792, 249411.0], [0.3791, 322266.0], [0.379, 357428.0], [0.3789, 284251.0], [0.3788, 184445.0], [0.3787, 203693.0], [0.3786, 213900.0], [0.3785, 163753.0], [0.3784, 276490.0], [0.3783, 289434.0], [0.3782, 144789.0], [0.3781, 179383.0], [0.378, 274113.0], [0.3779, 202730.0], [0.3778, 371938.0], [0.3777, 136642.0], [0.3776, 179027.0], [0.3775, 672804.0]], "asks": [[0.3795, 122211.0], [0.3796, 231487.0], [0.3797, 256365.0], [0.3798, 364534.0], [0.3799, 340463.0], [0.38, 210639.0], [0.3801, 280332.0], [0.3802, 277553.0], [0.3803, 320559.0], [0.3804, 194270.0], [0.3805, 221369.0], [0.3806, 251775.0], [0.3807, 314051.0], [0.3808, 138335.0], [0.3809, 127953.0], [0.381, 162605.0], [0.3811, 185655.0], [0.3812, 206707.0], [0.3813, 119136.0], [0.3814, 155925.0]], "timestamp": "2025-12-17T07:19:05.202059+00:00"}, {"symbol": "ADAUSDT", "bids": [[0.3793, 37742.0], [0.3792, 142329.0], [0.3791, 293671.0], [0.379, 333938.0], [0.3789, 267837.0], [0.3788, 214809.0], [0.3787, 338531.0], [0.3786, 176400.0], [0.3785, 158077.0], [0.3784, 293747.0], [0.3783, 204682.0], [0.3782, 283226.0], [0.3781, 152845.0], [0.378, 245205.0], [0.3779, 238545.0], [0.3778, 294654.0], [0.3777, 110569.0], [0.3776, 158440.0], [0.3775, 406580.0], [0.3774, 252546.0]], "asks": [[0.3794, 154826.0], [0.3795, 197359.0], [0.3796, 212438.0], [0.3797, 226234.0], [0.3798, 270525.0], [0.3799, 387659.0], [0.38, 317310.0], [0.3801, 206421.0], [0.3802, 218337.0], [0.3803, 296377.0], [0.3804, 198573.0], [0.3805, 289841.0], [0.3806, 162886.0], [0.3807, 192229.0], [0.3808, 138131.0], [0.3809, 120424.0], [0.381, 160002.0], [0.3811, 191508.0], [0.3812, 215766.0], [0.3813, 92987.0]], "timestamp": "2025-12-17T07:19:56.908724+00:00"}, {"symbol": "ADAUSDT", "bids": [[0.3794, 143891.0], [0.3793, 196768.0], [0.3792, 242327.0], [0.3791, 324133.0], [0.379, 345353.0], [0.3789, 207124.0], [0.3788, 278586.0], [0.3787, 212538.0], [0.3786, 210430.0], [0.3785, 134822.0], [0.3784, 235690.0], [0.3783, 181109.0], [0.3782, 272493.0], [0.3781, 146924.0], [0.378, 239752.0], [0.3779, 234494.0], [0.3778, 292157.0], [0.3777, 127903.0], [0.3776, 275199.0], [0.3775, 311480.0]], "asks": [[0.3795, 30112.0], [0.3796, 187920.0], [0.3797, 169896.0], [0.3798, 320640.0], [0.3799, 324672.0], [0.38, 240751.0], [0.3801, 259938.0], [0.3802, 290049.0], [0.3803, 283673.0], [0.3804, 221330.0], [0.3805, 311135.0], [0.3806, 188943.0], [0.3807, 221362.0], [0.3808, 138367.0], [0.3809, 127488.0], [0.381, 185619.0], [0.3811, 217769.0], [0.3812, 294781.0], [0.3813, 82226.0], [0.3814, 85404.0]], "timestamp": "2025-12-17T07:20:48.377927+00:00"}, {"symbol": "ADAUSDT", "bids": [[0.3797, 140438.0], [0.3796, 200040.0], [0.3795, 270071.0], [0.3794, 341044.0], [0.3793, 197479.0], [0.3792, 206220.0], [0.3791, 251339.0], [0.379, 306118.0], [0.3789, 144814.0], [0.3788, 310950.0], [0.3787, 228776.0], [0.3786, 222097.0], [0.3785, 124103.0], [0.3784, 323739.0], [0.3783, 150543.0], [0.3782, 140647.0], [0.3781, 140048.0], [0.378, 240513.0], [0.3779, 194316.0], [0.3778, 302685.0]], "asks": [[0.3798, 30154.0], [0.3799, 264272.0], [0.38, 208890.0], [0.3801, 221413.0], [0.3802, 282856.0], [0.3803, 241792.0], [0.3804, 332885.0], [0.3805, 224758.0], [0.3806, 282024.0], [0.3807, 293178.0], [0.3808, 312158.0], [0.3809, 146399.0], [0.381, 172079.0], [0.3811, 168861.0], [0.3812, 231871.0], [0.3813, 115612.0], [0.3814, 104870.0], [0.3815, 231041.0], [0.3816, 144808.0], [0.3817, 286286.0]], "timestamp": "2025-12-17T07:21:40.099670+00:00"}, {"symbol": "ADAUSDT", "bids": [[0.3799, 57596.0], [0.3798, 187418.0], [0.3797, 280472.0], [0.3796, 326445.0], [0.3795, 242008.0], [0.3794, 197921.0], [0.3793, 196370.0], [0.3792, 199138.0], [0.3791, 329133.0], [0.379, 299824.0], [0.3789, 153439.0], [0.3788, 212270.0], [0.3787, 333126.0], [0.3786, 244307.0], [0.3785, 104994.0], [0.3784, 137778.0], [0.3783, 128360.0], [0.3782, 154060.0], [0.3781, 118413.0], [0.378, 370179.0]], "asks": [[0.38, 111284.0], [0.3801, 240369.0], [0.3802, 239629.0], [0.3803, 315973.0], [0.3804, 271627.0], [0.3805, 215086.0], [0.3806, 261664.0], [0.3807, 258149.0], [0.3808, 222330.0], [0.3809, 266359.0], [0.381, 194739.0], [0.3811, 237414.0], [0.3812, 260533.0], [0.3813, 96974.0], [0.3814, 129977.0], [0.3815, 196591.0], [0.3816, 138588.0], [0.3817, 211639.0], [0.3818, 158327.0], [0.3819, 294410.0]], "timestamp": "2025-12-17T07:22:31.868534+00:00"}, {"symbol": "ADAUSDT", "bids": [[0.3801, 104292.0], [0.38, 198896.0], [0.3799, 291480.0], [0.3798, 308312.0], [0.3797, 225197.0], [0.3796, 267907.0], [0.3795, 279848.0], [0.3794, 237681.0], [0.3793, 163405.0], [0.3792, 181609.0], [0.3791, 225705.0], [0.379, 438380.0], [0.3789, 152034.0], [0.3788, 196838.0], [0.3787, 199294.0], [0.3786, 195833.0], [0.3785, 103455.0], [0.3784, 174791.0], [0.3783, 127138.0], [0.3782, 300405.0]], "asks": [[0.3802, 67958.0], [0.3803, 166099.0], [0.3804, 306791.0], [0.3805, 162673.0], [0.3806, 296309.0], [0.3807, 192716.0], [0.3808, 189522.0], [0.3809, 331425.0], [0.381, 189253.0], [0.3811, 300987.0], [0.3812, 422645.0], [0.3813, 215844.0], [0.3814, 167665.0], [0.3815, 193256.0], [0.3816, 172872.0], [0.3817, 153124.0], [0.3818, 161114.0], [0.3819, 307337.0], [0.382, 170762.0], [0.3821, 95419.0]], "timestamp": "2025-12-17T07:23:23.244036+00:00"}, {"symbol": "ADAUSDT", "bids": [[0.3797, 143598.0], [0.3796, 251813.0], [0.3795, 375108.0], [0.3794, 186758.0], [0.3793, 198191.0], [0.3792, 233003.0], [0.3791, 286332.0], [0.379, 368605.0], [0.3789, 138439.0], [0.3788, 169883.0], [0.3787, 339061.0], [0.3786, 258023.0], [0.3785, 111620.0], [0.3784, 208305.0], [0.3783, 138021.0], [0.3782, 196542.0], [0.3781, 165927.0], [0.378, 274692.0], [0.3779, 351421.0], [0.3778, 324077.0]], "asks": [[0.3798, 9044.0], [0.3799, 176150.0], [0.38, 234419.0], [0.3801, 295657.0], [0.3802, 254706.0], [0.3803, 233394.0], [0.3804, 273741.0], [0.3805, 210680.0], [0.3806, 219925.0], [0.3807, 268355.0], [0.3808, 242490.0], [0.3809, 223124.0], [0.381, 125340.0], [0.3811, 247755.0], [0.3812, 336440.0], [0.3813, 142700.0], [0.3814, 172090.0], [0.3815, 149350.0], [0.3816, 162507.0], [0.3817, 153194.0]], "timestamp": "2025-12-17T07:24:15.088455+00:00"}, {"symbol": "ADAUSDT", "bids": [[0.3797, 133128.0], [0.3796, 239226.0], [0.3795, 262704.0], [0.3794, 274979.0], [0.3793, 198993.0], [0.3792, 261395.0], [0.3791, 225595.0], [0.379, 345213.0], [0.3789, 142551.0], [0.3788, 171501.0], [0.3787, 243303.0], [0.3786, 395302.0], [0.3785, 110986.0], [0.3784, 209016.0], [0.3783, 138037.0], [0.3782, 203077.0], [0.3781, 184934.0], [0.378, 180246.0], [0.3779, 447453.0], [0.3778, 324077.0]], "asks": [[0.3798, 46939.0], [0.3799, 207153.0], [0.38, 198582.0], [0.3801, 206978.0], [0.3802, 257871.0], [0.3803, 233302.0], [0.3804, 248422.0], [0.3805, 354470.0], [0.3806, 206183.0], [0.3807, 213028.0], [0.3808, 243947.0], [0.3809, 237734.0], [0.381, 215442.0], [0.3811, 188803.0], [0.3812, 241449.0], [0.3813, 176218.0], [0.3814, 162257.0], [0.3815, 124560.0], [0.3816, 160147.0], [0.3817, 223273.0]], "timestamp": "2025-12-17T07:25:06.412868+00:00"}, {"symbol": "ADAUSDT", "bids": [[0.3796, 102888.0], [0.3795, 139824.0], [0.3794, 345082.0], [0.3793, 246239.0], [0.3792, 160929.0], [0.3791, 291387.0], [0.379, 325522.0], [0.3789, 161534.0], [0.3788, 177998.0], [0.3787, 263148.0], [0.3786, 274807.0], [0.3785, 328858.0], [0.3784, 164031.0], [0.3783, 149194.0], [0.3782, 167122.0], [0.3781, 179580.0], [0.378, 198606.0], [0.3779, 374815.0], [0.3778, 407366.0], [0.3777, 300454.0]], "asks": [[0.3797, 13302.0], [0.3798, 193338.0], [0.3799, 178892.0], [0.38, 317292.0], [0.3801, 218286.0], [0.3802, 204972.0], [0.3803, 255367.0], [0.3804, 343082.0], [0.3805, 229407.0], [0.3806, 218011.0], [0.3807, 183989.0], [0.3808, 207603.0], [0.3809, 240263.0], [0.381, 225310.0], [0.3811, 213913.0], [0.3812, 202156.0], [0.3813, 127587.0], [0.3814, 170090.0], [0.3815, 130911.0], [0.3816, 174307.0]], "timestamp": "2025-12-17T07:25:57.933667+00:00"}, {"symbol": "ADAUSDT", "bids": [[0.3798, 43590.0], [0.3797, 158399.0], [0.3796, 232331.0], [0.3795, 208777.0], [0.3794, 349175.0], [0.3793, 245140.0], [0.3792, 202972.0], [0.3791, 268798.0], [0.379, 351327.0], [0.3789, 211187.0], [0.3788, 187580.0], [0.3787, 217925.0], [0.3786, 317212.0], [0.3785, 143217.0], [0.3784, 158426.0], [0.3783, 130541.0], [0.3782, 159562.0], [0.3781, 180315.0], [0.378, 206025.0], [0.3779, 374563.0]], "asks": [[0.3799, 191110.0], [0.38, 363544.0], [0.3801, 228916.0], [0.3802, 262957.0], [0.3803, 260865.0], [0.3804, 351226.0], [0.3805, 248554.0], [0.3806, 270586.0], [0.3807, 195721.0], [0.3808, 222485.0], [0.3809, 245892.0], [0.381, 235882.0], [0.3811, 275180.0], [0.3812, 236273.0], [0.3813, 134164.0], [0.3814, 188458.0], [0.3815, 142478.0], [0.3816, 253251.0], [0.3817, 152227.0], [0.3818, 107781.0]], "timestamp": "2025-12-17T07:26:49.734662+00:00"}, {"symbol": "ADAUSDT", "bids": [[0.3798, 44046.0], [0.3797, 171563.0], [0.3796, 267412.0], [0.3795, 328159.0], [0.3794, 239652.0], [0.3793, 219268.0], [0.3792, 280578.0], [0.3791, 199455.0], [0.379, 342649.0], [0.3789, 214080.0], [0.3788, 153913.0], [0.3787, 202293.0], [0.3786, 334303.0], [0.3785, 137824.0], [0.3784, 185618.0], [0.3783, 103816.0], [0.3782, 159235.0], [0.3781, 184927.0], [0.378, 206042.0], [0.3779, 476224.0]], "asks": [[0.3799, 138682.0], [0.38, 270971.0], [0.3801, 207572.0], [0.3802, 306538.0], [0.3803, 223960.0], [0.3804, 270522.0], [0.3805, 244555.0], [0.3806, 322572.0], [0.3807, 199960.0], [0.3808, 207122.0], [0.3809, 249001.0], [0.381, 197155.0], [0.3811, 288506.0], [0.3812, 236541.0], [0.3813, 143481.0], [0.3814, 188458.0], [0.3815, 142478.0], [0.3816, 199457.0], [0.3817, 162600.0], [0.3818, 178838.0]], "timestamp": "2025-12-17T07:27:41.199561+00:00"}, {"symbol": "ADAUSDT", "bids": [[0.3798, 47775.0], [0.3797, 141852.0], [0.3796, 253731.0], [0.3795, 312185.0], [0.3794, 199679.0], [0.3793, 243852.0], [0.3792, 275771.0], [0.3791, 226407.0], [0.379, 336062.0], [0.3789, 231859.0], [0.3788, 160877.0], [0.3787, 311894.0], [0.3786, 224146.0], [0.3785, 204872.0], [0.3784, 208630.0], [0.3783, 103579.0], [0.3782, 162488.0], [0.3781, 184401.0], [0.378, 181468.0], [0.3779, 425138.0]], "asks": [[0.3799, 91359.0], [0.38, 289334.0], [0.3801, 191623.0], [0.3802, 279567.0], [0.3803, 189739.0], [0.3804, 209281.0], [0.3805, 299781.0], [0.3806, 237758.0], [0.3807, 265976.0], [0.3808, 221218.0], [0.3809, 236747.0], [0.381, 233243.0], [0.3811, 263441.0], [0.3812, 295711.0], [0.3813, 143497.0], [0.3814, 186882.0], [0.3815, 146881.0], [0.3816, 169883.0], [0.3817, 162616.0], [0.3818, 184060.0]], "timestamp": "2025-12-17T07:28:32.914142+00:00"}, {"symbol": "ADAUSDT", "bids": [[0.3798, 86818.0], [0.3797, 215149.0], [0.3796, 217992.0], [0.3795, 329536.0], [0.3794, 215446.0], [0.3793, 299867.0], [0.3792, 242494.0], [0.3791, 187859.0], [0.379, 346751.0], [0.3789, 223558.0], [0.3788, 165673.0], [0.3787, 329843.0], [0.3786, 207057.0], [0.3785, 204122.0], [0.3784, 208658.0], [0.3783, 101736.0], [0.3782, 161973.0], [0.3781, 163749.0], [0.378, 276176.0], [0.3779, 330289.0]], "asks": [[0.3799, 26480.0], [0.38, 206618.0], [0.3801, 175459.0], [0.3802, 300544.0], [0.3803, 262643.0], [0.3804, 216583.0], [0.3805, 263695.0], [0.3806, 296673.0], [0.3807, 240928.0], [0.3808, 226105.0], [0.3809, 221160.0], [0.381, 210676.0], [0.3811, 263972.0], [0.3812, 273021.0], [0.3813, 176983.0], [0.3814, 186882.0], [0.3815, 144355.0], [0.3816, 169357.0], [0.3817, 162616.0], [0.3818, 184060.0]], "timestamp": "2025-12-17T07:29:24.569840+00:00"}, {"symbol": "ADAUSDT", "bids": [[0.3797, 41118.0], [0.3796, 105700.0], [0.3795, 347437.0], [0.3794, 306093.0], [0.3793, 288662.0], [0.3792, 241653.0], [0.3791, 188950.0], [0.379, 351862.0], [0.3789, 269756.0], [0.3788, 152860.0], [0.3787, 212423.0], [0.3786, 357451.0], [0.3785, 203513.0], [0.3784, 220310.0], [0.3783, 110218.0], [0.3782, 193352.0], [0.3781, 165785.0], [0.378, 274959.0], [0.3779, 330342.0], [0.3778, 370831.0]], "asks": [[0.3798, 123477.0], [0.3799, 219002.0], [0.38, 181132.0], [0.3801, 348633.0], [0.3802, 218033.0], [0.3803, 206398.0], [0.3804, 259616.0], [0.3805, 267749.0], [0.3806, 331534.0], [0.3807, 215118.0], [0.3808, 177395.0], [0.3809, 201744.0], [0.381, 217648.0], [0.3811, 291687.0], [0.3812, 297303.0], [0.3813, 135648.0], [0.3814, 186866.0], [0.3815, 149597.0], [0.3816, 171869.0], [0.3817, 162586.0]], "timestamp": "2025-12-17T07:30:15.937266+00:00"}, {"symbol": "ADAUSDT", "bids": [[0.38, 163267.0], [0.3799, 181075.0], [0.3798, 220010.0], [0.3797, 334273.0], [0.3796, 192757.0], [0.3795, 267863.0], [0.3794, 171600.0], [0.3793, 250994.0], [0.3792, 368780.0], [0.3791, 203474.0], [0.379, 364422.0], [0.3789, 152311.0], [0.3788, 276665.0], [0.3787, 147131.0], [0.3786, 143365.0], [0.3785, 186575.0], [0.3784, 299346.0], [0.3783, 102292.0], [0.3782, 210412.0], [0.3781, 247203.0]], "asks": [[0.3801, 71343.0], [0.3802, 201300.0], [0.3803, 208466.0], [0.3804, 171047.0], [0.3805, 307960.0], [0.3806, 294936.0], [0.3807, 226236.0], [0.3808, 192354.0], [0.3809, 278896.0], [0.381, 201530.0], [0.3811, 317904.0], [0.3812, 342242.0], [0.3813, 159588.0], [0.3814, 194683.0], [0.3815, 179385.0], [0.3816, 190717.0], [0.3817, 162584.0], [0.3818, 191931.0], [0.3819, 133717.0], [0.382, 149383.0]], "timestamp": "2025-12-17T07:31:07.992688+00:00"}, {"symbol": "ADAUSDT", "bids": [[0.3802, 91566.0], [0.3801, 195412.0], [0.38, 239159.0], [0.3799, 289622.0], [0.3798, 178272.0], [0.3797, 200172.0], [0.3796, 210602.0], [0.3795, 286254.0], [0.3794, 248073.0], [0.3793, 244663.0], [0.3792, 266867.0], [0.3791, 193966.0], [0.379, 411766.0], [0.3789, 142628.0], [0.3788, 195835.0], [0.3787, 183290.0], [0.3786, 135818.0], [0.3785, 186636.0], [0.3784, 288185.0], [0.3783, 116811.0]], "asks": [[0.3803, 39456.0], [0.3804, 256360.0], [0.3805, 245772.0], [0.3806, 237464.0], [0.3807, 272088.0], [0.3808, 246631.0], [0.3809, 256489.0], [0.381, 170806.0], [0.3811, 292965.0], [0.3812, 454863.0], [0.3813, 310412.0], [0.3814, 163626.0], [0.3815, 160099.0], [0.3816, 185922.0], [0.3817, 191542.0], [0.3818, 243431.0], [0.3819, 133189.0], [0.382, 168120.0], [0.3821, 172695.0], [0.3822, 197063.0]], "timestamp": "2025-12-17T07:32:00.366774+00:00"}, {"symbol": "ADAUSDT", "bids": [[0.38, 66598.0], [0.3799, 154392.0], [0.3798, 204701.0], [0.3797, 263993.0], [0.3796, 184752.0], [0.3795, 264556.0], [0.3794, 260927.0], [0.3793, 211883.0], [0.3792, 198245.0], [0.3791, 225929.0], [0.379, 352174.0], [0.3789, 174440.0], [0.3788, 280540.0], [0.3787, 198962.0], [0.3786, 272808.0], [0.3785, 399488.0], [0.3784, 146013.0], [0.3783, 126131.0], [0.3782, 184644.0], [0.3781, 308278.0]], "asks": [[0.3801, 83938.0], [0.3802, 249485.0], [0.3803, 213171.0], [0.3804, 332033.0], [0.3805, 233353.0], [0.3806, 219533.0], [0.3807, 256895.0], [0.3808, 271802.0], [0.3809, 204325.0], [0.381, 206323.0], [0.3811, 249881.0], [0.3812, 280260.0], [0.3813, 157227.0], [0.3814, 201232.0], [0.3815, 195815.0], [0.3816, 292846.0], [0.3817, 286022.0], [0.3818, 175821.0], [0.3819, 110152.0], [0.382, 92820.0]], "timestamp": "2025-12-17T07:32:52.509694+00:00"}, {"symbol": "ADAUSDT", "bids": [[0.3804, 108640.0], [0.3803, 282766.0], [0.3802, 404116.0], [0.3801, 161176.0], [0.38, 212744.0], [0.3799, 184548.0], [0.3798, 188289.0], [0.3797, 193718.0], [0.3796, 266917.0], [0.3795, 270666.0], [0.3794, 219836.0], [0.3793, 366434.0], [0.3792, 221930.0], [0.3791, 175909.0], [0.379, 433172.0], [0.3789, 140597.0], [0.3788, 219341.0], [0.3787, 165047.0], [0.3786, 290457.0], [0.3785, 183274.0]], "asks": [[0.3805, 59330.0], [0.3806, 152158.0], [0.3807, 196833.0], [0.3808, 194796.0], [0.3809, 283478.0], [0.381, 238475.0], [0.3811, 290918.0], [0.3812, 353715.0], [0.3813, 230674.0], [0.3814, 235762.0], [0.3815, 340986.0], [0.3816, 214428.0], [0.3817, 239650.0], [0.3818, 170591.0], [0.3819, 137597.0], [0.382, 150676.0], [0.3821, 172477.0], [0.3822, 112046.0], [0.3823, 259492.0], [0.3824, 243561.0]], "timestamp": "2025-12-17T07:33:44.191575+00:00"}, {"symbol": "ADAUSDT", "bids": [[0.3809, 39968.0], [0.3808, 138688.0], [0.3807, 187696.0], [0.3806, 230294.0], [0.3805, 196012.0], [0.3804, 243419.0], [0.3803, 266669.0], [0.3802, 206261.0], [0.3801, 178815.0], [0.38, 214175.0], [0.3799, 160254.0], [0.3798, 126865.0], [0.3797, 187121.0], [0.3796, 251126.0], [0.3795, 253689.0], [0.3794, 225642.0], [0.3793, 269477.0], [0.3792, 178272.0], [0.3791, 198480.0], [0.379, 388689.0]], "asks": [[0.381, 102845.0], [0.3811, 224324.0], [0.3812, 334406.0], [0.3813, 218386.0], [0.3814, 297067.0], [0.3815, 206535.0], [0.3816, 207100.0], [0.3817, 270056.0], [0.3818, 227385.0], [0.3819, 257680.0], [0.382, 239781.0], [0.3821, 281919.0], [0.3822, 156987.0], [0.3823, 189990.0], [0.3824, 171608.0], [0.3825, 192359.0], [0.3826, 160416.0], [0.3827, 141309.0], [0.3828, 306828.0], [0.3829, 219701.0]], "timestamp": "2025-12-17T07:34:35.680558+00:00"}, {"symbol": "ADAUSDT", "bids": [[0.3815, 22021.0], [0.3814, 95400.0], [0.3813, 188561.0], [0.3812, 222887.0], [0.3811, 171193.0], [0.381, 191761.0], [0.3809, 302167.0], [0.3808, 214567.0], [0.3807, 198610.0], [0.3806, 191488.0], [0.3805, 146361.0], [0.3804, 184221.0], [0.3803, 163994.0], [0.3802, 158890.0], [0.3801, 156850.0], [0.38, 200258.0], [0.3799, 133148.0], [0.3798, 230041.0], [0.3797, 147739.0], [0.3796, 231548.0]], "asks": [[0.3816, 124876.0], [0.3817, 183969.0], [0.3818, 266148.0], [0.3819, 210241.0], [0.382, 275251.0], [0.3821, 234403.0], [0.3822, 214820.0], [0.3823, 259885.0], [0.3824, 239557.0], [0.3825, 226131.0], [0.3826, 150632.0], [0.3827, 147981.0], [0.3828, 185340.0], [0.3829, 151888.0], [0.383, 132313.0], [0.3831, 229336.0], [0.3832, 250398.0], [0.3833, 146169.0], [0.3834, 118533.0], [0.3835, 149645.0]], "timestamp": "2025-12-17T07:35:27.067348+00:00"}, {"symbol": "ADAUSDT", "bids": [[0.3812, 74107.0], [0.3811, 143440.0], [0.381, 211554.0], [0.3809, 274265.0], [0.3808, 163099.0], [0.3807, 183161.0], [0.3806, 238708.0], [0.3805, 162639.0], [0.3804, 221308.0], [0.3803, 171144.0], [0.3802, 315027.0], [0.3801, 155308.0], [0.38, 207936.0], [0.3799, 130770.0], [0.3798, 131992.0], [0.3797, 154991.0], [0.3796, 136337.0], [0.3795, 326627.0], [0.3794, 325396.0], [0.3793, 309095.0]], "asks": [[0.3813, 50863.0], [0.3814, 145534.0], [0.3815, 230835.0], [0.3816, 263374.0], [0.3817, 228390.0], [0.3818, 192834.0], [0.3819, 261934.0], [0.382, 247428.0], [0.3821, 214529.0], [0.3822, 181077.0], [0.3823, 216736.0], [0.3824, 177092.0], [0.3825, 180695.0], [0.3826, 169846.0], [0.3827, 151875.0], [0.3828, 230171.0], [0.3829, 116589.0], [0.383, 152203.0], [0.3831, 152817.0], [0.3832, 178428.0]], "timestamp": "2025-12-17T07:36:18.571806+00:00"}, {"symbol": "ADAUSDT", "bids": [[0.3812, 37886.0], [0.3811, 128920.0], [0.381, 243241.0], [0.3809, 277994.0], [0.3808, 193004.0], [0.3807, 278767.0], [0.3806, 184268.0], [0.3805, 177858.0], [0.3804, 226400.0], [0.3803, 153673.0], [0.3802, 234200.0], [0.3801, 260537.0], [0.38, 317420.0], [0.3799, 136714.0], [0.3798, 112208.0], [0.3797, 154991.0], [0.3796, 121110.0], [0.3795, 231056.0], [0.3794, 393106.0], [0.3793, 283286.0]], "asks": [[0.3813, 134064.0], [0.3814, 198582.0], [0.3815, 227904.0], [0.3816, 267125.0], [0.3817, 236667.0], [0.3818, 192294.0], [0.3819, 250338.0], [0.382, 219084.0], [0.3821, 276953.0], [0.3822, 263381.0], [0.3823, 236223.0], [0.3824, 194056.0], [0.3825, 273138.0], [0.3826, 185833.0], [0.3827, 151875.0], [0.3828, 202226.0], [0.3829, 120365.0], [0.383, 132634.0], [0.3831, 118597.0], [0.3832, 167030.0]], "timestamp": "2025-12-17T07:37:10.546071+00:00"}, {"symbol": "ADAUSDT", "bids": [[0.3809, 39960.0], [0.3808, 122213.0], [0.3807, 195617.0], [0.3806, 156701.0], [0.3805, 329263.0], [0.3804, 174641.0], [0.3803, 164808.0], [0.3802, 207997.0], [0.3801, 195726.0], [0.38, 346318.0], [0.3799, 250460.0], [0.3798, 212268.0], [0.3797, 145531.0], [0.3796, 162039.0], [0.3795, 316337.0], [0.3794, 202369.0], [0.3793, 201152.0], [0.3792, 313113.0], [0.3791, 448048.0], [0.379, 293743.0]], "asks": [[0.381, 171947.0], [0.3811, 267727.0], [0.3812, 278630.0], [0.3813, 308109.0], [0.3814, 202853.0], [0.3815, 184153.0], [0.3816, 203353.0], [0.3817, 358902.0], [0.3818, 209647.0], [0.3819, 237824.0], [0.382, 176092.0], [0.3821, 234984.0], [0.3822, 287356.0], [0.3823, 206018.0], [0.3824, 129048.0], [0.3825, 243422.0], [0.3826, 178334.0], [0.3827, 109008.0], [0.3828, 197201.0], [0.3829, 110477.0]], "timestamp": "2025-12-17T07:38:01.964701+00:00"}, {"symbol": "ADAUSDT", "bids": [[0.3811, 90138.0], [0.381, 178136.0], [0.3809, 200680.0], [0.3808, 304703.0], [0.3807, 189518.0], [0.3806, 190935.0], [0.3805, 150941.0], [0.3804, 253351.0], [0.3803, 119225.0], [0.3802, 200028.0], [0.3801, 135705.0], [0.38, 141808.0], [0.3799, 226891.0], [0.3798, 139367.0], [0.3797, 101218.0], [0.3796, 106004.0], [0.3795, 274094.0], [0.3794, 189523.0], [0.3793, 148167.0], [0.3792, 284620.0]], "asks": [[0.3812, 100935.0], [0.3813, 169028.0], [0.3814, 209688.0], [0.3815, 166793.0], [0.3816, 233295.0], [0.3817, 278998.0], [0.3818, 204576.0], [0.3819, 249826.0], [0.382, 195602.0], [0.3821, 187593.0], [0.3822, 242964.0], [0.3823, 182413.0], [0.3824, 217515.0], [0.3825, 124550.0], [0.3826, 200845.0], [0.3827, 90390.0], [0.3828, 200812.0], [0.3829, 120075.0], [0.383, 111045.0], [0.3831, 199809.0]], "timestamp": "2025-12-17T07:38:53.246316+00:00"}, {"symbol": "ADAUSDT", "bids": [[0.3812, 110058.0], [0.3811, 274066.0], [0.381, 213982.0], [0.3809, 265218.0], [0.3808, 210353.0], [0.3807, 192626.0], [0.3806, 179264.0], [0.3805, 239857.0], [0.3804, 216012.0], [0.3803, 127743.0], [0.3802, 205303.0], [0.3801, 163341.0], [0.38, 364200.0], [0.3799, 109583.0], [0.3798, 166632.0], [0.3797, 277101.0], [0.3796, 161155.0], [0.3795, 179024.0], [0.3794, 211569.0], [0.3793, 204748.0]], "asks": [[0.3813, 45500.0], [0.3814, 143400.0], [0.3815, 245236.0], [0.3816, 232167.0], [0.3817, 410784.0], [0.3818, 228835.0], [0.3819, 278092.0], [0.382, 193773.0], [0.3821, 251012.0], [0.3822, 295293.0], [0.3823, 247152.0], [0.3824, 229538.0], [0.3825, 254113.0], [0.3826, 254723.0], [0.3827, 199155.0], [0.3828, 238828.0], [0.3829, 133498.0], [0.383, 117898.0], [0.3831, 214194.0], [0.3832, 147406.0]], "timestamp": "2025-12-17T07:39:45.525687+00:00"}, {"symbol": "ADAUSDT", "bids": [[0.381, 127905.0], [0.3809, 197257.0], [0.3808, 313833.0], [0.3807, 291049.0], [0.3806, 182631.0], [0.3805, 293362.0], [0.3804, 207236.0], [0.3803, 162158.0], [0.3802, 178015.0], [0.3801, 189474.0], [0.38, 315030.0], [0.3799, 404673.0], [0.3798, 147703.0], [0.3797, 206779.0], [0.3796, 158113.0], [0.3795, 172586.0], [0.3794, 219987.0], [0.3793, 182341.0], [0.3792, 371068.0], [0.3791, 213247.0]], "asks": [[0.3811, 103712.0], [0.3812, 227777.0], [0.3813, 378151.0], [0.3814, 305015.0], [0.3815, 325670.0], [0.3816, 188393.0], [0.3817, 246735.0], [0.3818, 353323.0], [0.3819, 329320.0], [0.382, 222231.0], [0.3821, 208905.0], [0.3822, 247120.0], [0.3823, 293054.0], [0.3824, 196618.0], [0.3825, 175952.0], [0.3826, 247822.0], [0.3827, 124773.0], [0.3828, 206086.0], [0.3829, 144786.0], [0.383, 101911.0]], "timestamp": "2025-12-17T07:40:37.110380+00:00"}, {"symbol": "ADAUSDT", "bids": [[0.381, 141641.0], [0.3809, 209127.0], [0.3808, 358920.0], [0.3807, 207306.0], [0.3806, 206029.0], [0.3805, 294919.0], [0.3804, 276782.0], [0.3803, 157324.0], [0.3802, 204166.0], [0.3801, 164509.0], [0.38, 314782.0], [0.3799, 303082.0], [0.3798, 258168.0], [0.3797, 206674.0], [0.3796, 154871.0], [0.3795, 173139.0], [0.3794, 197994.0], [0.3793, 141065.0], [0.3792, 258663.0], [0.3791, 235943.0]], "asks": [[0.3811, 1885.0], [0.3812, 164265.0], [0.3813, 218202.0], [0.3814, 199939.0], [0.3815, 267920.0], [0.3816, 171325.0], [0.3817, 284417.0], [0.3818, 237403.0], [0.3819, 284418.0], [0.382, 203393.0], [0.3821, 241529.0], [0.3822, 241559.0], [0.3823, 293500.0], [0.3824, 190644.0], [0.3825, 208945.0], [0.3826, 235761.0], [0.3827, 142612.0], [0.3828, 213850.0], [0.3829, 144786.0], [0.383, 99299.0]], "timestamp": "2025-12-17T07:41:28.568752+00:00"}, {"symbol": "ADAUSDT", "bids": [[0.3808, 153468.0], [0.3807, 184265.0], [0.3806, 275144.0], [0.3805, 190526.0], [0.3804, 187098.0], [0.3803, 202974.0], [0.3802, 284453.0], [0.3801, 181839.0], [0.38, 221531.0], [0.3799, 313139.0], [0.3798, 161782.0], [0.3797, 144351.0], [0.3796, 158566.0], [0.3795, 241561.0], [0.3794, 217675.0], [0.3793, 255091.0], [0.3792, 201138.0], [0.3791, 209715.0], [0.379, 327822.0], [0.3789, 419549.0]], "asks": [[0.3809, 38504.0], [0.381, 266847.0], [0.3811, 218994.0], [0.3812, 225300.0], [0.3813, 198992.0], [0.3814, 210598.0], [0.3815, 280866.0], [0.3816, 184509.0], [0.3817, 365995.0], [0.3818, 261665.0], [0.3819, 170597.0], [0.382, 143933.0], [0.3821, 164958.0], [0.3822, 194993.0], [0.3823, 276512.0], [0.3824, 146409.0], [0.3825, 189308.0], [0.3826, 192479.0], [0.3827, 203513.0], [0.3828, 293280.0]], "timestamp": "2025-12-17T07:42:20.455790+00:00"}