[{"id": "546997936", "price": 0.3664, "amount": 18.0, "side": "sell", "timestamp": 1766014837393}, {"id": "546997937", "price": 0.3665, "amount": 20.0, "side": "buy", "timestamp": 1766014840144}, {"id": "546997938", "price": 0.3665, "amount": 19452.0, "side": "buy", "timestamp": 1766014840876}, {"id": "546997939", "price": 0.3665, "amount": 19452.0, "side": "buy", "timestamp": 1766014841138}, {"id": "546997940", "price": 0.3664, "amount": 5768.0, "side": "sell", "timestamp": 1766014841802}, {"id": "546997941", "price": 0.3665, "amount": 7.0, "side": "buy", "timestamp": 1766014843073}, {"id": "546997942", "price": 0.3665, "amount": 18953.0, "side": "buy", "timestamp": 1766014844838}, {"id": "546997943", "price": 0.3664, "amount": 19600.0, "side": "sell", "timestamp": 1766014846346}, {"id": "546997944", "price": 0.3664, "amount": 33.0, "side": "buy", "timestamp": 1766014847642}, {"id": "546997945", "price": 0.3663, "amount": 137.0, "side": "sell", "timestamp": 1766014849171}, {"id": "546997946", "price": 0.3664, "amount": 28.0, "side": "buy", "timestamp": 1766014850036}, {"id": "546997947", "price": 0.3664, "amount": 43.0, "side": "buy", "timestamp": 1766014850308}, {"id": "546997948", "price": 0.3663, "amount": 977.0, "side": "sell", "timestamp": 1766014853869}, {"id": "546997949", "price": 0.3663, "amount": 401.0, "side": "sell", "timestamp": 1766014856114}, {"id": "546997950", "price": 0.3663, "amount": 35.0, "side": "sell", "timestamp": 1766014856810}, {"id": "546997951", "price": 0.3663, "amount": 62.0, "side": "sell", "timestamp": 1766014857526}, {"id": "546997952", "price": 0.3664, "amount": 269.0, "side": "buy", "timestamp": 1766014858238}, {"id": "546997953", "price": 0.3664, "amount": 22534.0, "side": "buy", "timestamp": 1766014859445}, {"id": "546997954", "price": 0.3664, "amount": 111.0, "side": "sell", "timestamp": 1766014861159}, {"id": "546997955", "price": 0.3665, "amount": 46.0, "side": "buy", "timestamp": 1766014861402}, {"id": "546997956", "price": 0.3664, "amount": 17.0, "side": "sell", "timestamp": 1766014863481}, {"id": "546997957", "price": 0.3665, "amount": 15.0, "side": "buy", "timestamp": 1766014864927}, {"id": "546997958", "price": 0.3665, "amount": 16.0, "side": "buy", "timestamp": 1766014865372}, {"id": "546997959", "price": 0.3665, "amount": 191.0, "side": "buy", "timestamp": 1766014867667}, {"id": "546997960", "price": 0.3665, "amount": 100.0, "side": "buy", "timestamp": 1766014869956}, {"id": "546997961", "price": 0.3665, "amount": 96.0, "side": "buy", "timestamp": 1766014870271}, {"id": "546997962", "price": 0.3664, "amount": 22.0, "side": "sell", "timestamp": 1766014870368}, {"id": "546997963", "price": 0.3664, "amount": 19.0, "side": "sell", "timestamp": 1766014872845}, {"id": "546997964", "price": 0.3665, "amount": 59.0, "side": "buy", "timestamp": 1766014872866}, {"id": "546997965", "price": 0.3665, "amount": 218.0, "side": "buy", "timestamp": 1766014873103}, {"id": "546997966", "price": 0.3665, "amount": 25.0, "side": "buy", "timestamp": 1766014877739}, {"id": "546997967", "price": 0.3665, "amount": 99.0, "side": "buy", "timestamp": 1766014878032}, {"id": "546997968", "price": 0.3664, "amount": 22.0, "side": "sell", "timestamp": 1766014878044}, {"id": "546997969", "price": 0.3664, "amount": 15.0, "side": "sell", "timestamp": 1766014878878}, {"id": "546997970", "price": 0.3665, "amount": 66.0, "side": "buy", "timestamp": 1766014879405}, {"id": "546997971", "price": 0.3665, "amount": 20064.0, "side": "buy", "timestamp": 1766014879738}, {"id": "546997972", "price": 0.3666, "amount": 81.0, "side": "buy", "timestamp": 1766014880173}, {"id": "546997973", "price": 0.3666, "amount": 33.0, "side": "buy", "timestamp": 1766014883130}, {"id": "546997974", "price": 0.3665, "amount": 34.0, "side": "sell", "timestamp": 1766014883135}, {"id": "546997975", "price": 0.3665, "amount": 516.0, "side": "sell", "timestamp": 1766014883322}, {"id": "546997976", "price": 0.3666, "amount": 33.0, "side": "buy", "timestamp": 1766014883641}, {"id": "546997977", "price": 0.3666, "amount": 84.0, "side": "buy", "timestamp": 1766014885068}, {"id": "546997978", "price": 0.3665, "amount": 37.0, "side": "sell", "timestamp": 1766014888453}, {"id": "546997979", "price": 0.3665, "amount": 29.0, "side": "sell", "timestamp": 1766014889336}, {"id": "546997980", "price": 0.3665, "amount": 17.0, "side": "sell", "timestamp": 1766014889692}, {"id": "546997981", "price": 0.3665, "amount": 115.0, "side": "sell", "timestamp": 1766014889900}, {"id": "546997982", "price": 0.3666, "amount": 1265.0, "side": "buy", "timestamp": 1766014890108}, {"id": "546997983", "price": 0.3665, "amount": 15.0, "side": "sell", "timestamp": 1766014890956}, {"id": "546997984", "price": 0.3666, "amount": 891.0, "side": "buy", "timestamp": 1766014892710}, {"id": "546997985", "price": 0.3665, "amount": 22.0, "side": "sell", "timestamp": 1766014893491}, {"id": "546998019", "price": 0.3666, "amount": 63.0, "side": "sell", "timestamp": 1766014922325}, {"id": "546998020", "price": 0.3667, "amount": 100.0, "side": "buy", "timestamp": 1766014922997}, {"id": "546998021", "price": 0.3666, "amount": 20.0, "side": "sell", "timestamp": 1766014924910}, {"id": "546998022", "price": 0.3667, "amount": 52.0, "side": "buy", "timestamp": 1766014924997}, {"id": "546998023", "price": 0.3667, "amount": 74.0, "side": "buy", "timestamp": 1766014925498}, {"id": "546998024", "price": 0.3666, "amount": 31.0, "side": "sell", "timestamp": 1766014925573}, {"id": "546998025", "price": 0.3666, "amount": 19.0, "side": "sell", "timestamp": 1766014926073}, {"id": "546998026", "price": 0.3667, "amount": 2356.0, "side": "buy", "timestamp": 1766014928660}, {"id": "546998027", "price": 0.3666, "amount": 123.0, "side": "sell", "timestamp": 1766014930773}, {"id": "546998028", "price": 0.3667, "amount": 2077.0, "side": "buy", "timestamp": 1766014931069}, {"id": "546998029", "price": 0.3666, "amount": 18.0, "side": "sell", "timestamp": 1766014934557}, {"id": "546998030", "price": 0.3666, "amount": 34.0, "side": "sell", "timestamp": 1766014934703}, {"id": "546998031", "price": 0.3666, "amount": 20.0, "side": "sell", "timestamp": 1766014935078}, {"id": "546998032", "price": 0.3666, "amount": 26.0, "side": "sell", "timestamp": 1766014936876}, {"id": "546998033", "price": 0.3667, "amount": 109.0, "side": "buy", "timestamp": 1766014937305}, {"id": "546998034", "price": 0.3667, "amount": 40.0, "side": "buy", "timestamp": 1766014937485}, {"id": "546998035", "price": 0.3666, "amount": 27.0, "side": "sell", "timestamp": 1766014938303}, {"id": "546998036", "price": 0.3666, "amount": 36.0, "side": "sell", "timestamp": 1766014939065}, {"id": "546998037", "price": 0.3667, "amount": 158.0, "side": "buy", "timestamp": 1766014939744}, {"id": "546998038", "price": 0.3667, "amount": 513.0, "side": "buy", "timestamp": 1766014940016}, {"id": "546998039", "price": 0.3667, "amount": 996.0, "side": "buy", "timestamp": 1766014940239}, {"id": "546998040", "price": 0.3666, "amount": 153.0, "side": "sell", "timestamp": 1766014940433}, {"id": "546998041", "price": 0.3667, "amount": 331.0, "side": "buy", "timestamp": 1766014940585}, {"id": "546998042", "price": 0.3667, "amount": 29.0, "side": "buy", "timestamp": 1766014941000}, {"id": "546998043", "price": 0.3666, "amount": 17.0, "side": "sell", "timestamp": 1766014941276}, {"id": "546998044", "price": 0.3666, "amount": 34.0, "side": "sell", "timestamp": 1766014941432}, {"id": "546998045", "price": 0.3666, "amount": 20.0, "side": "sell", "timestamp": 1766014941690}, {"id": "546998046", "price": 0.3666, "amount": 20.0, "side": "sell", "timestamp": 1766014943950}, {"id": "546998047", "price": 0.3667, "amount": 14280.0, "side": "buy", "timestamp": 1766014943970}, {"id": "546998048", "price": 0.3668, "amount": 15.0, "side": "buy", "timestamp": 1766014944208}, {"id": "546998049", "price": 0.3667, "amount": 1096.0, "side": "sell", "timestamp": 1766014944315}, {"id": "546998050", "price": 0.3667, "amount": 49.0, "side": "sell", "timestamp": 1766014944576}, {"id": "546998051", "price": 0.3668, "amount": 20.0, "side": "buy", "timestamp": 1766014945088}, {"id": "546998052", "price": 0.3668, "amount": 21786.0, "side": "buy", "timestamp": 1766014946442}, {"id": "546998053", "price": 0.3668, "amount": 1928.0, "side": "buy", "timestamp": 1766014946594}, {"id": "546998054", "price": 0.3668, "amount": 813.0, "side": "buy", "timestamp": 1766014946774}, {"id": "546998055", "price": 0.3668, "amount": 651.0, "side": "buy", "timestamp": 1766014947501}, {"id": "546998056", "price": 0.3668, "amount": 99.0, "side": "buy", "timestamp": 1766014947913}, {"id": "546998057", "price": 0.3668, "amount": 69.0, "side": "buy", "timestamp": 1766014948727}, {"id": "546998058", "price": 0.3668, "amount": 242.0, "side": "buy", "timestamp": 1766014949277}, {"id": "546998059", "price": 0.3668, "amount": 218.0, "side": "buy", "timestamp": 1766014949459}, {"id": "546998060", "price": 0.3667, "amount": 69.0, "side": "sell", "timestamp": 1766014949464}, {"id": "546998061", "price": 0.3668, "amount": 251.0, "side": "buy", "timestamp": 1766014949617}, {"id": "546998062", "price": 0.3668, "amount": 28.0, "side": "buy", "timestamp": 1766014950350}, {"id": "546998063", "price": 0.3668, "amount": 553.0, "side": "buy", "timestamp": 1766014950513}, {"id": "546998064", "price": 0.3668, "amount": 625.0, "side": "buy", "timestamp": 1766014950623}, {"id": "546998065", "price": 0.3668, "amount": 158.0, "side": "buy", "timestamp": 1766014950788}, {"id": "546998066", "price": 0.3668, "amount": 706.0, "side": "buy", "timestamp": 1766014950926}, {"id": "546998067", "price": 0.3667, "amount": 19.0, "side": "sell", "timestamp": 1766014950963}, {"id": "546998068", "price": 0.3668, "amount": 57.0, "side": "buy", "timestamp": 1766014951103}, {"id": "546998106", "price": 0.3668, "amount": 213.0, "side": "sell", "timestamp": 1766014976566}, {"id": "546998107", "price": 0.3669, "amount": 1454.0, "side": "buy", "timestamp": 1766014976966}, {"id": "546998108", "price": 0.3668, "amount": 19.0, "side": "sell", "timestamp": 1766014980670}, {"id": "546998109", "price": 0.3668, "amount": 23.0, "side": "sell", "timestamp": 1766014981048}, {"id": "546998110", "price": 0.3668, "amount": 133.0, "side": "sell", "timestamp": 1766014981433}, {"id": "546998111", "price": 0.3668, "amount": 2972.0, "side": "sell", "timestamp": 1766014982043}, {"id": "546998112", "price": 0.3669, "amount": 20.0, "side": "buy", "timestamp": 1766014982169}, {"id": "546998113", "price": 0.3668, "amount": 139.0, "side": "sell", "timestamp": 1766014982619}, {"id": "546998114", "price": 0.3668, "amount": 55.0, "side": "sell", "timestamp": 1766014983188}, {"id": "546998115", "price": 0.3668, "amount": 19.0, "side": "sell", "timestamp": 1766014984422}, {"id": "546998116", "price": 0.3669, "amount": 20.0, "side": "buy", "timestamp": 1766014985024}, {"id": "546998117", "price": 0.3669, "amount": 57.0, "side": "buy", "timestamp": 1766014985179}, {"id": "546998118", "price": 0.3668, "amount": 176384.0, "side": "sell", "timestamp": 1766014987325}, {"id": "546998119", "price": 0.3667, "amount": 295.0, "side": "sell", "timestamp": 1766014988309}, {"id": "546998120", "price": 0.3667, "amount": 14.0, "side": "sell", "timestamp": 1766014988458}, {"id": "546998121", "price": 0.3668, "amount": 33.0, "side": "buy", "timestamp": 1766014991640}, {"id": "546998122", "price": 0.3667, "amount": 29.0, "side": "sell", "timestamp": 1766014992125}, {"id": "546998123", "price": 0.3667, "amount": 38539.0, "side": "sell", "timestamp": 1766014993240}, {"id": "546998124", "price": 0.3666, "amount": 17.0, "side": "sell", "timestamp": 1766014993856}, {"id": "546998125", "price": 0.3667, "amount": 8178.0, "side": "buy", "timestamp": 1766014994948}, {"id": "546998126", "price": 0.3667, "amount": 97.0, "side": "buy", "timestamp": 1766014997195}, {"id": "546998127", "price": 0.3666, "amount": 18.0, "side": "sell", "timestamp": 1766014999421}, {"id": "546998128", "price": 0.3666, "amount": 14.0, "side": "sell", "timestamp": 1766014999585}, {"id": "546998129", "price": 0.3667, "amount": 854.0, "side": "buy", "timestamp": 1766014999753}, {"id": "546998130", "price": 0.3666, "amount": 14.0, "side": "sell", "timestamp": 1766014999800}, {"id": "546998131", "price": 0.3667, "amount": 621.0, "side": "buy", "timestamp": 1766015000204}, {"id": "546998132", "price": 0.3667, "amount": 2164.0, "side": "buy", "timestamp": 1766015000457}, {"id": "546998133", "price": 0.3666, "amount": 14.0, "side": "sell", "timestamp": 1766015000564}, {"id": "546998134", "price": 0.3667, "amount": 321.0, "side": "buy", "timestamp": 1766015000672}, {"id": "546998135", "price": 0.3666, "amount": 30.0, "side": "sell", "timestamp": 1766015000912}, {"id": "546998136", "price": 0.3667, "amount": 342.0, "side": "buy", "timestamp": 1766015000913}, {"id": "546998137", "price": 0.3666, "amount": 23.0, "side": "sell", "timestamp": 1766015002505}, {"id": "546998138", "price": 0.3667, "amount": 240.0, "side": "buy", "timestamp": 1766015002832}, {"id": "546998139", "price": 0.3666, "amount": 20.0, "side": "sell", "timestamp": 1766015003228}, {"id": "546998140", "price": 0.3666, "amount": 75.0, "side": "sell", "timestamp": 1766015004097}, {"id": "546998141", "price": 0.3667, "amount": 97.0, "side": "buy", "timestamp": 1766015005097}, {"id": "546998142", "price": 0.3667, "amount": 149.0, "side": "buy", "timestamp": 1766015005336}, {"id": "546998143", "price": 0.3667, "amount": 382.0, "side": "buy", "timestamp": 1766015005965}, {"id": "546998144", "price": 0.3667, "amount": 1015.0, "side": "buy", "timestamp": 1766015006099}, {"id": "546998145", "price": 0.3667, "amount": 881.0, "side": "buy", "timestamp": 1766015006241}, {"id": "546998146", "price": 0.3667, "amount": 19877.0, "side": "buy", "timestamp": 1766015006398}, {"id": "546998147", "price": 0.3668, "amount": 24491.0, "side": "buy", "timestamp": 1766015006481}, {"id": "546998148", "price": 0.3667, "amount": 1138.0, "side": "sell", "timestamp": 1766015006519}, {"id": "546998149", "price": 0.3668, "amount": 1532.0, "side": "buy", "timestamp": 1766015006931}, {"id": "546998150", "price": 0.3668, "amount": 43.0, "side": "buy", "timestamp": 1766015007319}, {"id": "546998151", "price": 0.3668, "amount": 177.0, "side": "buy", "timestamp": 1766015007496}, {"id": "546998152", "price": 0.3668, "amount": 3136.0, "side": "buy", "timestamp": 1766015007903}, {"id": "546998153", "price": 0.3668, "amount": 134.0, "side": "buy", "timestamp": 1766015008180}, {"id": "546998154", "price": 0.3668, "amount": 506.0, "side": "buy", "timestamp": 1766015009481}, {"id": "546998155", "price": 0.3668, "amount": 436.0, "side": "buy", "timestamp": 1766015009618}, {"id": "546998160", "price": 0.3667, "amount": 19.0, "side": "sell", "timestamp": 1766015011791}, {"id": "546998161", "price": 0.3667, "amount": 18.0, "side": "sell", "timestamp": 1766015013307}, {"id": "546998162", "price": 0.3667, "amount": 20.0, "side": "sell", "timestamp": 1766015018723}, {"id": "546998163", "price": 0.3667, "amount": 31.0, "side": "sell", "timestamp": 1766015019320}, {"id": "546998164", "price": 0.3667, "amount": 17.0, "side": "sell", "timestamp": 1766015019955}, {"id": "546998165", "price": 0.3668, "amount": 14.0, "side": "buy", "timestamp": 1766015020148}, {"id": "546998166", "price": 0.3667, "amount": 16.0, "side": "sell", "timestamp": 1766015020228}, {"id": "546998167", "price": 0.3667, "amount": 18.0, "side": "sell", "timestamp": 1766015025652}, {"id": "546998168", "price": 0.3667, "amount": 36.0, "side": "sell", "timestamp": 1766015026763}, {"id": "546998169", "price": 0.3667, "amount": 14.0, "side": "sell", "timestamp": 1766015027057}, {"id": "546998170", "price": 0.3668, "amount": 33.0, "side": "buy", "timestamp": 1766015027642}, {"id": "546998171", "price": 0.3667, "amount": 20.0, "side": "sell", "timestamp": 1766015029322}, {"id": "546998172", "price": 0.3667, "amount": 28.0, "side": "sell", "timestamp": 1766015030216}, {"id": "546998173", "price": 0.3667, "amount": 148.0, "side": "sell", "timestamp": 1766015032254}, {"id": "546998174", "price": 0.3667, "amount": 402.0, "side": "sell", "timestamp": 1766015033380}, {"id": "546998175", "price": 0.3667, "amount": 14.0, "side": "sell", "timestamp": 1766015033487}, {"id": "546998176", "price": 0.3667, "amount": 25041.0, "side": "sell", "timestamp": 1766015035358}, {"id": "546998177", "price": 0.3667, "amount": 14389.0, "side": "buy", "timestamp": 1766015037565}, {"id": "546998178", "price": 0.3666, "amount": 34.0, "side": "sell", "timestamp": 1766015038905}, {"id": "546998179", "price": 0.3667, "amount": 11.0, "side": "buy", "timestamp": 1766015040067}, {"id": "546998180", "price": 0.3666, "amount": 86.0, "side": "sell", "timestamp": 1766015041174}, {"id": "546998181", "price": 0.3666, "amount": 1363.0, "side": "sell", "timestamp": 1766015041415}, {"id": "546998182", "price": 0.3667, "amount": 57.0, "side": "buy", "timestamp": 1766015044286}, {"id": "546998183", "price": 0.3666, "amount": 30124.0, "side": "sell", "timestamp": 1766015044712}, {"id": "546998184", "price": 0.3665, "amount": 869.0, "side": "sell", "timestamp": 1766015044715}, {"id": "546998185", "price": 0.3666, "amount": 17.0, "side": "buy", "timestamp": 1766015045094}, {"id": "546998186", "price": 0.3665, "amount": 19.0, "side": "sell", "timestamp": 1766015045170}, {"id": "546998187", "price": 0.3666, "amount": 15.0, "side": "buy", "timestamp": 1766015045387}, {"id": "546998188", "price": 0.3665, "amount": 2472.0, "side": "sell", "timestamp": 1766015045664}, {"id": "546998189", "price": 0.3666, "amount": 67.0, "side": "buy", "timestamp": 1766015046373}, {"id": "546998190", "price": 0.3666, "amount": 1007.0, "side": "buy", "timestamp": 1766015047120}, {"id": "546998191", "price": 0.3666, "amount": 86.0, "side": "buy", "timestamp": 1766015050452}, {"id": "546998192", "price": 0.3666, "amount": 20.0, "side": "buy", "timestamp": 1766015051884}, {"id": "546998193", "price": 0.3665, "amount": 42910.0, "side": "sell", "timestamp": 1766015051902}, {"id": "546998194", "price": 0.3665, "amount": 483.0, "side": "buy", "timestamp": 1766015054748}, {"id": "546998195", "price": 0.3665, "amount": 7174.0, "side": "buy", "timestamp": 1766015055087}, {"id": "546998196", "price": 0.3665, "amount": 28.0, "side": "sell", "timestamp": 1766015056072}, {"id": "546998197", "price": 0.3665, "amount": 2370.0, "side": "buy", "timestamp": 1766015058801}, {"id": "546998198", "price": 0.3666, "amount": 43.0, "side": "buy", "timestamp": 1766015059319}, {"id": "546998199", "price": 0.3666, "amount": 17.0, "side": "buy", "timestamp": 1766015060266}, {"id": "546998200", "price": 0.3665, "amount": 15.0, "side": "sell", "timestamp": 1766015060572}, {"id": "546998201", "price": 0.3666, "amount": 17.0, "side": "buy", "timestamp": 1766015060624}, {"id": "546998202", "price": 0.3665, "amount": 15.0, "side": "sell", "timestamp": 1766015062296}, {"id": "546998203", "price": 0.3665, "amount": 15.0, "side": "sell", "timestamp": 1766015062648}, {"id": "546998204", "price": 0.3665, "amount": 15.0, "side": "sell", "timestamp": 1766015062995}, {"id": "546998205", "price": 0.3665, "amount": 18.0, "side": "sell", "timestamp": 1766015063599}, {"id": "546998206", "price": 0.3666, "amount": 33.0, "side": "buy", "timestamp": 1766015063650}, {"id": "546998207", "price": 0.3666, "amount": 114.0, "side": "buy", "timestamp": 1766015064263}, {"id": "546998208", "price": 0.3665, "amount": 23.0, "side": "sell", "timestamp": 1766015064979}, {"id": "546998209", "price": 0.3666, "amount": 44.0, "side": "buy", "timestamp": 1766015065908}, {"id": "546998208", "price": 0.3665, "amount": 23.0, "side": "sell", "timestamp": 1766015064979}, {"id": "546998209", "price": 0.3666, "amount": 44.0, "side": "buy", "timestamp": 1766015065908}, {"id": "546998210", "price": 0.3666, "amount": 42.0, "side": "buy", "timestamp": 1766015071982}, {"id": "546998211", "price": 0.3665, "amount": 272.0, "side": "sell", "timestamp": 1766015073353}, {"id": "546998212", "price": 0.3665, "amount": 1167.0, "side": "sell", "timestamp": 1766015073554}, {"id": "546998213", "price": 0.3665, "amount": 1329.0, "side": "sell", "timestamp": 1766015073958}, {"id": "546998214", "price": 0.3666, "amount": 21793.0, "side": "buy", "timestamp": 1766015077952}, {"id": "546998215", "price": 0.3665, "amount": 993.0, "side": "sell", "timestamp": 1766015083593}, {"id": "546998216", "price": 0.3665, "amount": 138.0, "side": "sell", "timestamp": 1766015084009}, {"id": "546998217", "price": 0.3665, "amount": 592.0, "side": "sell", "timestamp": 1766015084152}, {"id": "546998218", "price": 0.3665, "amount": 717.0, "side": "sell", "timestamp": 1766015084362}, {"id": "546998219", "price": 0.3665, "amount": 16.0, "side": "sell", "timestamp": 1766015084904}, {"id": "546998220", "price": 0.3665, "amount": 940.0, "side": "sell", "timestamp": 1766015087323}, {"id": "546998221", "price": 0.3666, "amount": 954.0, "side": "buy", "timestamp": 1766015087674}, {"id": "546998222", "price": 0.3665, "amount": 15772.0, "side": "sell", "timestamp": 1766015087911}, {"id": "546998223", "price": 0.3664, "amount": 22.0, "side": "sell", "timestamp": 1766015091071}, {"id": "546998224", "price": 0.3664, "amount": 23.0, "side": "sell", "timestamp": 1766015094423}, {"id": "546998225", "price": 0.3665, "amount": 151.0, "side": "buy", "timestamp": 1766015097237}, {"id": "546998226", "price": 0.3664, "amount": 23.0, "side": "sell", "timestamp": 1766015097611}, {"id": "546998227", "price": 0.3664, "amount": 91.0, "side": "sell", "timestamp": 1766015098723}, {"id": "546998228", "price": 0.3665, "amount": 33.0, "side": "buy", "timestamp": 1766015099642}, {"id": "546998229", "price": 0.3664, "amount": 30.0, "side": "sell", "timestamp": 1766015099770}, {"id": "546998230", "price": 0.3665, "amount": 20274.0, "side": "buy", "timestamp": 1766015100100}, {"id": "546998231", "price": 0.3666, "amount": 19757.0, "side": "buy", "timestamp": 1766015100192}, {"id": "546998232", "price": 0.3665, "amount": 176.0, "side": "sell", "timestamp": 1766015101084}, {"id": "546998233", "price": 0.3666, "amount": 23.0, "side": "buy", "timestamp": 1766015103203}, {"id": "546998234", "price": 0.3665, "amount": 1364.0, "side": "sell", "timestamp": 1766015103977}, {"id": "546998235", "price": 0.3666, "amount": 2.0, "side": "buy", "timestamp": 1766015104712}, {"id": "546998236", "price": 0.3666, "amount": 32.0, "side": "buy", "timestamp": 1766015105439}, {"id": "546998237", "price": 0.3666, "amount": 21.0, "side": "buy", "timestamp": 1766015105984}, {"id": "546998238", "price": 0.3666, "amount": 24.0, "side": "buy", "timestamp": 1766015106085}, {"id": "546998239", "price": 0.3665, "amount": 26.0, "side": "sell", "timestamp": 1766015106928}, {"id": "546998240", "price": 0.3665, "amount": 261.0, "side": "sell", "timestamp": 1766015107053}, {"id": "546998241", "price": 0.3666, "amount": 1706.0, "side": "buy", "timestamp": 1766015107412}, {"id": "546998242", "price": 0.3666, "amount": 246.0, "side": "buy", "timestamp": 1766015108979}, {"id": "546998243", "price": 0.3666, "amount": 67.0, "side": "buy", "timestamp": 1766015109605}, {"id": "546998244", "price": 0.3665, "amount": 41841.0, "side": "sell", "timestamp": 1766015109716}, {"id": "546998245", "price": 0.3666, "amount": 73.0, "side": "buy", "timestamp": 1766015109746}, {"id": "546998246", "price": 0.3665, "amount": 272.0, "side": "sell", "timestamp": 1766015115891}, {"id": "546998247", "price": 0.3665, "amount": 233.0, "side": "sell", "timestamp": 1766015118052}, {"id": "546998248", "price": 0.3665, "amount": 16.0, "side": "sell", "timestamp": 1766015118330}, {"id": "546998249", "price": 0.3665, "amount": 37.0, "side": "sell", "timestamp": 1766015119379}, {"id": "546998250", "price": 0.3665, "amount": 9835.0, "side": "sell", "timestamp": 1766015120306}, {"id": "546998251", "price": 0.3665, "amount": 872.0, "side": "sell", "timestamp": 1766015120574}, {"id": "546998252", "price": 0.3665, "amount": 173.0, "side": "sell", "timestamp": 1766015122090}, {"id": "546998253", "price": 0.3665, "amount": 25.0, "side": "sell", "timestamp": 1766015122886}, {"id": "546998254", "price": 0.3666, "amount": 561.0, "side": "buy", "timestamp": 1766015123369}, {"id": "546998255", "price": 0.3665, "amount": 31.0, "side": "sell", "timestamp": 1766015123716}, {"id": "546998256", "price": 0.3666, "amount": 2182.0, "side": "buy", "timestamp": 1766015123975}, {"id": "546998257", "price": 0.3665, "amount": 22.0, "side": "sell", "timestamp": 1766015124453}, {"id": "546998255", "price": 0.3665, "amount": 31.0, "side": "sell", "timestamp": 1766015123716}, {"id": "546998256", "price": 0.3666, "amount": 2182.0, "side": "buy", "timestamp": 1766015123975}, {"id": "546998257", "price": 0.3665, "amount": 22.0, "side": "sell", "timestamp": 1766015124453}, {"id": "546998258", "price": 0.3665, "amount": 15.0, "side": "sell", "timestamp": 1766015126556}, {"id": "546998259", "price": 0.3665, "amount": 23.0, "side": "sell", "timestamp": 1766015127763}, {"id": "546998260", "price": 0.3666, "amount": 818.0, "side": "buy", "timestamp": 1766015127903}, {"id": "546998261", "price": 0.3666, "amount": 43.0, "side": "buy", "timestamp": 1766015131177}, {"id": "546998262", "price": 0.3666, "amount": 183.0, "side": "buy", "timestamp": 1766015132338}, {"id": "546998263", "price": 0.3665, "amount": 23.0, "side": "sell", "timestamp": 1766015133775}, {"id": "546998264", "price": 0.3666, "amount": 33.0, "side": "buy", "timestamp": 1766015135653}, {"id": "546998265", "price": 0.3666, "amount": 23946.0, "side": "buy", "timestamp": 1766015137597}, {"id": "546998266", "price": 0.3667, "amount": 53331.0, "side": "buy", "timestamp": 1766015137624}, {"id": "546998267", "price": 0.3667, "amount": 272.0, "side": "sell", "timestamp": 1766015137797}, {"id": "546998268", "price": 0.3667, "amount": 42.0, "side": "sell", "timestamp": 1766015138000}, {"id": "546998269", "price": 0.3666, "amount": 15.0, "side": "sell", "timestamp": 1766015139242}, {"id": "546998270", "price": 0.3666, "amount": 13635.0, "side": "sell", "timestamp": 1766015140473}, {"id": "546998271", "price": 0.3667, "amount": 89.0, "side": "buy", "timestamp": 1766015141748}, {"id": "546998272", "price": 0.3666, "amount": 14.0, "side": "sell", "timestamp": 1766015142853}, {"id": "546998273", "price": 0.3667, "amount": 27759.0, "side": "buy", "timestamp": 1766015143720}, {"id": "546998274", "price": 0.3667, "amount": 18.0, "side": "sell", "timestamp": 1766015146856}, {"id": "546998275", "price": 0.3668, "amount": 10.0, "side": "buy", "timestamp": 1766015146896}, {"id": "546998276", "price": 0.3668, "amount": 299.0, "side": "buy", "timestamp": 1766015149942}, {"id": "546998277", "price": 0.3668, "amount": 228.0, "side": "buy", "timestamp": 1766015150210}, {"id": "546998278", "price": 0.3667, "amount": 214.0, "side": "sell", "timestamp": 1766015151416}, {"id": "546998279", "price": 0.3668, "amount": 1747.0, "side": "buy", "timestamp": 1766015153765}, {"id": "546998280", "price": 0.3667, "amount": 14.0, "side": "sell", "timestamp": 1766015156384}, {"id": "546998281", "price": 0.3667, "amount": 171.0, "side": "sell", "timestamp": 1766015157351}, {"id": "546998282", "price": 0.3667, "amount": 24.0, "side": "sell", "timestamp": 1766015158020}, {"id": "546998283", "price": 0.3667, "amount": 23.0, "side": "sell", "timestamp": 1766015158699}, {"id": "546998284", "price": 0.3667, "amount": 133.0, "side": "sell", "timestamp": 1766015160163}, {"id": "546998285", "price": 0.3667, "amount": 18908.0, "side": "sell", "timestamp": 1766015160894}, {"id": "546998286", "price": 0.3666, "amount": 131.0, "side": "sell", "timestamp": 1766015161414}, {"id": "546998287", "price": 0.3666, "amount": 35.0, "side": "sell", "timestamp": 1766015161598}, {"id": "546998288", "price": 0.3667, "amount": 270.0, "side": "buy", "timestamp": 1766015161710}, {"id": "546998289", "price": 0.3667, "amount": 381.0, "side": "sell", "timestamp": 1766015161760}, {"id": "546998290", "price": 0.3668, "amount": 46.0, "side": "buy", "timestamp": 1766015162076}, {"id": "546998291", "price": 0.3667, "amount": 758.0, "side": "sell", "timestamp": 1766015163571}, {"id": "546998292", "price": 0.3667, "amount": 14.0, "side": "buy", "timestamp": 1766015165043}, {"id": "546998293", "price": 0.3667, "amount": 646.0, "side": "buy", "timestamp": 1766015165732}, {"id": "546998294", "price": 0.3666, "amount": 26.0, "side": "sell", "timestamp": 1766015165919}, {"id": "546998295", "price": 0.3667, "amount": 1363.0, "side": "buy", "timestamp": 1766015167088}, {"id": "546998296", "price": 0.3667, "amount": 67.0, "side": "buy", "timestamp": 1766015169774}, {"id": "546998297", "price": 0.3666, "amount": 76.0, "side": "sell", "timestamp": 1766015170575}, {"id": "546998298", "price": 0.3667, "amount": 33.0, "side": "buy", "timestamp": 1766015171641}, {"id": "546998299", "price": 0.3667, "amount": 1671.0, "side": "buy", "timestamp": 1766015172296}, {"id": "546998300", "price": 0.3667, "amount": 61.0, "side": "buy", "timestamp": 1766015172748}, {"id": "546998301", "price": 0.3666, "amount": 13005.0, "side": "sell", "timestamp": 1766015177772}, {"id": "546998302", "price": 0.3666, "amount": 179.0, "side": "sell", "timestamp": 1766015177901}, {"id": "546998303", "price": 0.3666, "amount": 77.0, "side": "sell", "timestamp": 1766015178611}, {"id": "546998304", "price": 0.3666, "amount": 17.0, "side": "sell", "timestamp": 1766015179795}, {"id": "546998308", "price": 0.3667, "amount": 45.0, "side": "buy", "timestamp": 1766015186145}, {"id": "546998309", "price": 0.3666, "amount": 272.0, "side": "sell", "timestamp": 1766015186225}, {"id": "546998310", "price": 0.3666, "amount": 741.0, "side": "sell", "timestamp": 1766015186631}, {"id": "546998311", "price": 0.3666, "amount": 48.0, "side": "sell", "timestamp": 1766015187128}, {"id": "546998312", "price": 0.3667, "amount": 19.0, "side": "buy", "timestamp": 1766015187193}, {"id": "546998313", "price": 0.3666, "amount": 15.0, "side": "sell", "timestamp": 1766015187610}, {"id": "546998314", "price": 0.3667, "amount": 28.0, "side": "buy", "timestamp": 1766015188675}, {"id": "546998315", "price": 0.3667, "amount": 44.0, "side": "buy", "timestamp": 1766015188913}, {"id": "546998316", "price": 0.3666, "amount": 22.0, "side": "sell", "timestamp": 1766015189482}, {"id": "546998317", "price": 0.3667, "amount": 13742.0, "side": "buy", "timestamp": 1766015193623}, {"id": "546998318", "price": 0.3667, "amount": 43.0, "side": "sell", "timestamp": 1766015194209}, {"id": "546998319", "price": 0.3668, "amount": 19.0, "side": "buy", "timestamp": 1766015197217}, {"id": "546998320", "price": 0.3667, "amount": 37.0, "side": "sell", "timestamp": 1766015197365}, {"id": "546998321", "price": 0.3668, "amount": 32.0, "side": "buy", "timestamp": 1766015198447}, {"id": "546998322", "price": 0.3668, "amount": 44.0, "side": "buy", "timestamp": 1766015199737}, {"id": "546998323", "price": 0.3667, "amount": 2806.0, "side": "sell", "timestamp": 1766015200693}, {"id": "546998324", "price": 0.3667, "amount": 34.0, "side": "sell", "timestamp": 1766015202094}, {"id": "546998325", "price": 0.3668, "amount": 16.0, "side": "buy", "timestamp": 1766015202817}, {"id": "546998326", "price": 0.3668, "amount": 32297.0, "side": "buy", "timestamp": 1766015203034}, {"id": "546998327", "price": 0.3669, "amount": 1200.0, "side": "buy", "timestamp": 1766015203053}, {"id": "546998328", "price": 0.3668, "amount": 34.0, "side": "sell", "timestamp": 1766015205207}, {"id": "546998329", "price": 0.3668, "amount": 20.0, "side": "sell", "timestamp": 1766015206654}, {"id": "546998330", "price": 0.3669, "amount": 144.0, "side": "buy", "timestamp": 1766015207320}, {"id": "546998331", "price": 0.3669, "amount": 33.0, "side": "buy", "timestamp": 1766015207643}, {"id": "546998332", "price": 0.3668, "amount": 16.0, "side": "sell", "timestamp": 1766015208528}, {"id": "546998333", "price": 0.3669, "amount": 3700.0, "side": "buy", "timestamp": 1766015209064}, {"id": "546998334", "price": 0.3669, "amount": 27.0, "side": "buy", "timestamp": 1766015210060}, {"id": "546998335", "price": 0.3668, "amount": 20.0, "side": "sell", "timestamp": 1766015211125}, {"id": "546998336", "price": 0.3669, "amount": 20.0, "side": "buy", "timestamp": 1766015211825}, {"id": "546998337", "price": 0.3669, "amount": 36.0, "side": "buy", "timestamp": 1766015213015}, {"id": "546998338", "price": 0.3668, "amount": 32.0, "side": "sell", "timestamp": 1766015215268}, {"id": "546998339", "price": 0.3669, "amount": 157.0, "side": "buy", "timestamp": 1766015217086}, {"id": "546998340", "price": 0.3668, "amount": 16.0, "side": "sell", "timestamp": 1766015217229}, {"id": "546998341", "price": 0.3668, "amount": 19.0, "side": "sell", "timestamp": 1766015220377}, {"id": "546998342", "price": 0.3668, "amount": 84.0, "side": "sell", "timestamp": 1766015221033}, {"id": "546998343", "price": 0.3669, "amount": 28.0, "side": "buy", "timestamp": 1766015221505}, {"id": "546998344", "price": 0.3669, "amount": 56.0, "side": "buy", "timestamp": 1766015222946}, {"id": "546998345", "price": 0.3669, "amount": 14.0, "side": "buy", "timestamp": 1766015224271}, {"id": "546998346", "price": 0.3669, "amount": 38.0, "side": "buy", "timestamp": 1766015225106}, {"id": "546998347", "price": 0.3669, "amount": 32.0, "side": "buy", "timestamp": 1766015225788}, {"id": "546998348", "price": 0.3669, "amount": 2817.0, "side": "buy", "timestamp": 1766015226105}, {"id": "546998349", "price": 0.3668, "amount": 22.0, "side": "sell", "timestamp": 1766015226820}, {"id": "546998350", "price": 0.3669, "amount": 25.0, "side": "buy", "timestamp": 1766015226959}, {"id": "546998351", "price": 0.3669, "amount": 1599.0, "side": "buy", "timestamp": 1766015227679}, {"id": "546998352", "price": 0.3668, "amount": 44.0, "side": "sell", "timestamp": 1766015229832}, {"id": "546998353", "price": 0.3668, "amount": 17.0, "side": "sell", "timestamp": 1766015230886}, {"id": "546998354", "price": 0.3669, "amount": 500.0, "side": "buy", "timestamp": 1766015232145}, {"id": "546998355", "price": 0.3668, "amount": 23.0, "side": "sell", "timestamp": 1766015236543}, {"id": "546998356", "price": 0.3668, "amount": 143124.0, "side": "sell", "timestamp": 1766015237041}, {"id": "546998357", "price": 0.3667, "amount": 21.0, "side": "sell", "timestamp": 1766015237062}, {"id": "546998365", "price": 0.3667, "amount": 3890.0, "side": "sell", "timestamp": 1766015248916}, {"id": "546998366", "price": 0.3668, "amount": 142.0, "side": "buy", "timestamp": 1766015250973}, {"id": "546998367", "price": 0.3668, "amount": 32.0, "side": "buy", "timestamp": 1766015251999}, {"id": "546998368", "price": 0.3668, "amount": 104.0, "side": "buy", "timestamp": 1766015253383}, {"id": "546998369", "price": 0.3667, "amount": 20.0, "side": "sell", "timestamp": 1766015256795}, {"id": "546998370", "price": 0.3668, "amount": 43.0, "side": "buy", "timestamp": 1766015257726}, {"id": "546998371", "price": 0.3667, "amount": 2044.0, "side": "sell", "timestamp": 1766015258164}, {"id": "546998372", "price": 0.3668, "amount": 3028.0, "side": "buy", "timestamp": 1766015258248}, {"id": "546998373", "price": 0.3667, "amount": 58.0, "side": "sell", "timestamp": 1766015258788}, {"id": "546998374", "price": 0.3667, "amount": 340.0, "side": "sell", "timestamp": 1766015260365}, {"id": "546998375", "price": 0.3667, "amount": 39.0, "side": "sell", "timestamp": 1766015260576}, {"id": "546998376", "price": 0.3667, "amount": 204.0, "side": "sell", "timestamp": 1766015262921}, {"id": "546998377", "price": 0.3668, "amount": 20.0, "side": "buy", "timestamp": 1766015264386}, {"id": "546998378", "price": 0.3667, "amount": 109.0, "side": "sell", "timestamp": 1766015266550}, {"id": "546998379", "price": 0.3668, "amount": 201.0, "side": "buy", "timestamp": 1766015268776}, {"id": "546998380", "price": 0.3667, "amount": 24.0, "side": "sell", "timestamp": 1766015268913}, {"id": "546998381", "price": 0.3667, "amount": 48.0, "side": "sell", "timestamp": 1766015270107}, {"id": "546998382", "price": 0.3667, "amount": 122.0, "side": "sell", "timestamp": 1766015270731}, {"id": "546998383", "price": 0.3668, "amount": 5449.0, "side": "buy", "timestamp": 1766015270879}, {"id": "546998384", "price": 0.3668, "amount": 600.0, "side": "buy", "timestamp": 1766015276070}, {"id": "546998385", "price": 0.3668, "amount": 992.0, "side": "buy", "timestamp": 1766015276386}, {"id": "546998386", "price": 0.3668, "amount": 172.0, "side": "buy", "timestamp": 1766015277087}, {"id": "546998387", "price": 0.3667, "amount": 60477.0, "side": "sell", "timestamp": 1766015277965}, {"id": "546998388", "price": 0.3666, "amount": 110805.0, "side": "sell", "timestamp": 1766015277970}, {"id": "546998389", "price": 0.3665, "amount": 177971.0, "side": "sell", "timestamp": 1766015277971}, {"id": "546998390", "price": 0.3664, "amount": 1463.0, "side": "sell", "timestamp": 1766015277979}, {"id": "546998391", "price": 0.3665, "amount": 5453.0, "side": "buy", "timestamp": 1766015278039}, {"id": "546998392", "price": 0.3664, "amount": 272.0, "side": "sell", "timestamp": 1766015278137}, {"id": "546998393", "price": 0.3665, "amount": 1470.0, "side": "buy", "timestamp": 1766015278614}, {"id": "546998394", "price": 0.3664, "amount": 72.0, "side": "sell", "timestamp": 1766015278716}, {"id": "546998395", "price": 0.3665, "amount": 2726.0, "side": "buy", "timestamp": 1766015279074}, {"id": "546998396", "price": 0.3665, "amount": 33.0, "side": "buy", "timestamp": 1766015279638}, {"id": "546998397", "price": 0.3665, "amount": 7805.0, "side": "buy", "timestamp": 1766015280150}, {"id": "546998398", "price": 0.3664, "amount": 93.0, "side": "sell", "timestamp": 1766015281163}, {"id": "546998399", "price": 0.3665, "amount": 4244.0, "side": "buy", "timestamp": 1766015282032}, {"id": "546998400", "price": 0.3664, "amount": 4740.0, "side": "sell", "timestamp": 1766015282047}, {"id": "546998401", "price": 0.3664, "amount": 24.0, "side": "sell", "timestamp": 1766015282289}, {"id": "546998402", "price": 0.3665, "amount": 656.0, "side": "buy", "timestamp": 1766015282697}, {"id": "546998403", "price": 0.3665, "amount": 117.0, "side": "buy", "timestamp": 1766015285484}, {"id": "546998404", "price": 0.3664, "amount": 177.0, "side": "sell", "timestamp": 1766015285604}, {"id": "546998405", "price": 0.3665, "amount": 59.0, "side": "buy", "timestamp": 1766015286117}, {"id": "546998406", "price": 0.3665, "amount": 636.0, "side": "buy", "timestamp": 1766015288018}, {"id": "546998407", "price": 0.3664, "amount": 23.0, "side": "sell", "timestamp": 1766015288524}, {"id": "546998408", "price": 0.3665, "amount": 118.0, "side": "buy", "timestamp": 1766015289850}, {"id": "546998409", "price": 0.3664, "amount": 28.0, "side": "sell", "timestamp": 1766015292866}, {"id": "546998410", "price": 0.3664, "amount": 108.0, "side": "sell", "timestamp": 1766015295108}, {"id": "546998411", "price": 0.3664, "amount": 26.0, "side": "sell", "timestamp": 1766015296045}, {"id": "546998412", "price": 0.3665, "amount": 167.0, "side": "buy", "timestamp": 1766015297078}, {"id": "546998413", "price": 0.3664, "amount": 3315.0, "side": "sell", "timestamp": 1766015297303}, {"id": "546998414", "price": 0.3664, "amount": 6843.0, "side": "sell", "timestamp": 1766015297582}, {"id": "546998418", "price": 0.3664, "amount": 272.0, "side": "sell", "timestamp": 1766015303007}, {"id": "546998419", "price": 0.3665, "amount": 156.0, "side": "buy", "timestamp": 1766015304195}, {"id": "546998420", "price": 0.3664, "amount": 1882.0, "side": "sell", "timestamp": 1766015305381}, {"id": "546998421", "price": 0.3664, "amount": 88.0, "side": "sell", "timestamp": 1766015305690}, {"id": "546998422", "price": 0.3664, "amount": 24.0, "side": "sell", "timestamp": 1766015306575}, {"id": "546998423", "price": 0.3664, "amount": 88.0, "side": "sell", "timestamp": 1766015308909}, {"id": "546998424", "price": 0.3664, "amount": 300.0, "side": "sell", "timestamp": 1766015309171}, {"id": "546998425", "price": 0.3664, "amount": 71.0, "side": "sell", "timestamp": 1766015309812}, {"id": "546998426", "price": 0.3665, "amount": 100.0, "side": "buy", "timestamp": 1766015310008}, {"id": "546998427", "price": 0.3664, "amount": 20.0, "side": "sell", "timestamp": 1766015310481}, {"id": "546998428", "price": 0.3664, "amount": 16.0, "side": "sell", "timestamp": 1766015312172}, {"id": "546998429", "price": 0.3664, "amount": 88.0, "side": "sell", "timestamp": 1766015312673}, {"id": "546998430", "price": 0.3664, "amount": 10712.0, "side": "sell", "timestamp": 1766015313373}, {"id": "546998431", "price": 0.3664, "amount": 96.0, "side": "sell", "timestamp": 1766015314363}, {"id": "546998432", "price": 0.3664, "amount": 36.0, "side": "sell", "timestamp": 1766015314506}, {"id": "546998433", "price": 0.3665, "amount": 33.0, "side": "buy", "timestamp": 1766015315641}, {"id": "546998434", "price": 0.3664, "amount": 88.0, "side": "sell", "timestamp": 1766015316135}, {"id": "546998435", "price": 0.3664, "amount": 2728.0, "side": "sell", "timestamp": 1766015316416}, {"id": "546998436", "price": 0.3664, "amount": 4651.0, "side": "sell", "timestamp": 1766015316936}, {"id": "546998437", "price": 0.3665, "amount": 17.0, "side": "buy", "timestamp": 1766015317989}, {"id": "546998438", "price": 0.3664, "amount": 16.0, "side": "sell", "timestamp": 1766015320637}, {"id": "546998439", "price": 0.3664, "amount": 67.0, "side": "sell", "timestamp": 1766015322580}, {"id": "546998440", "price": 0.3664, "amount": 22172.0, "side": "sell", "timestamp": 1766015323072}, {"id": "546998441", "price": 0.3664, "amount": 136.0, "side": "buy", "timestamp": 1766015324391}, {"id": "546998442", "price": 0.3663, "amount": 60.0, "side": "sell", "timestamp": 1766015324820}, {"id": "546998443", "price": 0.3663, "amount": 108.0, "side": "sell", "timestamp": 1766015325899}, {"id": "546998444", "price": 0.3664, "amount": 416.0, "side": "buy", "timestamp": 1766015329329}, {"id": "546998445", "price": 0.3663, "amount": 89.0, "side": "sell", "timestamp": 1766015329710}, {"id": "546998446", "price": 0.3663, "amount": 82.0, "side": "sell", "timestamp": 1766015333259}, {"id": "546998447", "price": 0.3664, "amount": 38899.0, "side": "buy", "timestamp": 1766015335274}, {"id": "546998448", "price": 0.3664, "amount": 74.0, "side": "sell", "timestamp": 1766015335869}, {"id": "546998449", "price": 0.3663, "amount": 88.0, "side": "sell", "timestamp": 1766015336739}, {"id": "546998450", "price": 0.3664, "amount": 44.0, "side": "buy", "timestamp": 1766015337050}, {"id": "546998451", "price": 0.3664, "amount": 5375.0, "side": "buy", "timestamp": 1766015337968}, {"id": "546998452", "price": 0.3664, "amount": 88.0, "side": "sell", "timestamp": 1766015339878}, {"id": "546998453", "price": 0.3664, "amount": 177.0, "side": "sell", "timestamp": 1766015340308}, {"id": "546998454", "price": 0.3664, "amount": 24.0, "side": "sell", "timestamp": 1766015340767}, {"id": "546998455", "price": 0.3664, "amount": 105.0, "side": "sell", "timestamp": 1766015341189}, {"id": "546998456", "price": 0.3664, "amount": 88.0, "side": "sell", "timestamp": 1766015344098}, {"id": "546998457", "price": 0.3665, "amount": 14.0, "side": "buy", "timestamp": 1766015344432}, {"id": "546998458", "price": 0.3665, "amount": 50.0, "side": "buy", "timestamp": 1766015345591}, {"id": "546998459", "price": 0.3664, "amount": 88.0, "side": "sell", "timestamp": 1766015347110}, {"id": "546998460", "price": 0.3664, "amount": 4145.0, "side": "sell", "timestamp": 1766015347982}, {"id": "546998461", "price": 0.3664, "amount": 285.0, "side": "sell", "timestamp": 1766015349942}, {"id": "546998462", "price": 0.3665, "amount": 462.0, "side": "buy", "timestamp": 1766015350379}, {"id": "546998463", "price": 0.3664, "amount": 124.0, "side": "sell", "timestamp": 1766015350510}, {"id": "546998464", "price": 0.3665, "amount": 57.0, "side": "buy", "timestamp": 1766015351307}, {"id": "546998465", "price": 0.3665, "amount": 33.0, "side": "buy", "timestamp": 1766015351643}, {"id": "546998466", "price": 0.3664, "amount": 38835.0, "side": "sell", "timestamp": 1766015352893}, {"id": "546998467", "price": 0.3663, "amount": 16.0, "side": "sell", "timestamp": 1766015353175}, {"id": "546998478", "price": 0.3664, "amount": 2836.0, "side": "sell", "timestamp": 1766015365365}, {"id": "546998479", "price": 0.3664, "amount": 26.0, "side": "sell", "timestamp": 1766015366180}, {"id": "546998480", "price": 0.3665, "amount": 483.0, "side": "buy", "timestamp": 1766015367097}, {"id": "546998481", "price": 0.3664, "amount": 2626.0, "side": "sell", "timestamp": 1766015367099}, {"id": "546998482", "price": 0.3664, "amount": 1056.0, "side": "buy", "timestamp": 1766015367533}, {"id": "546998483", "price": 0.3663, "amount": 102.0, "side": "sell", "timestamp": 1766015367690}, {"id": "546998484", "price": 0.3664, "amount": 33.0, "side": "buy", "timestamp": 1766015369706}, {"id": "546998485", "price": 0.3663, "amount": 105.0, "side": "sell", "timestamp": 1766015370848}, {"id": "546998486", "price": 0.3663, "amount": 188.0, "side": "sell", "timestamp": 1766015373324}, {"id": "546998487", "price": 0.3663, "amount": 30.0, "side": "sell", "timestamp": 1766015373610}, {"id": "546998488", "price": 0.3663, "amount": 88.0, "side": "sell", "timestamp": 1766015375056}, {"id": "546998489", "price": 0.3664, "amount": 456.0, "side": "buy", "timestamp": 1766015376342}, {"id": "546998490", "price": 0.3664, "amount": 183.0, "side": "buy", "timestamp": 1766015377024}, {"id": "546998491", "price": 0.3663, "amount": 88.0, "side": "sell", "timestamp": 1766015378066}, {"id": "546998492", "price": 0.3664, "amount": 132.0, "side": "buy", "timestamp": 1766015379448}, {"id": "546998493", "price": 0.3664, "amount": 103.0, "side": "buy", "timestamp": 1766015380398}, {"id": "546998494", "price": 0.3663, "amount": 25.0, "side": "sell", "timestamp": 1766015381570}, {"id": "546998495", "price": 0.3664, "amount": 7858.0, "side": "buy", "timestamp": 1766015384659}, {"id": "546998496", "price": 0.3663, "amount": 14.0, "side": "sell", "timestamp": 1766015384710}, {"id": "546998497", "price": 0.3664, "amount": 696.0, "side": "buy", "timestamp": 1766015387646}, {"id": "546998498", "price": 0.3663, "amount": 108.0, "side": "sell", "timestamp": 1766015388044}, {"id": "546998499", "price": 0.3664, "amount": 42917.0, "side": "buy", "timestamp": 1766015388807}, {"id": "546998500", "price": 0.3664, "amount": 27.0, "side": "sell", "timestamp": 1766015390970}, {"id": "546998501", "price": 0.3664, "amount": 89.0, "side": "sell", "timestamp": 1766015391644}, {"id": "546998502", "price": 0.3664, "amount": 15.0, "side": "sell", "timestamp": 1766015392055}, {"id": "546998503", "price": 0.3664, "amount": 32.0, "side": "sell", "timestamp": 1766015393852}, {"id": "546998504", "price": 0.3664, "amount": 120.0, "side": "sell", "timestamp": 1766015394688}, {"id": "546998505", "price": 0.3664, "amount": 82.0, "side": "sell", "timestamp": 1766015395168}, {"id": "546998506", "price": 0.3664, "amount": 2023.0, "side": "sell", "timestamp": 1766015396855}, {"id": "546998507", "price": 0.3665, "amount": 14.0, "side": "buy", "timestamp": 1766015397418}, {"id": "546998508", "price": 0.3665, "amount": 43.0, "side": "buy", "timestamp": 1766015397638}, {"id": "546998509", "price": 0.3664, "amount": 88.0, "side": "sell", "timestamp": 1766015398719}, {"id": "546998510", "price": 0.3664, "amount": 30.0, "side": "sell", "timestamp": 1766015399412}, {"id": "546998511", "price": 0.3664, "amount": 17.0, "side": "sell", "timestamp": 1766015399711}, {"id": "546998512", "price": 0.3665, "amount": 73.0, "side": "buy", "timestamp": 1766015400114}, {"id": "546998513", "price": 0.3665, "amount": 16410.0, "side": "buy", "timestamp": 1766015400730}, {"id": "546998514", "price": 0.3664, "amount": 142.0, "side": "sell", "timestamp": 1766015401110}, {"id": "546998515", "price": 0.3664, "amount": 88.0, "side": "sell", "timestamp": 1766015402292}, {"id": "546998516", "price": 0.3664, "amount": 16.0, "side": "sell", "timestamp": 1766015404104}, {"id": "546998517", "price": 0.3665, "amount": 76.0, "side": "buy", "timestamp": 1766015404501}, {"id": "546998518", "price": 0.3665, "amount": 21.0, "side": "buy", "timestamp": 1766015404808}, {"id": "546998519", "price": 0.3665, "amount": 17.0, "side": "buy", "timestamp": 1766015405283}, {"id": "546998520", "price": 0.3665, "amount": 14.0, "side": "buy", "timestamp": 1766015405425}, {"id": "546998521", "price": 0.3664, "amount": 88.0, "side": "sell", "timestamp": 1766015406432}, {"id": "546998522", "price": 0.3665, "amount": 2223.0, "side": "buy", "timestamp": 1766015406744}, {"id": "546998523", "price": 0.3664, "amount": 23.0, "side": "sell", "timestamp": 1766015408808}, {"id": "546998524", "price": 0.3664, "amount": 107.0, "side": "sell", "timestamp": 1766015409138}, {"id": "546998525", "price": 0.3664, "amount": 31.0, "side": "sell", "timestamp": 1766015409734}, {"id": "546998526", "price": 0.3664, "amount": 24.0, "side": "sell", "timestamp": 1766015409938}, {"id": "546998527", "price": 0.3664, "amount": 34.0, "side": "sell", "timestamp": 1766015411621}, {"id": "546998568", "price": 0.3663, "amount": 88.0, "side": "sell", "timestamp": 1766015433522}, {"id": "546998569", "price": 0.3664, "amount": 423.0, "side": "buy", "timestamp": 1766015434675}, {"id": "546998570", "price": 0.3663, "amount": 31.0, "side": "sell", "timestamp": 1766015434883}, {"id": "546998571", "price": 0.3663, "amount": 26.0, "side": "sell", "timestamp": 1766015436264}, {"id": "546998572", "price": 0.3663, "amount": 45.0, "side": "sell", "timestamp": 1766015436514}, {"id": "546998573", "price": 0.3663, "amount": 22.0, "side": "sell", "timestamp": 1766015436861}, {"id": "546998574", "price": 0.3664, "amount": 34673.0, "side": "buy", "timestamp": 1766015437199}, {"id": "546998575", "price": 0.3664, "amount": 43.0, "side": "sell", "timestamp": 1766015437451}, {"id": "546998576", "price": 0.3663, "amount": 88.0, "side": "sell", "timestamp": 1766015437508}, {"id": "546998577", "price": 0.3664, "amount": 11247.0, "side": "buy", "timestamp": 1766015437677}, {"id": "546998578", "price": 0.3664, "amount": 45.0, "side": "sell", "timestamp": 1766015437932}, {"id": "546998579", "price": 0.3664, "amount": 31.0, "side": "sell", "timestamp": 1766015438324}, {"id": "546998580", "price": 0.3664, "amount": 88.0, "side": "sell", "timestamp": 1766015440176}, {"id": "546998581", "price": 0.3665, "amount": 55473.0, "side": "buy", "timestamp": 1766015440377}, {"id": "546998582", "price": 0.3665, "amount": 28.0, "side": "sell", "timestamp": 1766015440695}, {"id": "546998583", "price": 0.3664, "amount": 31.0, "side": "sell", "timestamp": 1766015441472}, {"id": "546998584", "price": 0.3664, "amount": 25.0, "side": "sell", "timestamp": 1766015443306}, {"id": "546998585", "price": 0.3665, "amount": 272.0, "side": "buy", "timestamp": 1766015443349}, {"id": "546998586", "price": 0.3664, "amount": 14.0, "side": "sell", "timestamp": 1766015443922}, {"id": "546998587", "price": 0.3665, "amount": 38.0, "side": "buy", "timestamp": 1766015445409}, {"id": "546998588", "price": 0.3664, "amount": 48.0, "side": "sell", "timestamp": 1766015445818}, {"id": "546998589", "price": 0.3665, "amount": 136.0, "side": "buy", "timestamp": 1766015446300}, {"id": "546998590", "price": 0.3664, "amount": 15.0, "side": "sell", "timestamp": 1766015447227}, {"id": "546998591", "price": 0.3664, "amount": 31.0, "side": "sell", "timestamp": 1766015448513}, {"id": "546998592", "price": 0.3664, "amount": 16.0, "side": "sell", "timestamp": 1766015450213}, {"id": "546998593", "price": 0.3664, "amount": 45.0, "side": "sell", "timestamp": 1766015450840}, {"id": "546998594", "price": 0.3664, "amount": 31.0, "side": "sell", "timestamp": 1766015451854}, {"id": "546998595", "price": 0.3665, "amount": 1500.0, "side": "buy", "timestamp": 1766015452346}, {"id": "546998596", "price": 0.3664, "amount": 19.0, "side": "sell", "timestamp": 1766015454405}, {"id": "546998597", "price": 0.3664, "amount": 31.0, "side": "sell", "timestamp": 1766015455158}, {"id": "546998598", "price": 0.3665, "amount": 44.0, "side": "buy", "timestamp": 1766015455365}, {"id": "546998599", "price": 0.3665, "amount": 406.0, "side": "buy", "timestamp": 1766015455641}, {"id": "546998600", "price": 0.3664, "amount": 39235.0, "side": "sell", "timestamp": 1766015457533}, {"id": "546998601", "price": 0.3663, "amount": 45237.0, "side": "sell", "timestamp": 1766015457565}, {"id": "546998602", "price": 0.3662, "amount": 1365.0, "side": "sell", "timestamp": 1766015457681}, {"id": "546998603", "price": 0.3663, "amount": 272.0, "side": "buy", "timestamp": 1766015457706}, {"id": "546998604", "price": 0.3662, "amount": 24566.0, "side": "sell", "timestamp": 1766015457844}, {"id": "546998605", "price": 0.3662, "amount": 55.0, "side": "sell", "timestamp": 1766015458465}, {"id": "546998606", "price": 0.3662, "amount": 36.0, "side": "sell", "timestamp": 1766015458609}, {"id": "546998607", "price": 0.3663, "amount": 4081.0, "side": "buy", "timestamp": 1766015459648}, {"id": "546998608", "price": 0.3663, "amount": 597.0, "side": "buy", "timestamp": 1766015460752}, {"id": "546998609", "price": 0.3662, "amount": 31.0, "side": "sell", "timestamp": 1766015461027}, {"id": "546998610", "price": 0.3662, "amount": 27.0, "side": "sell", "timestamp": 1766015461452}, {"id": "546998611", "price": 0.3662, "amount": 17.0, "side": "sell", "timestamp": 1766015461889}, {"id": "546998612", "price": 0.3662, "amount": 31.0, "side": "sell", "timestamp": 1766015462634}, {"id": "546998613", "price": 0.3663, "amount": 1363.0, "side": "buy", "timestamp": 1766015464771}, {"id": "546998614", "price": 0.3662, "amount": 39.0, "side": "sell", "timestamp": 1766015465147}, {"id": "546998615", "price": 0.3662, "amount": 16.0, "side": "sell", "timestamp": 1766015466607}, {"id": "546998616", "price": 0.3663, "amount": 160.0, "side": "buy", "timestamp": 1766015466664}, {"id": "546998617", "price": 0.3662, "amount": 45.0, "side": "sell", "timestamp": 1766015467092}, {"id": "546998660", "price": 0.3662, "amount": 42.0, "side": "sell", "timestamp": 1766015498042}, {"id": "546998661", "price": 0.3663, "amount": 840.0, "side": "buy", "timestamp": 1766015498148}, {"id": "546998662", "price": 0.3662, "amount": 14.0, "side": "sell", "timestamp": 1766015498706}, {"id": "546998663", "price": 0.3663, "amount": 29.0, "side": "buy", "timestamp": 1766015498851}, {"id": "546998664", "price": 0.3662, "amount": 46.0, "side": "sell", "timestamp": 1766015498983}, {"id": "546998665", "price": 0.3663, "amount": 6828.0, "side": "buy", "timestamp": 1766015499383}, {"id": "546998666", "price": 0.3663, "amount": 177.0, "side": "buy", "timestamp": 1766015499683}, {"id": "546998667", "price": 0.3663, "amount": 23.0, "side": "buy", "timestamp": 1766015499831}, {"id": "546998668", "price": 0.3663, "amount": 45.0, "side": "buy", "timestamp": 1766015500024}, {"id": "546998669", "price": 0.3662, "amount": 44.0, "side": "sell", "timestamp": 1766015500258}, {"id": "546998670", "price": 0.3663, "amount": 248.0, "side": "buy", "timestamp": 1766015500391}, {"id": "546998671", "price": 0.3662, "amount": 56.0, "side": "sell", "timestamp": 1766015500635}, {"id": "546998672", "price": 0.3663, "amount": 106.0, "side": "buy", "timestamp": 1766015500961}, {"id": "546998673", "price": 0.3663, "amount": 185.0, "side": "buy", "timestamp": 1766015501115}, {"id": "546998674", "price": 0.3663, "amount": 155.0, "side": "buy", "timestamp": 1766015501238}, {"id": "546998675", "price": 0.3662, "amount": 682.0, "side": "sell", "timestamp": 1766015502309}, {"id": "546998676", "price": 0.3662, "amount": 29.0, "side": "sell", "timestamp": 1766015503189}, {"id": "546998677", "price": 0.3662, "amount": 17.0, "side": "sell", "timestamp": 1766015503651}, {"id": "546998678", "price": 0.3663, "amount": 35389.0, "side": "buy", "timestamp": 1766015504813}, {"id": "546998679", "price": 0.3664, "amount": 183.0, "side": "buy", "timestamp": 1766015505799}, {"id": "546998680", "price": 0.3664, "amount": 931.0, "side": "buy", "timestamp": 1766015506235}, {"id": "546998681", "price": 0.3663, "amount": 31.0, "side": "sell", "timestamp": 1766015506778}, {"id": "546998682", "price": 0.3664, "amount": 981.0, "side": "buy", "timestamp": 1766015507344}, {"id": "546998683", "price": 0.3664, "amount": 76.0, "side": "buy", "timestamp": 1766015508928}, {"id": "546998684", "price": 0.3664, "amount": 13854.0, "side": "buy", "timestamp": 1766015509678}, {"id": "546998685", "price": 0.3664, "amount": 31.0, "side": "sell", "timestamp": 1766015510174}, {"id": "546998686", "price": 0.3665, "amount": 14.0, "side": "buy", "timestamp": 1766015510445}, {"id": "546998687", "price": 0.3665, "amount": 127.0, "side": "buy", "timestamp": 1766015510808}, {"id": "546998688", "price": 0.3664, "amount": 17.0, "side": "sell", "timestamp": 1766015510888}, {"id": "546998689", "price": 0.3665, "amount": 156.0, "side": "buy", "timestamp": 1766015511606}, {"id": "546998690", "price": 0.3664, "amount": 202.0, "side": "sell", "timestamp": 1766015511618}, {"id": "546998691", "price": 0.3664, "amount": 28.0, "side": "sell", "timestamp": 1766015511746}, {"id": "546998692", "price": 0.3665, "amount": 191.0, "side": "buy", "timestamp": 1766015512452}, {"id": "546998693", "price": 0.3665, "amount": 14.0, "side": "buy", "timestamp": 1766015512655}, {"id": "546998694", "price": 0.3664, "amount": 23.0, "side": "sell", "timestamp": 1766015513044}, {"id": "546998695", "price": 0.3665, "amount": 42.0, "side": "buy", "timestamp": 1766015513464}, {"id": "546998696", "price": 0.3665, "amount": 822.0, "side": "buy", "timestamp": 1766015514007}, {"id": "546998697", "price": 0.3664, "amount": 26.0, "side": "sell", "timestamp": 1766015514538}, {"id": "546998698", "price": 0.3665, "amount": 272.0, "side": "buy", "timestamp": 1766015514850}, {"id": "546998699", "price": 0.3664, "amount": 27.0, "side": "sell", "timestamp": 1766015516849}, {"id": "546998700", "price": 0.3665, "amount": 750.0, "side": "buy", "timestamp": 1766015518522}, {"id": "546998701", "price": 0.3664, "amount": 14448.0, "side": "sell", "timestamp": 1766015520405}, {"id": "546998702", "price": 0.3663, "amount": 2079.0, "side": "sell", "timestamp": 1766015520911}, {"id": "546998703", "price": 0.3662, "amount": 28.0, "side": "sell", "timestamp": 1766015520948}, {"id": "546998704", "price": 0.3662, "amount": 140.0, "side": "sell", "timestamp": 1766015521184}, {"id": "546998705", "price": 0.3663, "amount": 714.0, "side": "buy", "timestamp": 1766015521438}, {"id": "546998706", "price": 0.3663, "amount": 243.0, "side": "buy", "timestamp": 1766015521604}, {"id": "546998707", "price": 0.3663, "amount": 177.0, "side": "buy", "timestamp": 1766015521765}, {"id": "546998708", "price": 0.3662, "amount": 15.0, "side": "sell", "timestamp": 1766015522173}, {"id": "546998709", "price": 0.3663, "amount": 316.0, "side": "buy", "timestamp": 1766015523065}, {"id": "546998718", "price": 0.3663, "amount": 29.0, "side": "sell", "timestamp": 1766015529305}, {"id": "546998719", "price": 0.3663, "amount": 100.0, "side": "sell", "timestamp": 1766015529551}, {"id": "546998720", "price": 0.3663, "amount": 17.0, "side": "sell", "timestamp": 1766015529763}, {"id": "546998721", "price": 0.3664, "amount": 33.0, "side": "buy", "timestamp": 1766015531641}, {"id": "546998722", "price": 0.3664, "amount": 57.0, "side": "buy", "timestamp": 1766015532861}, {"id": "546998723", "price": 0.3663, "amount": 17.0, "side": "sell", "timestamp": 1766015533110}, {"id": "546998724", "price": 0.3664, "amount": 1224.0, "side": "buy", "timestamp": 1766015535457}, {"id": "546998725", "price": 0.3664, "amount": 36.0, "side": "buy", "timestamp": 1766015537166}, {"id": "546998726", "price": 0.3663, "amount": 57.0, "side": "sell", "timestamp": 1766015539078}, {"id": "546998727", "price": 0.3663, "amount": 21.0, "side": "sell", "timestamp": 1766015541314}, {"id": "546998728", "price": 0.3663, "amount": 31.0, "side": "sell", "timestamp": 1766015541935}, {"id": "546998729", "price": 0.3664, "amount": 7145.0, "side": "buy", "timestamp": 1766015542340}, {"id": "546998730", "price": 0.3664, "amount": 15.0, "side": "sell", "timestamp": 1766015542391}, {"id": "546998731", "price": 0.3664, "amount": 94.0, "side": "sell", "timestamp": 1766015543298}, {"id": "546998732", "price": 0.3664, "amount": 35.0, "side": "sell", "timestamp": 1766015544544}, {"id": "546998733", "price": 0.3664, "amount": 111.0, "side": "sell", "timestamp": 1766015544663}, {"id": "546998734", "price": 0.3665, "amount": 57.0, "side": "buy", "timestamp": 1766015547096}, {"id": "546998735", "price": 0.3665, "amount": 8185.0, "side": "buy", "timestamp": 1766015547834}, {"id": "546998736", "price": 0.3664, "amount": 23.0, "side": "sell", "timestamp": 1766015548194}, {"id": "546998737", "price": 0.3664, "amount": 17.0, "side": "sell", "timestamp": 1766015548619}, {"id": "546998738", "price": 0.3664, "amount": 14.0, "side": "sell", "timestamp": 1766015548721}, {"id": "546998739", "price": 0.3665, "amount": 731.0, "side": "buy", "timestamp": 1766015549619}, {"id": "546998740", "price": 0.3664, "amount": 13270.0, "side": "sell", "timestamp": 1766015550815}, {"id": "546998741", "price": 0.3664, "amount": 14.0, "side": "buy", "timestamp": 1766015554133}, {"id": "546998742", "price": 0.3663, "amount": 19.0, "side": "sell", "timestamp": 1766015554250}, {"id": "546998743", "price": 0.3664, "amount": 127.0, "side": "buy", "timestamp": 1766015554891}, {"id": "546998744", "price": 0.3663, "amount": 30.0, "side": "sell", "timestamp": 1766015555423}, {"id": "546998745", "price": 0.3663, "amount": 18.0, "side": "sell", "timestamp": 1766015555677}, {"id": "546998746", "price": 0.3663, "amount": 17.0, "side": "sell", "timestamp": 1766015555847}, {"id": "546998747", "price": 0.3663, "amount": 31.0, "side": "sell", "timestamp": 1766015556106}, {"id": "546998748", "price": 0.3663, "amount": 283.0, "side": "sell", "timestamp": 1766015558447}, {"id": "546998749", "price": 0.3664, "amount": 1598.0, "side": "buy", "timestamp": 1766015559816}, {"id": "546998750", "price": 0.3663, "amount": 39.0, "side": "sell", "timestamp": 1766015559996}, {"id": "546998751", "price": 0.3663, "amount": 61.0, "side": "sell", "timestamp": 1766015564968}, {"id": "546998752", "price": 0.3663, "amount": 14.0, "side": "sell", "timestamp": 1766015565253}, {"id": "546998753", "price": 0.3663, "amount": 150.0, "side": "sell", "timestamp": 1766015565744}, {"id": "546998754", "price": 0.3664, "amount": 33.0, "side": "buy", "timestamp": 1766015567646}, {"id": "546998755", "price": 0.3663, "amount": 64.0, "side": "sell", "timestamp": 1766015568836}, {"id": "546998756", "price": 0.3664, "amount": 346.0, "side": "buy", "timestamp": 1766015569317}, {"id": "546998757", "price": 0.3663, "amount": 221.0, "side": "sell", "timestamp": 1766015569954}, {"id": "546998758", "price": 0.3663, "amount": 87625.0, "side": "sell", "timestamp": 1766015570449}, {"id": "546998759", "price": 0.3663, "amount": 1767.0, "side": "buy", "timestamp": 1766015571053}, {"id": "546998760", "price": 0.3662, "amount": 14.0, "side": "sell", "timestamp": 1766015573770}, {"id": "546998761", "price": 0.3662, "amount": 15.0, "side": "sell", "timestamp": 1766015574166}, {"id": "546998762", "price": 0.3663, "amount": 438.0, "side": "buy", "timestamp": 1766015574204}, {"id": "546998763", "price": 0.3663, "amount": 16991.0, "side": "buy", "timestamp": 1766015574353}, {"id": "546998764", "price": 0.3663, "amount": 1555.0, "side": "sell", "timestamp": 1766015576116}, {"id": "546998765", "price": 0.3663, "amount": 32.0, "side": "sell", "timestamp": 1766015578343}, {"id": "546998766", "price": 0.3663, "amount": 290.0, "side": "sell", "timestamp": 1766015579694}, {"id": "546998767", "price": 0.3664, "amount": 368.0, "side": "buy", "timestamp": 1766015579939}, {"id": "546998770", "price": 0.3664, "amount": 120.0, "side": "buy", "timestamp": 1766015582311}, {"id": "546998771", "price": 0.3663, "amount": 27.0, "side": "sell", "timestamp": 1766015582616}, {"id": "546998772", "price": 0.3664, "amount": 137.0, "side": "buy", "timestamp": 1766015583145}, {"id": "546998773", "price": 0.3664, "amount": 42.0, "side": "buy", "timestamp": 1766015584348}, {"id": "546998774", "price": 0.3663, "amount": 22.0, "side": "sell", "timestamp": 1766015585393}, {"id": "546998775", "price": 0.3664, "amount": 15.0, "side": "buy", "timestamp": 1766015585534}, {"id": "546998776", "price": 0.3663, "amount": 31.0, "side": "sell", "timestamp": 1766015585596}, {"id": "546998777", "price": 0.3664, "amount": 44.0, "side": "buy", "timestamp": 1766015585810}, {"id": "546998778", "price": 0.3663, "amount": 32.0, "side": "sell", "timestamp": 1766015586383}, {"id": "546998779", "price": 0.3663, "amount": 14.0, "side": "sell", "timestamp": 1766015588522}, {"id": "546998780", "price": 0.3663, "amount": 32.0, "side": "sell", "timestamp": 1766015588627}, {"id": "546998781", "price": 0.3664, "amount": 272.0, "side": "buy", "timestamp": 1766015588666}, {"id": "546998782", "price": 0.3663, "amount": 31.0, "side": "sell", "timestamp": 1766015592797}, {"id": "546998783", "price": 0.3664, "amount": 88.0, "side": "buy", "timestamp": 1766015594764}, {"id": "546998784", "price": 0.3663, "amount": 14.0, "side": "sell", "timestamp": 1766015595249}, {"id": "546998785", "price": 0.3664, "amount": 27.0, "side": "buy", "timestamp": 1766015599094}, {"id": "546998786", "price": 0.3663, "amount": 15.0, "side": "sell", "timestamp": 1766015599814}, {"id": "546998787", "price": 0.3663, "amount": 21.0, "side": "sell", "timestamp": 1766015600595}, {"id": "546998788", "price": 0.3663, "amount": 31.0, "side": "sell", "timestamp": 1766015601691}, {"id": "546998789", "price": 0.3663, "amount": 16.0, "side": "sell", "timestamp": 1766015602238}, {"id": "546998790", "price": 0.3664, "amount": 1527.0, "side": "buy", "timestamp": 1766015603635}, {"id": "546998791", "price": 0.3663, "amount": 15.0, "side": "sell", "timestamp": 1766015604089}, {"id": "546998792", "price": 0.3664, "amount": 75.0, "side": "buy", "timestamp": 1766015604262}, {"id": "546998793", "price": 0.3664, "amount": 70.0, "side": "buy", "timestamp": 1766015606115}, {"id": "546998794", "price": 0.3663, "amount": 29.0, "side": "sell", "timestamp": 1766015607041}, {"id": "546998795", "price": 0.3663, "amount": 17.0, "side": "sell", "timestamp": 1766015607688}, {"id": "546998796", "price": 0.3664, "amount": 4327.0, "side": "buy", "timestamp": 1766015610017}, {"id": "546998797", "price": 0.3663, "amount": 16.0, "side": "sell", "timestamp": 1766015610439}, {"id": "546998798", "price": 0.3663, "amount": 23.0, "side": "sell", "timestamp": 1766015612128}, {"id": "546998799", "price": 0.3663, "amount": 4639.0, "side": "sell", "timestamp": 1766015613696}, {"id": "546998800", "price": 0.3663, "amount": 2.0, "side": "sell", "timestamp": 1766015614036}, {"id": "546998801", "price": 0.3663, "amount": 86.0, "side": "sell", "timestamp": 1766015615438}, {"id": "546998802", "price": 0.3664, "amount": 104.0, "side": "buy", "timestamp": 1766015616267}, {"id": "546998803", "price": 0.3663, "amount": 31.0, "side": "sell", "timestamp": 1766015616887}, {"id": "546998804", "price": 0.3663, "amount": 15.0, "side": "sell", "timestamp": 1766015625895}, {"id": "546998805", "price": 0.3663, "amount": 20.0, "side": "sell", "timestamp": 1766015626653}, {"id": "546998806", "price": 0.3664, "amount": 303.0, "side": "buy", "timestamp": 1766015627417}, {"id": "546998807", "price": 0.3663, "amount": 26.0, "side": "sell", "timestamp": 1766015629154}, {"id": "546998808", "price": 0.3664, "amount": 1305.0, "side": "buy", "timestamp": 1766015630068}, {"id": "546998809", "price": 0.3663, "amount": 1280.0, "side": "sell", "timestamp": 1766015630707}, {"id": "546998810", "price": 0.3663, "amount": 31.0, "side": "sell", "timestamp": 1766015631346}, {"id": "546998811", "price": 0.3663, "amount": 20.0, "side": "sell", "timestamp": 1766015632202}, {"id": "546998812", "price": 0.3664, "amount": 303.0, "side": "buy", "timestamp": 1766015632234}, {"id": "546998813", "price": 0.3663, "amount": 29.0, "side": "sell", "timestamp": 1766015633128}, {"id": "546998814", "price": 0.3663, "amount": 16.0, "side": "sell", "timestamp": 1766015633781}, {"id": "546998815", "price": 0.3663, "amount": 15.0, "side": "sell", "timestamp": 1766015634699}, {"id": "546998816", "price": 0.3664, "amount": 1365.0, "side": "buy", "timestamp": 1766015635292}, {"id": "546998817", "price": 0.3663, "amount": 16.0, "side": "sell", "timestamp": 1766015635301}, {"id": "546998818", "price": 0.3663, "amount": 18.0, "side": "sell", "timestamp": 1766015635968}, {"id": "546998819", "price": 0.3664, "amount": 452.0, "side": "buy", "timestamp": 1766015637036}, {"id": "546998838", "price": 0.3664, "amount": 57.0, "side": "buy", "timestamp": 1766015649190}, {"id": "546998839", "price": 0.3664, "amount": 52.0, "side": "buy", "timestamp": 1766015649542}, {"id": "546998840", "price": 0.3663, "amount": 17.0, "side": "sell", "timestamp": 1766015650289}, {"id": "546998841", "price": 0.3664, "amount": 303.0, "side": "buy", "timestamp": 1766015651156}, {"id": "546998842", "price": 0.3663, "amount": 15.0, "side": "sell", "timestamp": 1766015651546}, {"id": "546998843", "price": 0.3663, "amount": 14.0, "side": "sell", "timestamp": 1766015652023}, {"id": "546998844", "price": 0.3663, "amount": 16.0, "side": "sell", "timestamp": 1766015653257}, {"id": "546998845", "price": 0.3663, "amount": 260.0, "side": "sell", "timestamp": 1766015653407}, {"id": "546998846", "price": 0.3663, "amount": 17.0, "side": "sell", "timestamp": 1766015654282}, {"id": "546998847", "price": 0.3663, "amount": 278.0, "side": "sell", "timestamp": 1766015654630}, {"id": "546998848", "price": 0.3663, "amount": 108.0, "side": "sell", "timestamp": 1766015654920}, {"id": "546998849", "price": 0.3663, "amount": 23.0, "side": "sell", "timestamp": 1766015655380}, {"id": "546998850", "price": 0.3664, "amount": 303.0, "side": "buy", "timestamp": 1766015655654}, {"id": "546998851", "price": 0.3663, "amount": 28.0, "side": "sell", "timestamp": 1766015659207}, {"id": "546998852", "price": 0.3664, "amount": 28.0, "side": "buy", "timestamp": 1766015659849}, {"id": "546998853", "price": 0.3663, "amount": 16.0, "side": "sell", "timestamp": 1766015659871}, {"id": "546998854", "price": 0.3663, "amount": 31.0, "side": "sell", "timestamp": 1766015660339}, {"id": "546998855", "price": 0.3664, "amount": 303.0, "side": "buy", "timestamp": 1766015660471}, {"id": "546998856", "price": 0.3664, "amount": 5717.0, "side": "buy", "timestamp": 1766015661307}, {"id": "546998857", "price": 0.3665, "amount": 25.0, "side": "buy", "timestamp": 1766015663669}, {"id": "546998858", "price": 0.3664, "amount": 8035.0, "side": "sell", "timestamp": 1766015663795}, {"id": "546998859", "price": 0.3663, "amount": 17.0, "side": "sell", "timestamp": 1766015664989}, {"id": "546998860", "price": 0.3664, "amount": 25.0, "side": "buy", "timestamp": 1766015665311}, {"id": "546998861", "price": 0.3663, "amount": 1394.0, "side": "sell", "timestamp": 1766015666299}, {"id": "546998862", "price": 0.3663, "amount": 21.0, "side": "sell", "timestamp": 1766015667556}, {"id": "546998863", "price": 0.3664, "amount": 1674.0, "side": "buy", "timestamp": 1766015668205}, {"id": "546998864", "price": 0.3663, "amount": 2511.0, "side": "sell", "timestamp": 1766015669264}, {"id": "546998865", "price": 0.3663, "amount": 5457.0, "side": "sell", "timestamp": 1766015669576}, {"id": "546998866", "price": 0.3664, "amount": 303.0, "side": "buy", "timestamp": 1766015669781}, {"id": "546998867", "price": 0.3663, "amount": 1349.0, "side": "sell", "timestamp": 1766015669783}, {"id": "546998868", "price": 0.3663, "amount": 272.0, "side": "sell", "timestamp": 1766015670430}, {"id": "546998869", "price": 0.3663, "amount": 15.0, "side": "sell", "timestamp": 1766015673278}, {"id": "546998870", "price": 0.3663, "amount": 39307.0, "side": "sell", "timestamp": 1766015674095}, {"id": "546998871", "price": 0.3662, "amount": 20.0, "side": "sell", "timestamp": 1766015674169}, {"id": "546998872", "price": 0.3663, "amount": 55.0, "side": "buy", "timestamp": 1766015674442}, {"id": "546998873", "price": 0.3662, "amount": 31.0, "side": "sell", "timestamp": 1766015674456}, {"id": "546998874", "price": 0.3663, "amount": 1173.0, "side": "buy", "timestamp": 1766015674863}, {"id": "546998875", "price": 0.3664, "amount": 33.0, "side": "buy", "timestamp": 1766015675650}, {"id": "546998876", "price": 0.3663, "amount": 28.0, "side": "sell", "timestamp": 1766015676506}, {"id": "546998877", "price": 0.3663, "amount": 14.0, "side": "sell", "timestamp": 1766015679279}, {"id": "546998878", "price": 0.3664, "amount": 303.0, "side": "buy", "timestamp": 1766015679397}, {"id": "546998879", "price": 0.3663, "amount": 23.0, "side": "sell", "timestamp": 1766015680073}, {"id": "546998880", "price": 0.3663, "amount": 15.0, "side": "sell", "timestamp": 1766015680771}, {"id": "546998881", "price": 0.3664, "amount": 303.0, "side": "buy", "timestamp": 1766015683905}, {"id": "546998882", "price": 0.3663, "amount": 27.0, "side": "sell", "timestamp": 1766015685299}, {"id": "546998883", "price": 0.3663, "amount": 16.0, "side": "sell", "timestamp": 1766015685957}, {"id": "546998884", "price": 0.3664, "amount": 303.0, "side": "buy", "timestamp": 1766015688715}, {"id": "546998885", "price": 0.3663, "amount": 31.0, "side": "sell", "timestamp": 1766015688853}, {"id": "546998886", "price": 0.3663, "amount": 450.0, "side": "sell", "timestamp": 1766015690023}, {"id": "546998887", "price": 0.3663, "amount": 47.0, "side": "sell", "timestamp": 1766015693136}, {"id": "546998946", "price": 0.3664, "amount": 303.0, "side": "buy", "timestamp": 1766015727210}, {"id": "546998947", "price": 0.3663, "amount": 65.0, "side": "sell", "timestamp": 1766015727769}, {"id": "546998948", "price": 0.3664, "amount": 303.0, "side": "buy", "timestamp": 1766015727811}, {"id": "546998949", "price": 0.3664, "amount": 303.0, "side": "buy", "timestamp": 1766015728412}, {"id": "546998950", "price": 0.3664, "amount": 303.0, "side": "buy", "timestamp": 1766015729013}, {"id": "546998951", "price": 0.3663, "amount": 14.0, "side": "sell", "timestamp": 1766015729302}, {"id": "546998952", "price": 0.3664, "amount": 303.0, "side": "buy", "timestamp": 1766015729616}, {"id": "546998953", "price": 0.3664, "amount": 303.0, "side": "buy", "timestamp": 1766015730220}, {"id": "546998954", "price": 0.3663, "amount": 16915.0, "side": "sell", "timestamp": 1766015730742}, {"id": "546998955", "price": 0.3663, "amount": 1667.0, "side": "buy", "timestamp": 1766015730834}, {"id": "546998956", "price": 0.3663, "amount": 303.0, "side": "buy", "timestamp": 1766015731423}, {"id": "546998957", "price": 0.3662, "amount": 1532.0, "side": "sell", "timestamp": 1766015731941}, {"id": "546998958", "price": 0.3663, "amount": 303.0, "side": "buy", "timestamp": 1766015732024}, {"id": "546998959", "price": 0.3663, "amount": 576.0, "side": "buy", "timestamp": 1766015732533}, {"id": "546998960", "price": 0.3663, "amount": 303.0, "side": "buy", "timestamp": 1766015733226}, {"id": "546998961", "price": 0.3663, "amount": 303.0, "side": "buy", "timestamp": 1766015733828}, {"id": "546998962", "price": 0.3662, "amount": 15.0, "side": "sell", "timestamp": 1766015734373}, {"id": "546998963", "price": 0.3663, "amount": 303.0, "side": "buy", "timestamp": 1766015734439}, {"id": "546998964", "price": 0.3663, "amount": 303.0, "side": "buy", "timestamp": 1766015735039}, {"id": "546998965", "price": 0.3663, "amount": 303.0, "side": "buy", "timestamp": 1766015735632}, {"id": "546998966", "price": 0.3663, "amount": 303.0, "side": "buy", "timestamp": 1766015736250}, {"id": "546998967", "price": 0.3663, "amount": 303.0, "side": "buy", "timestamp": 1766015736853}, {"id": "546998968", "price": 0.3662, "amount": 28.0, "side": "sell", "timestamp": 1766015736985}, {"id": "546998969", "price": 0.3663, "amount": 303.0, "side": "buy", "timestamp": 1766015737454}, {"id": "546998970", "price": 0.3662, "amount": 35.0, "side": "sell", "timestamp": 1766015737987}, {"id": "546998971", "price": 0.3663, "amount": 303.0, "side": "buy", "timestamp": 1766015738037}, {"id": "546998972", "price": 0.3662, "amount": 25.0, "side": "sell", "timestamp": 1766015738360}, {"id": "546998973", "price": 0.3663, "amount": 303.0, "side": "buy", "timestamp": 1766015738641}, {"id": "546998974", "price": 0.3663, "amount": 303.0, "side": "buy", "timestamp": 1766015739243}, {"id": "546998975", "price": 0.3663, "amount": 303.0, "side": "buy", "timestamp": 1766015739844}, {"id": "546998976", "price": 0.3662, "amount": 32.0, "side": "sell", "timestamp": 1766015740236}, {"id": "546998977", "price": 0.3663, "amount": 303.0, "side": "buy", "timestamp": 1766015740444}, {"id": "546998978", "price": 0.3662, "amount": 39.0, "side": "sell", "timestamp": 1766015741031}, {"id": "546998979", "price": 0.3663, "amount": 303.0, "side": "buy", "timestamp": 1766015741055}, {"id": "546998980", "price": 0.3663, "amount": 303.0, "side": "buy", "timestamp": 1766015741645}, {"id": "546998981", "price": 0.3663, "amount": 303.0, "side": "buy", "timestamp": 1766015742246}, {"id": "546998982", "price": 0.3663, "amount": 303.0, "side": "buy", "timestamp": 1766015742846}, {"id": "546998983", "price": 0.3663, "amount": 303.0, "side": "buy", "timestamp": 1766015743446}, {"id": "546998984", "price": 0.3663, "amount": 303.0, "side": "buy", "timestamp": 1766015744048}, {"id": "546998985", "price": 0.3662, "amount": 1518.0, "side": "sell", "timestamp": 1766015744296}, {"id": "546998986", "price": 0.3663, "amount": 303.0, "side": "buy", "timestamp": 1766015744648}, {"id": "546998987", "price": 0.3663, "amount": 303.0, "side": "buy", "timestamp": 1766015745250}, {"id": "546998988", "price": 0.3662, "amount": 31.0, "side": "sell", "timestamp": 1766015745520}, {"id": "546998989", "price": 0.3663, "amount": 303.0, "side": "buy", "timestamp": 1766015745866}, {"id": "546998990", "price": 0.3663, "amount": 303.0, "side": "buy", "timestamp": 1766015746451}, {"id": "546998991", "price": 0.3663, "amount": 303.0, "side": "buy", "timestamp": 1766015747063}, {"id": "546998992", "price": 0.3663, "amount": 4667.0, "side": "buy", "timestamp": 1766015747640}, {"id": "546998993", "price": 0.3663, "amount": 303.0, "side": "buy", "timestamp": 1766015748254}, {"id": "546998994", "price": 0.3663, "amount": 3355.0, "side": "buy", "timestamp": 1766015748741}, {"id": "546998995", "price": 0.3663, "amount": 303.0, "side": "buy", "timestamp": 1766015748854}, {"id": "546999012", "price": 0.3662, "amount": 110.0, "side": "sell", "timestamp": 1766015761232}, {"id": "546999013", "price": 0.3662, "amount": 80.0, "side": "sell", "timestamp": 1766015761685}, {"id": "546999014", "price": 0.3662, "amount": 15.0, "side": "sell", "timestamp": 1766015762716}, {"id": "546999015", "price": 0.3662, "amount": 28.0, "side": "sell", "timestamp": 1766015763034}, {"id": "546999016", "price": 0.3663, "amount": 60.0, "side": "buy", "timestamp": 1766015763568}, {"id": "546999017", "price": 0.3662, "amount": 16.0, "side": "sell", "timestamp": 1766015764604}, {"id": "546999018", "price": 0.3663, "amount": 848.0, "side": "buy", "timestamp": 1766015764647}, {"id": "546999019", "price": 0.3662, "amount": 14.0, "side": "sell", "timestamp": 1766015764987}, {"id": "546999020", "price": 0.3663, "amount": 18.0, "side": "buy", "timestamp": 1766015765019}, {"id": "546999021", "price": 0.3663, "amount": 22.0, "side": "buy", "timestamp": 1766015765169}, {"id": "546999022", "price": 0.3663, "amount": 422.0, "side": "buy", "timestamp": 1766015765339}, {"id": "546999023", "price": 0.3663, "amount": 24.0, "side": "buy", "timestamp": 1766015765620}, {"id": "546999024", "price": 0.3662, "amount": 16.0, "side": "sell", "timestamp": 1766015767352}, {"id": "546999025", "price": 0.3662, "amount": 59.0, "side": "sell", "timestamp": 1766015767632}, {"id": "546999026", "price": 0.3662, "amount": 35.0, "side": "sell", "timestamp": 1766015767874}, {"id": "546999027", "price": 0.3663, "amount": 43.0, "side": "buy", "timestamp": 1766015769185}, {"id": "546999028", "price": 0.3662, "amount": 30.0, "side": "sell", "timestamp": 1766015769238}, {"id": "546999029", "price": 0.3663, "amount": 24278.0, "side": "buy", "timestamp": 1766015769958}, {"id": "546999030", "price": 0.3662, "amount": 15.0, "side": "sell", "timestamp": 1766015772934}, {"id": "546999031", "price": 0.3663, "amount": 272.0, "side": "buy", "timestamp": 1766015773902}, {"id": "546999032", "price": 0.3662, "amount": 31.0, "side": "sell", "timestamp": 1766015775661}, {"id": "546999033", "price": 0.3663, "amount": 73.0, "side": "buy", "timestamp": 1766015776759}, {"id": "546999034", "price": 0.3662, "amount": 21.0, "side": "sell", "timestamp": 1766015777299}, {"id": "546999035", "price": 0.3663, "amount": 25141.0, "side": "buy", "timestamp": 1766015777411}, {"id": "546999036", "price": 0.3663, "amount": 21.0, "side": "sell", "timestamp": 1766015780088}, {"id": "546999037", "price": 0.3663, "amount": 813.0, "side": "sell", "timestamp": 1766015781472}, {"id": "546999038", "price": 0.3664, "amount": 578.0, "side": "buy", "timestamp": 1766015781661}, {"id": "546999039", "price": 0.3664, "amount": 33.0, "side": "buy", "timestamp": 1766015783642}, {"id": "546999040", "price": 0.3664, "amount": 37.0, "side": "buy", "timestamp": 1766015784711}, {"id": "546999041", "price": 0.3663, "amount": 464.0, "side": "sell", "timestamp": 1766015786887}, {"id": "546999042", "price": 0.3664, "amount": 17.0, "side": "buy", "timestamp": 1766015787208}, {"id": "546999043", "price": 0.3663, "amount": 16.0, "side": "sell", "timestamp": 1766015788378}, {"id": "546999044", "price": 0.3663, "amount": 164.0, "side": "sell", "timestamp": 1766015789110}, {"id": "546999045", "price": 0.3664, "amount": 3597.0, "side": "buy", "timestamp": 1766015789400}, {"id": "546999046", "price": 0.3664, "amount": 209.0, "side": "buy", "timestamp": 1766015789920}, {"id": "546999047", "price": 0.3664, "amount": 200.0, "side": "buy", "timestamp": 1766015790119}, {"id": "546999048", "price": 0.3664, "amount": 804.0, "side": "buy", "timestamp": 1766015790669}, {"id": "546999049", "price": 0.3663, "amount": 16.0, "side": "sell", "timestamp": 1766015790712}, {"id": "546999050", "price": 0.3663, "amount": 291.0, "side": "sell", "timestamp": 1766015790957}, {"id": "546999051", "price": 0.3663, "amount": 112.0, "side": "sell", "timestamp": 1766015791091}, {"id": "546999052", "price": 0.3664, "amount": 362.0, "side": "buy", "timestamp": 1766015794441}, {"id": "546999053", "price": 0.3663, "amount": 14.0, "side": "sell", "timestamp": 1766015795422}, {"id": "546999054", "price": 0.3664, "amount": 272.0, "side": "buy", "timestamp": 1766015795611}, {"id": "546999055", "price": 0.3663, "amount": 18.0, "side": "sell", "timestamp": 1766015799648}, {"id": "546999056", "price": 0.3663, "amount": 15.0, "side": "sell", "timestamp": 1766015800910}, {"id": "546999057", "price": 0.3663, "amount": 53.0, "side": "sell", "timestamp": 1766015802997}, {"id": "546999058", "price": 0.3663, "amount": 20.0, "side": "sell", "timestamp": 1766015803110}, {"id": "546999059", "price": 0.3664, "amount": 428.0, "side": "buy", "timestamp": 1766015804476}, {"id": "546999060", "price": 0.3664, "amount": 14.0, "side": "buy", "timestamp": 1766015806306}, {"id": "546999061", "price": 0.3663, "amount": 2.0, "side": "sell", "timestamp": 1766015806459}, {"id": "546999070", "price": 0.3664, "amount": 127105.0, "side": "sell", "timestamp": 1766015814339}, {"id": "546999071", "price": 0.3663, "amount": 15.0, "side": "sell", "timestamp": 1766015814540}, {"id": "546999072", "price": 0.3663, "amount": 25.0, "side": "sell", "timestamp": 1766015815899}, {"id": "546999073", "price": 0.3664, "amount": 149.0, "side": "buy", "timestamp": 1766015817363}, {"id": "546999074", "price": 0.3663, "amount": 14.0, "side": "sell", "timestamp": 1766015819033}, {"id": "546999075", "price": 0.3664, "amount": 33.0, "side": "buy", "timestamp": 1766015819638}, {"id": "546999076", "price": 0.3663, "amount": 1065.0, "side": "sell", "timestamp": 1766015821116}, {"id": "546999077", "price": 0.3663, "amount": 65377.0, "side": "sell", "timestamp": 1766015821218}, {"id": "546999078", "price": 0.3663, "amount": 303.0, "side": "buy", "timestamp": 1766015821264}, {"id": "546999079", "price": 0.3662, "amount": 30.0, "side": "sell", "timestamp": 1766015821950}, {"id": "546999080", "price": 0.3663, "amount": 208.0, "side": "buy", "timestamp": 1766015824631}, {"id": "546999081", "price": 0.3663, "amount": 41.0, "side": "buy", "timestamp": 1766015825437}, {"id": "546999082", "price": 0.3663, "amount": 19.0, "side": "buy", "timestamp": 1766015825547}, {"id": "546999083", "price": 0.3663, "amount": 3771.0, "side": "buy", "timestamp": 1766015827165}, {"id": "546999084", "price": 0.3662, "amount": 41.0, "side": "sell", "timestamp": 1766015827520}, {"id": "546999085", "price": 0.3663, "amount": 27.0, "side": "buy", "timestamp": 1766015828135}, {"id": "546999086", "price": 0.3663, "amount": 873.0, "side": "buy", "timestamp": 1766015829617}, {"id": "546999087", "price": 0.3662, "amount": 36.0, "side": "sell", "timestamp": 1766015829997}, {"id": "546999088", "price": 0.3663, "amount": 13647.0, "side": "buy", "timestamp": 1766015830564}, {"id": "546999089", "price": 0.3663, "amount": 5519.0, "side": "buy", "timestamp": 1766015831261}, {"id": "546999090", "price": 0.3663, "amount": 67.0, "side": "buy", "timestamp": 1766015832734}, {"id": "546999091", "price": 0.3662, "amount": 14.0, "side": "sell", "timestamp": 1766015833314}, {"id": "546999092", "price": 0.3663, "amount": 15.0, "side": "buy", "timestamp": 1766015836856}, {"id": "546999093", "price": 0.3663, "amount": 45.0, "side": "buy", "timestamp": 1766015839592}, {"id": "546999094", "price": 0.3663, "amount": 1872.0, "side": "buy", "timestamp": 1766015839921}, {"id": "546999095", "price": 0.3662, "amount": 36.0, "side": "sell", "timestamp": 1766015840433}, {"id": "546999096", "price": 0.3662, "amount": 750.0, "side": "sell", "timestamp": 1766015841077}, {"id": "546999097", "price": 0.3663, "amount": 601.0, "side": "buy", "timestamp": 1766015841097}, {"id": "546999098", "price": 0.3662, "amount": 28.0, "side": "sell", "timestamp": 1766015841210}, {"id": "546999099", "price": 0.3662, "amount": 67.0, "side": "sell", "timestamp": 1766015841747}, {"id": "546999100", "price": 0.3662, "amount": 39.0, "side": "sell", "timestamp": 1766015842660}, {"id": "546999101", "price": 0.3662, "amount": 16.0, "side": "sell", "timestamp": 1766015842952}, {"id": "546999102", "price": 0.3662, "amount": 41903.0, "side": "sell", "timestamp": 1766015843814}, {"id": "546999103", "price": 0.3662, "amount": 15.0, "side": "sell", "timestamp": 1766015845896}, {"id": "546999104", "price": 0.3662, "amount": 2462.0, "side": "sell", "timestamp": 1766015846375}, {"id": "546999105", "price": 0.3662, "amount": 185.0, "side": "sell", "timestamp": 1766015848291}, {"id": "546999106", "price": 0.3663, "amount": 443.0, "side": "buy", "timestamp": 1766015848646}, {"id": "546999107", "price": 0.3662, "amount": 231.0, "side": "sell", "timestamp": 1766015849587}, {"id": "546999108", "price": 0.3663, "amount": 184.0, "side": "buy", "timestamp": 1766015850893}, {"id": "546999109", "price": 0.3662, "amount": 88.0, "side": "sell", "timestamp": 1766015851585}, {"id": "546999110", "price": 0.3663, "amount": 1718.0, "side": "buy", "timestamp": 1766015855649}, {"id": "546999111", "price": 0.3662, "amount": 14.0, "side": "sell", "timestamp": 1766015857003}, {"id": "546999112", "price": 0.3663, "amount": 40.0, "side": "buy", "timestamp": 1766015858370}, {"id": "546999113", "price": 0.3663, "amount": 105.0, "side": "buy", "timestamp": 1766015858610}, {"id": "546999114", "price": 0.3662, "amount": 14.0, "side": "sell", "timestamp": 1766015859441}, {"id": "546999115", "price": 0.3662, "amount": 18.0, "side": "sell", "timestamp": 1766015861221}, {"id": "546999116", "price": 0.3662, "amount": 16.0, "side": "sell", "timestamp": 1766015861666}, {"id": "546999117", "price": 0.3663, "amount": 308.0, "side": "buy", "timestamp": 1766015862454}, {"id": "546999118", "price": 0.3662, "amount": 26.0, "side": "sell", "timestamp": 1766015862487}, {"id": "546999119", "price": 0.3662, "amount": 73.0, "side": "sell", "timestamp": 1766015862853}, {"id": "546999121", "price": 0.3662, "amount": 30.0, "side": "sell", "timestamp": 1766015865606}, {"id": "546999122", "price": 0.3662, "amount": 28.0, "side": "sell", "timestamp": 1766015867311}, {"id": "546999123", "price": 0.3662, "amount": 191.0, "side": "sell", "timestamp": 1766015867494}, {"id": "546999124", "price": 0.3662, "amount": 32.0, "side": "sell", "timestamp": 1766015868953}, {"id": "546999125", "price": 0.3662, "amount": 85.0, "side": "sell", "timestamp": 1766015870261}, {"id": "546999126", "price": 0.3663, "amount": 35577.0, "side": "buy", "timestamp": 1766015873373}, {"id": "546999127", "price": 0.3663, "amount": 13254.0, "side": "buy", "timestamp": 1766015873492}, {"id": "546999128", "price": 0.3662, "amount": 18.0, "side": "sell", "timestamp": 1766015875558}, {"id": "546999129", "price": 0.3663, "amount": 193.0, "side": "buy", "timestamp": 1766015877315}, {"id": "546999130", "price": 0.3662, "amount": 86.0, "side": "sell", "timestamp": 1766015878157}, {"id": "546999131", "price": 0.3663, "amount": 272.0, "side": "buy", "timestamp": 1766015879455}, {"id": "546999132", "price": 0.3662, "amount": 22.0, "side": "sell", "timestamp": 1766015880110}, {"id": "546999133", "price": 0.3662, "amount": 130.0, "side": "sell", "timestamp": 1766015880230}, {"id": "546999134", "price": 0.3662, "amount": 102.0, "side": "sell", "timestamp": 1766015881154}, {"id": "546999135", "price": 0.3662, "amount": 430.0, "side": "sell", "timestamp": 1766015882379}, {"id": "546999136", "price": 0.3663, "amount": 58.0, "side": "buy", "timestamp": 1766015884327}, {"id": "546999137", "price": 0.3662, "amount": 260.0, "side": "sell", "timestamp": 1766015884716}, {"id": "546999138", "price": 0.3663, "amount": 40.0, "side": "buy", "timestamp": 1766015885092}, {"id": "546999139", "price": 0.3663, "amount": 23.0, "side": "buy", "timestamp": 1766015885505}, {"id": "546999140", "price": 0.3663, "amount": 30.0, "side": "buy", "timestamp": 1766015888053}, {"id": "546999141", "price": 0.3663, "amount": 25.0, "side": "buy", "timestamp": 1766015889566}, {"id": "546999142", "price": 0.3662, "amount": 61.0, "side": "sell", "timestamp": 1766015890045}, {"id": "546999143", "price": 0.3663, "amount": 60.0, "side": "buy", "timestamp": 1766015890940}, {"id": "546999144", "price": 0.3663, "amount": 3503.0, "side": "buy", "timestamp": 1766015891640}, {"id": "546999145", "price": 0.3663, "amount": 980.0, "side": "buy", "timestamp": 1766015892691}, {"id": "546999146", "price": 0.3662, "amount": 27.0, "side": "sell", "timestamp": 1766015893387}, {"id": "546999147", "price": 0.3662, "amount": 16.0, "side": "sell", "timestamp": 1766015895120}, {"id": "546999148", "price": 0.3662, "amount": 28.0, "side": "sell", "timestamp": 1766015896411}, {"id": "546999149", "price": 0.3663, "amount": 2333.0, "side": "buy", "timestamp": 1766015896478}, {"id": "546999150", "price": 0.3663, "amount": 41.0, "side": "buy", "timestamp": 1766015898538}, {"id": "546999151", "price": 0.3662, "amount": 19.0, "side": "sell", "timestamp": 1766015899080}, {"id": "546999152", "price": 0.3662, "amount": 20.0, "side": "sell", "timestamp": 1766015899242}, {"id": "546999153", "price": 0.3662, "amount": 53.0, "side": "sell", "timestamp": 1766015900326}, {"id": "546999154", "price": 0.3663, "amount": 11321.0, "side": "buy", "timestamp": 1766015900371}, {"id": "546999155", "price": 0.3663, "amount": 38.0, "side": "sell", "timestamp": 1766015904180}, {"id": "546999156", "price": 0.3663, "amount": 70.0, "side": "sell", "timestamp": 1766015904769}, {"id": "546999157", "price": 0.3664, "amount": 4268.0, "side": "buy", "timestamp": 1766015906173}, {"id": "546999158", "price": 0.3665, "amount": 1187.0, "side": "buy", "timestamp": 1766015909140}, {"id": "546999159", "price": 0.3665, "amount": 6517.0, "side": "buy", "timestamp": 1766015910555}, {"id": "546999160", "price": 0.3665, "amount": 14.0, "side": "sell", "timestamp": 1766015910834}, {"id": "546999161", "price": 0.3665, "amount": 19.0, "side": "sell", "timestamp": 1766015911432}, {"id": "546999162", "price": 0.3665, "amount": 15.0, "side": "sell", "timestamp": 1766015911765}, {"id": "546999163", "price": 0.3665, "amount": 43.0, "side": "sell", "timestamp": 1766015913094}, {"id": "546999164", "price": 0.3666, "amount": 47465.0, "side": "buy", "timestamp": 1766015913913}, {"id": "546999165", "price": 0.3666, "amount": 67.0, "side": "sell", "timestamp": 1766015914909}, {"id": "546999166", "price": 0.3666, "amount": 69.0, "side": "sell", "timestamp": 1766015915980}, {"id": "546999167", "price": 0.3667, "amount": 156.0, "side": "buy", "timestamp": 1766015916122}, {"id": "546999168", "price": 0.3666, "amount": 19.0, "side": "sell", "timestamp": 1766015917873}, {"id": "546999169", "price": 0.3667, "amount": 14.0, "side": "buy", "timestamp": 1766015918398}, {"id": "546999170", "price": 0.3666, "amount": 584.0, "side": "sell", "timestamp": 1766015918519}, {"id": "546999181", "price": 0.3666, "amount": 26180.0, "side": "sell", "timestamp": 1766015927046}, {"id": "546999182", "price": 0.3666, "amount": 272.0, "side": "buy", "timestamp": 1766015927051}, {"id": "546999183", "price": 0.3666, "amount": 80.0, "side": "buy", "timestamp": 1766015927364}, {"id": "546999184", "price": 0.3667, "amount": 33.0, "side": "buy", "timestamp": 1766015927641}, {"id": "546999185", "price": 0.3667, "amount": 1426.0, "side": "buy", "timestamp": 1766015928767}, {"id": "546999186", "price": 0.3667, "amount": 131.0, "side": "buy", "timestamp": 1766015931212}, {"id": "546999187", "price": 0.3666, "amount": 14.0, "side": "sell", "timestamp": 1766015932082}, {"id": "546999188", "price": 0.3666, "amount": 30947.0, "side": "sell", "timestamp": 1766015933527}, {"id": "546999189", "price": 0.3665, "amount": 428.0, "side": "sell", "timestamp": 1766015933605}, {"id": "546999190", "price": 0.3666, "amount": 524.0, "side": "buy", "timestamp": 1766015936366}, {"id": "546999191", "price": 0.3665, "amount": 14.0, "side": "sell", "timestamp": 1766015936911}, {"id": "546999192", "price": 0.3665, "amount": 1.0, "side": "sell", "timestamp": 1766015939467}, {"id": "546999193", "price": 0.3666, "amount": 1489.0, "side": "buy", "timestamp": 1766015940137}, {"id": "546999194", "price": 0.3666, "amount": 14.0, "side": "sell", "timestamp": 1766015941046}, {"id": "546999195", "price": 0.3667, "amount": 197.0, "side": "buy", "timestamp": 1766015942852}, {"id": "546999196", "price": 0.3667, "amount": 545.0, "side": "buy", "timestamp": 1766015943439}, {"id": "546999197", "price": 0.3667, "amount": 15.0, "side": "buy", "timestamp": 1766015944474}, {"id": "546999198", "price": 0.3666, "amount": 383.0, "side": "sell", "timestamp": 1766015944504}, {"id": "546999199", "price": 0.3667, "amount": 21.0, "side": "buy", "timestamp": 1766015944554}, {"id": "546999200", "price": 0.3666, "amount": 28.0, "side": "sell", "timestamp": 1766015944938}, {"id": "546999201", "price": 0.3667, "amount": 16.0, "side": "buy", "timestamp": 1766015945184}, {"id": "546999202", "price": 0.3667, "amount": 14.0, "side": "buy", "timestamp": 1766015945456}, {"id": "546999203", "price": 0.3667, "amount": 46.0, "side": "buy", "timestamp": 1766015945680}, {"id": "546999204", "price": 0.3666, "amount": 22.0, "side": "sell", "timestamp": 1766015945956}, {"id": "546999205", "price": 0.3667, "amount": 56.0, "side": "buy", "timestamp": 1766015946096}, {"id": "546999206", "price": 0.3667, "amount": 27.0, "side": "buy", "timestamp": 1766015946426}, {"id": "546999207", "price": 0.3666, "amount": 64.0, "side": "sell", "timestamp": 1766015947126}, {"id": "546999208", "price": 0.3667, "amount": 34701.0, "side": "buy", "timestamp": 1766015947290}, {"id": "546999209", "price": 0.3667, "amount": 106.0, "side": "sell", "timestamp": 1766015947309}, {"id": "546999210", "price": 0.3667, "amount": 19.0, "side": "sell", "timestamp": 1766015948236}, {"id": "546999211", "price": 0.3667, "amount": 500.0, "side": "sell", "timestamp": 1766015949070}, {"id": "546999212", "price": 0.3667, "amount": 44.0, "side": "sell", "timestamp": 1766015949416}, {"id": "546999213", "price": 0.3667, "amount": 180.0, "side": "sell", "timestamp": 1766015950761}, {"id": "546999214", "price": 0.3667, "amount": 24.0, "side": "sell", "timestamp": 1766015951224}, {"id": "546999215", "price": 0.3667, "amount": 52.0, "side": "sell", "timestamp": 1766015953289}, {"id": "546999216", "price": 0.3667, "amount": 114.0, "side": "sell", "timestamp": 1766015956952}, {"id": "546999217", "price": 0.3668, "amount": 3213.0, "side": "buy", "timestamp": 1766015957100}, {"id": "546999218", "price": 0.3667, "amount": 31.0, "side": "sell", "timestamp": 1766015957876}, {"id": "546999219", "price": 0.3668, "amount": 21851.0, "side": "buy", "timestamp": 1766015958051}, {"id": "546999220", "price": 0.3668, "amount": 365.0, "side": "buy", "timestamp": 1766015958268}, {"id": "546999221", "price": 0.3667, "amount": 101.0, "side": "sell", "timestamp": 1766015959886}, {"id": "546999222", "price": 0.3667, "amount": 15.0, "side": "sell", "timestamp": 1766015961734}, {"id": "546999223", "price": 0.3667, "amount": 392.0, "side": "sell", "timestamp": 1766015962978}, {"id": "546999224", "price": 0.3668, "amount": 33.0, "side": "buy", "timestamp": 1766015963642}, {"id": "546999225", "price": 0.3667, "amount": 80.0, "side": "sell", "timestamp": 1766015964222}, {"id": "546999226", "price": 0.3668, "amount": 43.0, "side": "buy", "timestamp": 1766015965192}, {"id": "546999227", "price": 0.3667, "amount": 14.0, "side": "sell", "timestamp": 1766015965250}, {"id": "546999228", "price": 0.3668, "amount": 2041.0, "side": "buy", "timestamp": 1766015969835}, {"id": "546999229", "price": 0.3667, "amount": 30.0, "side": "sell", "timestamp": 1766015971027}, {"id": "546999230", "price": 0.3667, "amount": 17.0, "side": "sell", "timestamp": 1766015972921}]