[{"symbol": "XRPUSDT", "bids": [[2.0142, 9408.1], [2.0141, 9457.8], [2.014, 8713.8], [2.0139, 20687.5], [2.0138, 78545.1], [2.0137, 57579.7], [2.0136, 39570.8], [2.0135, 32581.2], [2.0134, 42321.6], [2.0133, 25160.8], [2.0132, 35593.9], [2.0131, 54383.0], [2.013, 56951.7], [2.0129, 147769.6], [2.0128, 33222.8], [2.0127, 58480.9], [2.0126, 62695.4], [2.0125, 52225.6], [2.0124, 30487.6], [2.0123, 27949.6]], "asks": [[2.0143, 38362.8], [2.0144, 27045.7], [2.0145, 35965.0], [2.0146, 36994.2], [2.0147, 41742.0], [2.0148, 35302.9], [2.0149, 30379.1], [2.015, 34331.2], [2.0151, 41392.3], [2.0152, 41751.7], [2.0153, 61787.1], [2.0154, 48931.0], [2.0155, 105443.3], [2.0156, 37082.4], [2.0157, 54050.9], [2.0158, 87468.2], [2.0159, 24932.7], [2.016, 32644.5], [2.0161, 31625.0], [2.0162, 38159.9]], "timestamp": "2025-12-14T08:49:38.523016+00:00"}, {"symbol": "XRPUSDT", "bids": [[2.0141, 6528.7], [2.014, 8533.8], [2.0139, 21756.2], [2.0138, 21170.2], [2.0137, 68947.0], [2.0136, 70818.1], [2.0135, 40874.5], [2.0134, 53092.8], [2.0133, 26361.9], [2.0132, 58055.2], [2.0131, 50680.4], [2.013, 42215.5], [2.0129, 109098.7], [2.0128, 32460.0], [2.0127, 56840.3], [2.0126, 63913.5], [2.0125, 53297.4], [2.0124, 29323.9], [2.0123, 17700.8], [2.0122, 41427.0]], "asks": [[2.0142, 22875.5], [2.0143, 38608.7], [2.0144, 23423.0], [2.0145, 22338.7], [2.0146, 25062.0], [2.0147, 26279.1], [2.0148, 24493.6], [2.0149, 35665.4], [2.015, 34020.9], [2.0151, 39535.6], [2.0152, 44474.9], [2.0153, 77328.4], [2.0154, 121599.4], [2.0155, 24916.7], [2.0156, 30685.3], [2.0157, 60656.8], [2.0158, 75234.7], [2.0159, 27231.0], [2.016, 50592.2], [2.0161, 33612.7]], "timestamp": "2025-12-14T08:50:31.367519+00:00"}, {"symbol": "XRPUSDT", "bids": [[2.0141, 11287.9], [2.014, 12165.6], [2.0139, 15860.5], [2.0138, 30186.2], [2.0137, 59499.3], [2.0136, 47192.8], [2.0135, 68987.5], [2.0134, 43331.1], [2.0133, 35736.3], [2.0132, 40173.6], [2.0131, 51157.5], [2.013, 39385.3], [2.0129, 41966.6], [2.0128, 135379.7], [2.0127, 54782.5], [2.0126, 63241.0], [2.0125, 54776.3], [2.0124, 30776.9], [2.0123, 27075.3], [2.0122, 33877.3]], "asks": [[2.0142, 21906.4], [2.0143, 37150.3], [2.0144, 49838.7], [2.0145, 29023.8], [2.0146, 21978.3], [2.0147, 29296.6], [2.0148, 17136.9], [2.0149, 21832.5], [2.015, 34209.0], [2.0151, 29712.4], [2.0152, 39832.0], [2.0153, 76392.9], [2.0154, 118300.1], [2.0155, 21183.3], [2.0156, 22248.9], [2.0157, 53925.7], [2.0158, 70099.6], [2.0159, 26984.2], [2.016, 47239.2], [2.0161, 37155.0]], "timestamp": "2025-12-14T08:51:24.224218+00:00"}, {"symbol": "XRPUSDT", "bids": [[2.0141, 15487.8], [2.014, 5172.9], [2.0139, 16311.5], [2.0138, 27155.8], [2.0137, 68099.2], [2.0136, 37642.3], [2.0135, 69837.5], [2.0134, 41824.1], [2.0133, 35599.6], [2.0132, 44541.2], [2.0131, 51207.1], [2.013, 39583.5], [2.0129, 41233.9], [2.0128, 130470.7], [2.0127, 56963.5], [2.0126, 64147.6], [2.0125, 52268.6], [2.0124, 30074.8], [2.0123, 31372.5], [2.0122, 36518.1]], "asks": [[2.0142, 25141.8], [2.0143, 30841.1], [2.0144, 27056.6], [2.0145, 23715.8], [2.0146, 35848.0], [2.0147, 21754.4], [2.0148, 21675.4], [2.0149, 23827.6], [2.015, 34451.2], [2.0151, 28789.3], [2.0152, 42178.5], [2.0153, 144072.1], [2.0154, 31370.7], [2.0155, 18374.1], [2.0156, 27129.2], [2.0157, 57360.4], [2.0158, 60129.5], [2.0159, 25565.2], [2.016, 52820.8], [2.0161, 37150.9]], "timestamp": "2025-12-14T08:52:17.455325+00:00"}, {"symbol": "XRPUSDT", "bids": [[2.0139, 37463.1], [2.0138, 25936.2], [2.0137, 71446.1], [2.0136, 45265.8], [2.0135, 35795.7], [2.0134, 56443.1], [2.0133, 36636.5], [2.0132, 45947.5], [2.0131, 47382.7], [2.013, 41208.3], [2.0129, 27787.8], [2.0128, 50337.4], [2.0127, 144312.9], [2.0126, 66051.3], [2.0125, 52588.5], [2.0124, 31875.3], [2.0123, 23951.1], [2.0122, 42564.5], [2.0121, 77584.8], [2.012, 54371.7]], "asks": [[2.014, 15307.9], [2.0141, 9213.2], [2.0142, 31896.5], [2.0143, 26995.7], [2.0144, 33588.1], [2.0145, 26966.2], [2.0146, 41131.5], [2.0147, 50667.8], [2.0148, 59337.0], [2.0149, 29360.1], [2.015, 24832.8], [2.0151, 29133.6], [2.0152, 45490.6], [2.0153, 151653.9], [2.0154, 31365.8], [2.0155, 27263.4], [2.0156, 32051.5], [2.0157, 51485.3], [2.0158, 60069.0], [2.0159, 26339.5]], "timestamp": "2025-12-14T08:53:10.808192+00:00"}, {"symbol": "XRPUSDT", "bids": [[2.0146, 12684.9], [2.0145, 9413.3], [2.0144, 12482.6], [2.0143, 29865.6], [2.0142, 71207.4], [2.0141, 41322.0], [2.014, 70025.3], [2.0139, 66478.9], [2.0138, 33184.4], [2.0137, 79922.2], [2.0136, 29719.9], [2.0135, 37855.5], [2.0134, 52913.9], [2.0133, 31355.6], [2.0132, 138960.8], [2.0131, 46980.5], [2.013, 50965.1], [2.0129, 21849.8], [2.0128, 35584.9], [2.0127, 60340.5]], "asks": [[2.0147, 25809.9], [2.0148, 21558.4], [2.0149, 23376.1], [2.015, 24942.2], [2.0151, 26927.9], [2.0152, 36532.4], [2.0153, 32459.6], [2.0154, 38668.6], [2.0155, 19960.6], [2.0156, 42763.6], [2.0157, 126644.9], [2.0158, 58140.3], [2.0159, 26566.7], [2.016, 42736.0], [2.0161, 43268.8], [2.0162, 51607.0], [2.0163, 50524.6], [2.0164, 25465.2], [2.0165, 11813.2], [2.0166, 32006.9]], "timestamp": "2025-12-14T08:54:04.047750+00:00"}, {"symbol": "XRPUSDT", "bids": [[2.0146, 30756.7], [2.0145, 18185.4], [2.0144, 26159.3], [2.0143, 44009.9], [2.0142, 62722.6], [2.0141, 64509.7], [2.014, 69080.7], [2.0139, 64702.0], [2.0138, 29780.0], [2.0137, 79722.2], [2.0136, 31728.1], [2.0135, 36057.1], [2.0134, 68557.4], [2.0133, 119690.8], [2.0132, 36989.9], [2.0131, 48885.0], [2.013, 54640.3], [2.0129, 26366.5], [2.0128, 42819.7], [2.0127, 54778.2]], "asks": [[2.0147, 6599.6], [2.0148, 8204.3], [2.0149, 26464.3], [2.015, 21921.1], [2.0151, 29561.7], [2.0152, 37613.4], [2.0153, 33602.1], [2.0154, 39579.7], [2.0155, 27561.1], [2.0156, 33626.6], [2.0157, 58513.3], [2.0158, 136180.9], [2.0159, 21536.1], [2.016, 25611.0], [2.0161, 41600.7], [2.0162, 40867.2], [2.0163, 60507.4], [2.0164, 27210.3], [2.0165, 26969.3], [2.0166, 31711.3]], "timestamp": "2025-12-14T08:54:57.916826+00:00"}, {"symbol": "XRPUSDT", "bids": [[2.0148, 19563.1], [2.0147, 4724.4], [2.0146, 13837.9], [2.0145, 7601.7], [2.0144, 18463.3], [2.0143, 38526.4], [2.0142, 65217.3], [2.0141, 78773.4], [2.014, 100299.1], [2.0139, 57448.7], [2.0138, 24057.4], [2.0137, 51197.3], [2.0136, 26092.3], [2.0135, 49111.4], [2.0134, 144868.5], [2.0133, 19116.3], [2.0132, 39315.4], [2.0131, 51271.9], [2.013, 50978.1], [2.0129, 33645.5]], "asks": [[2.0149, 70126.4], [2.015, 35681.4], [2.0151, 27873.1], [2.0152, 28535.2], [2.0153, 25715.9], [2.0154, 29441.8], [2.0155, 31257.2], [2.0156, 38035.2], [2.0157, 50602.9], [2.0158, 57778.6], [2.0159, 34182.8], [2.016, 109372.7], [2.0161, 35163.7], [2.0162, 42071.0], [2.0163, 51652.7], [2.0164, 27395.6], [2.0165, 35929.6], [2.0166, 28121.9], [2.0167, 24492.2], [2.0168, 29733.2]], "timestamp": "2025-12-14T08:55:50.666781+00:00"}, {"symbol": "XRPUSDT", "bids": [[2.0139, 49522.5], [2.0138, 9573.5], [2.0137, 15638.0], [2.0136, 14827.7], [2.0135, 16156.0], [2.0134, 27277.8], [2.0133, 27017.5], [2.0132, 69773.4], [2.0131, 55970.5], [2.013, 42077.7], [2.0129, 20549.0], [2.0128, 48939.4], [2.0127, 150948.0], [2.0126, 60811.2], [2.0125, 40607.1], [2.0124, 22867.7], [2.0123, 26466.2], [2.0122, 38516.0], [2.0121, 122142.5], [2.012, 71338.1]], "asks": [[2.014, 10080.9], [2.0141, 1100.7], [2.0142, 17899.6], [2.0143, 27967.1], [2.0144, 40357.7], [2.0145, 35858.1], [2.0146, 74827.5], [2.0147, 46583.5], [2.0148, 30801.6], [2.0149, 30962.6], [2.015, 27787.7], [2.0151, 18993.7], [2.0152, 68718.6], [2.0153, 150775.5], [2.0154, 109450.2], [2.0155, 22563.5], [2.0156, 32415.4], [2.0157, 43067.6], [2.0158, 59514.9], [2.0159, 24872.9]], "timestamp": "2025-12-14T08:56:44.280356+00:00"}, {"symbol": "XRPUSDT", "bids": [[2.0134, 29073.8], [2.0133, 8975.1], [2.0132, 18367.5], [2.0131, 21711.1], [2.013, 14060.4], [2.0129, 19453.7], [2.0128, 48406.6], [2.0127, 89232.7], [2.0126, 62280.8], [2.0125, 39026.7], [2.0124, 109992.6], [2.0123, 24822.8], [2.0122, 24136.4], [2.0121, 70601.7], [2.012, 56217.5], [2.0119, 29475.7], [2.0118, 30421.4], [2.0117, 65538.2], [2.0116, 69013.0], [2.0115, 41326.6]], "asks": [[2.0135, 22834.3], [2.0136, 37795.4], [2.0137, 19581.3], [2.0138, 32477.7], [2.0139, 45458.4], [2.014, 40214.6], [2.0141, 30402.4], [2.0142, 31699.4], [2.0143, 35882.1], [2.0144, 21439.5], [2.0145, 54612.1], [2.0146, 71536.7], [2.0147, 31888.6], [2.0148, 106619.3], [2.0149, 27459.0], [2.015, 30758.9], [2.0151, 24014.7], [2.0152, 55541.7], [2.0153, 50717.9], [2.0154, 18108.7]], "timestamp": "2025-12-14T08:57:38.230005+00:00"}, {"symbol": "XRPUSDT", "bids": [[2.0135, 29964.8], [2.0134, 13043.1], [2.0133, 10802.5], [2.0132, 18542.4], [2.0131, 51999.3], [2.013, 15562.3], [2.0129, 23112.8], [2.0128, 60198.7], [2.0127, 66922.6], [2.0126, 63830.6], [2.0125, 30591.1], [2.0124, 23984.7], [2.0123, 59602.9], [2.0122, 120372.5], [2.0121, 72590.9], [2.012, 68367.9], [2.0119, 29551.8], [2.0118, 28536.5], [2.0117, 70948.6], [2.0116, 61307.2]], "asks": [[2.0136, 43823.6], [2.0137, 4039.0], [2.0138, 10484.6], [2.0139, 18298.3], [2.014, 36291.4], [2.0141, 34913.9], [2.0142, 43096.9], [2.0143, 82592.0], [2.0144, 28470.3], [2.0145, 47708.1], [2.0146, 27974.4], [2.0147, 25671.9], [2.0148, 141094.0], [2.0149, 22574.4], [2.015, 38916.2], [2.0151, 28493.5], [2.0152, 56332.6], [2.0153, 50732.7], [2.0154, 17838.5], [2.0155, 39239.5]], "timestamp": "2025-12-14T08:58:31.319938+00:00"}, {"symbol": "XRPUSDT", "bids": [[2.0133, 43232.7], [2.0132, 14858.8], [2.0131, 15530.0], [2.013, 20053.7], [2.0129, 19190.2], [2.0128, 50426.4], [2.0127, 67814.2], [2.0126, 63498.8], [2.0125, 29053.6], [2.0124, 25031.8], [2.0123, 44155.9], [2.0122, 38286.7], [2.0121, 169450.9], [2.012, 55684.4], [2.0119, 25441.3], [2.0118, 33177.3], [2.0117, 65666.5], [2.0116, 67518.8], [2.0115, 41377.0], [2.0114, 29872.1]], "asks": [[2.0134, 6172.7], [2.0135, 3374.0], [2.0136, 13243.5], [2.0137, 18809.9], [2.0138, 22645.2], [2.0139, 25881.0], [2.014, 36123.2], [2.0141, 41369.1], [2.0142, 36059.6], [2.0143, 79614.2], [2.0144, 24153.1], [2.0145, 41638.2], [2.0146, 28282.0], [2.0147, 108436.4], [2.0148, 54565.1], [2.0149, 22717.8], [2.015, 48243.9], [2.0151, 19729.6], [2.0152, 63318.0], [2.0153, 49960.7]], "timestamp": "2025-12-14T08:59:24.181463+00:00"}, {"symbol": "XRPUSDT", "bids": [[2.0134, 2438.3], [2.0133, 3886.4], [2.0132, 15913.8], [2.0131, 48544.3], [2.013, 16105.3], [2.0129, 14956.2], [2.0128, 54448.6], [2.0127, 69676.2], [2.0126, 64452.8], [2.0125, 28485.5], [2.0124, 26549.1], [2.0123, 44145.4], [2.0122, 39321.0], [2.0121, 167598.0], [2.012, 63156.9], [2.0119, 25344.2], [2.0118, 32337.9], [2.0117, 64871.3], [2.0116, 64912.4], [2.0115, 41566.1]], "asks": [[2.0135, 45326.6], [2.0136, 33278.6], [2.0137, 45043.5], [2.0138, 13307.3], [2.0139, 20201.5], [2.014, 37117.5], [2.0141, 37115.7], [2.0142, 34579.8], [2.0143, 78916.9], [2.0144, 27313.6], [2.0145, 39856.1], [2.0146, 32411.7], [2.0147, 39693.6], [2.0148, 144835.8], [2.0149, 29126.1], [2.015, 42055.6], [2.0151, 19012.5], [2.0152, 54422.8], [2.0153, 50452.3], [2.0154, 29842.0]], "timestamp": "2025-12-14T09:00:17.340645+00:00"}, {"symbol": "XRPUSDT", "bids": [[2.0138, 52484.3], [2.0137, 10706.9], [2.0136, 18561.9], [2.0135, 15768.2], [2.0134, 36705.9], [2.0133, 37924.6], [2.0132, 16263.5], [2.0131, 69827.3], [2.013, 47993.2], [2.0129, 28938.0], [2.0128, 24364.6], [2.0127, 75409.7], [2.0126, 157408.3], [2.0125, 25131.2], [2.0124, 31628.6], [2.0123, 41109.0], [2.0122, 25614.2], [2.0121, 73268.3], [2.012, 80759.5], [2.0119, 29062.4]], "asks": [[2.0139, 17948.9], [2.014, 10164.3], [2.0141, 30536.4], [2.0142, 38316.1], [2.0143, 24915.5], [2.0144, 19182.7], [2.0145, 28930.9], [2.0146, 41355.5], [2.0147, 35031.1], [2.0148, 55645.5], [2.0149, 25754.4], [2.015, 42771.4], [2.0151, 90454.9], [2.0152, 58004.0], [2.0153, 63715.8], [2.0154, 40348.7], [2.0155, 33357.1], [2.0156, 20193.9], [2.0157, 54287.3], [2.0158, 59427.1]], "timestamp": "2025-12-14T09:01:09.893997+00:00"}, {"symbol": "XRPUSDT", "bids": [[2.013, 7668.7], [2.0129, 10751.1], [2.0128, 23689.2], [2.0127, 23083.3], [2.0126, 55284.4], [2.0125, 31608.7], [2.0124, 43045.7], [2.0123, 51896.3], [2.0122, 32840.0], [2.0121, 75742.3], [2.012, 55180.7], [2.0119, 22691.2], [2.0118, 50849.7], [2.0117, 165174.8], [2.0116, 67638.7], [2.0115, 38696.1], [2.0114, 38823.8], [2.0113, 28600.2], [2.0112, 45127.9], [2.0111, 112208.1]], "asks": [[2.0131, 10922.7], [2.0132, 24342.9], [2.0133, 27313.0], [2.0134, 32303.7], [2.0135, 44892.2], [2.0136, 78143.7], [2.0137, 51165.9], [2.0138, 55318.9], [2.0139, 35580.3], [2.014, 30667.3], [2.0141, 36336.5], [2.0142, 21223.5], [2.0143, 59631.7], [2.0144, 25110.2], [2.0145, 128160.0], [2.0146, 33230.0], [2.0147, 37204.7], [2.0148, 59002.7], [2.0149, 27589.8], [2.015, 54499.7]], "timestamp": "2025-12-14T09:02:03.418014+00:00"}, {"symbol": "XRPUSDT", "bids": [[2.0135, 5524.1], [2.0134, 5752.3], [2.0133, 9833.4], [2.0132, 10918.6], [2.0131, 50795.4], [2.013, 33764.5], [2.0129, 25199.3], [2.0128, 48247.9], [2.0127, 49192.4], [2.0126, 54992.6], [2.0125, 39654.9], [2.0124, 32652.6], [2.0123, 38959.5], [2.0122, 127675.5], [2.0121, 70271.5], [2.012, 57500.5], [2.0119, 29468.8], [2.0118, 30504.3], [2.0117, 70263.7], [2.0116, 66486.2]], "asks": [[2.0136, 42519.9], [2.0137, 21932.1], [2.0138, 31262.8], [2.0139, 37722.6], [2.014, 32651.7], [2.0141, 36428.6], [2.0142, 33641.2], [2.0143, 62397.7], [2.0144, 9665.3], [2.0145, 41809.3], [2.0146, 33782.7], [2.0147, 42913.2], [2.0148, 142292.2], [2.0149, 26380.7], [2.015, 55486.9], [2.0151, 23814.1], [2.0152, 58618.8], [2.0153, 55248.6], [2.0154, 26459.4], [2.0155, 15906.0]], "timestamp": "2025-12-14T09:02:57.258064+00:00"}, {"symbol": "XRPUSDT", "bids": [[2.0134, 4970.6], [2.0133, 480.6], [2.0132, 11033.7], [2.0131, 46786.5], [2.013, 21551.6], [2.0129, 46851.6], [2.0128, 31940.9], [2.0127, 36032.8], [2.0126, 72447.4], [2.0125, 41636.0], [2.0124, 35596.6], [2.0123, 41324.9], [2.0122, 30483.0], [2.0121, 85334.8], [2.012, 159844.3], [2.0119, 28562.4], [2.0118, 27796.2], [2.0117, 63361.5], [2.0116, 67048.7], [2.0115, 33369.2]], "asks": [[2.0135, 53154.5], [2.0136, 32029.3], [2.0137, 26897.4], [2.0138, 30925.6], [2.0139, 26228.0], [2.014, 36899.6], [2.0141, 37635.7], [2.0142, 22882.5], [2.0143, 25303.0], [2.0144, 20056.0], [2.0145, 40660.8], [2.0146, 38728.0], [2.0147, 94435.5], [2.0148, 51236.2], [2.0149, 28608.6], [2.015, 28853.0], [2.0151, 12179.4], [2.0152, 68803.5], [2.0153, 55230.8], [2.0154, 26999.3]], "timestamp": "2025-12-14T09:03:50.161418+00:00"}, {"symbol": "XRPUSDT", "bids": [[2.0136, 70435.3], [2.0135, 17243.4], [2.0134, 18679.3], [2.0133, 21921.9], [2.0132, 18851.8], [2.0131, 45907.5], [2.013, 19662.8], [2.0129, 41394.3], [2.0128, 47657.9], [2.0127, 40380.2], [2.0126, 52090.5], [2.0125, 57652.1], [2.0124, 124085.3], [2.0123, 39300.7], [2.0122, 30345.2], [2.0121, 72107.9], [2.012, 67253.2], [2.0119, 30815.7], [2.0118, 33791.2], [2.0117, 63311.9]], "asks": [[2.0137, 3533.0], [2.0138, 15537.1], [2.0139, 23552.3], [2.014, 35118.5], [2.0141, 49553.5], [2.0142, 29002.7], [2.0143, 35110.6], [2.0144, 19018.5], [2.0145, 42093.0], [2.0146, 31637.6], [2.0147, 37438.2], [2.0148, 130182.2], [2.0149, 22356.4], [2.015, 27966.0], [2.0151, 18430.9], [2.0152, 68703.9], [2.0153, 55230.8], [2.0154, 26274.9], [2.0155, 12190.1], [2.0156, 41468.9]], "timestamp": "2025-12-14T09:04:43.197289+00:00"}, {"symbol": "XRPUSDT", "bids": [[2.014, 20485.2], [2.0139, 10995.5], [2.0138, 16711.5], [2.0137, 6254.6], [2.0136, 17973.9], [2.0135, 10626.1], [2.0134, 27906.2], [2.0133, 21169.3], [2.0132, 75945.8], [2.0131, 61773.5], [2.013, 21588.3], [2.0129, 49150.4], [2.0128, 27022.0], [2.0127, 45418.2], [2.0126, 139914.6], [2.0125, 51606.9], [2.0124, 22845.1], [2.0123, 44592.1], [2.0122, 24162.3], [2.0121, 77651.3]], "asks": [[2.0141, 34144.5], [2.0142, 14699.8], [2.0143, 22934.5], [2.0144, 37552.8], [2.0145, 28131.8], [2.0146, 39760.2], [2.0147, 40054.8], [2.0148, 56728.8], [2.0149, 28219.6], [2.015, 45345.9], [2.0151, 100007.0], [2.0152, 57024.3], [2.0153, 53745.7], [2.0154, 33047.6], [2.0155, 11172.5], [2.0156, 51498.1], [2.0157, 62840.1], [2.0158, 60613.9], [2.0159, 14824.2], [2.016, 47853.8]], "timestamp": "2025-12-14T09:05:36.305474+00:00"}, {"symbol": "XRPUSDT", "bids": [[2.014, 34526.4], [2.0139, 11422.4], [2.0138, 26433.3], [2.0137, 14432.9], [2.0136, 16501.7], [2.0135, 11779.0], [2.0134, 27589.3], [2.0133, 19889.9], [2.0132, 77637.5], [2.0131, 62189.6], [2.013, 20075.9], [2.0129, 50533.6], [2.0128, 40071.5], [2.0127, 121023.9], [2.0126, 64520.4], [2.0125, 52238.1], [2.0124, 22404.4], [2.0123, 37570.5], [2.0122, 22952.8], [2.0121, 78633.8]], "asks": [[2.0141, 17165.3], [2.0142, 16408.3], [2.0143, 19303.4], [2.0144, 35028.2], [2.0145, 24786.1], [2.0146, 35129.6], [2.0147, 30634.2], [2.0148, 54767.7], [2.0149, 31650.2], [2.015, 37429.2], [2.0151, 30862.4], [2.0152, 144890.9], [2.0153, 53745.7], [2.0154, 33047.7], [2.0155, 11172.5], [2.0156, 51001.7], [2.0157, 61502.9], [2.0158, 56622.6], [2.0159, 12678.6], [2.016, 46756.2]], "timestamp": "2025-12-14T09:06:29.934986+00:00"}, {"symbol": "XRPUSDT", "bids": [[2.014, 6754.3], [2.0139, 7242.0], [2.0138, 13831.5], [2.0137, 14119.1], [2.0136, 49874.4], [2.0135, 21657.1], [2.0134, 62132.4], [2.0133, 39388.1], [2.0132, 53518.4], [2.0131, 60122.6], [2.013, 17430.6], [2.0129, 62619.1], [2.0128, 114247.5], [2.0127, 29131.8], [2.0126, 61759.6], [2.0125, 59838.5], [2.0124, 25442.8], [2.0123, 38484.0], [2.0122, 22476.3], [2.0121, 81801.2]], "asks": [[2.0141, 36466.0], [2.0142, 29429.2], [2.0143, 47616.2], [2.0144, 18885.1], [2.0145, 16336.0], [2.0146, 32203.7], [2.0147, 35375.2], [2.0148, 15706.6], [2.0149, 28184.7], [2.015, 44810.8], [2.0151, 15090.6], [2.0152, 136918.9], [2.0153, 55923.9], [2.0154, 35821.0], [2.0155, 8675.1], [2.0156, 33284.0], [2.0157, 52685.8], [2.0158, 58518.0], [2.0159, 12109.5], [2.016, 48983.3]], "timestamp": "2025-12-14T09:07:23.092055+00:00"}, {"symbol": "XRPUSDT", "bids": [[2.0142, 38213.4], [2.0141, 17387.1], [2.014, 29283.0], [2.0139, 17548.3], [2.0138, 13891.0], [2.0137, 22553.4], [2.0136, 49806.7], [2.0135, 19635.3], [2.0134, 62206.2], [2.0133, 28679.3], [2.0132, 48023.2], [2.0131, 58274.5], [2.013, 17016.6], [2.0129, 59348.3], [2.0128, 114271.0], [2.0127, 30538.4], [2.0126, 73759.6], [2.0125, 55821.2], [2.0124, 24406.7], [2.0123, 44647.7]], "asks": [[2.0143, 10656.1], [2.0144, 14831.5], [2.0145, 33425.6], [2.0146, 30544.1], [2.0147, 35838.9], [2.0148, 61508.3], [2.0149, 24891.7], [2.015, 29640.8], [2.0151, 23527.4], [2.0152, 59080.0], [2.0153, 66746.0], [2.0154, 105057.2], [2.0155, 9723.4], [2.0156, 29414.2], [2.0157, 52786.7], [2.0158, 66086.8], [2.0159, 12109.5], [2.016, 38353.1], [2.0161, 31826.7], [2.0162, 50947.2]], "timestamp": "2025-12-14T09:08:16.238642+00:00"}, {"symbol": "XRPUSDT", "bids": [[2.0142, 24697.0], [2.0141, 11970.0], [2.014, 27210.4], [2.0139, 14465.6], [2.0138, 13986.8], [2.0137, 16316.0], [2.0136, 51892.4], [2.0135, 26593.4], [2.0134, 61851.2], [2.0133, 28913.5], [2.0132, 50026.4], [2.0131, 58809.1], [2.013, 27357.5], [2.0129, 127345.1], [2.0128, 28361.6], [2.0127, 31578.5], [2.0126, 73759.6], [2.0125, 51797.1], [2.0124, 23192.8], [2.0123, 43379.2]], "asks": [[2.0143, 12410.5], [2.0144, 24164.5], [2.0145, 30793.5], [2.0146, 29732.0], [2.0147, 32355.5], [2.0148, 65554.8], [2.0149, 27014.2], [2.015, 29184.3], [2.0151, 18865.2], [2.0152, 56691.1], [2.0153, 57191.6], [2.0154, 43519.5], [2.0155, 96609.5], [2.0156, 29416.7], [2.0157, 52727.0], [2.0158, 67625.1], [2.0159, 13426.7], [2.016, 38364.1], [2.0161, 31823.7], [2.0162, 50947.2]], "timestamp": "2025-12-14T09:09:09.504730+00:00"}, {"symbol": "XRPUSDT", "bids": [[2.0142, 6598.3], [2.0141, 3635.0], [2.014, 18258.8], [2.0139, 16277.6], [2.0138, 7301.1], [2.0137, 19373.3], [2.0136, 51303.9], [2.0135, 35442.9], [2.0134, 63567.6], [2.0133, 32391.7], [2.0132, 48365.9], [2.0131, 58503.3], [2.013, 15687.5], [2.0129, 52962.6], [2.0128, 109622.2], [2.0127, 31843.9], [2.0126, 67460.8], [2.0125, 54340.0], [2.0124, 21494.7], [2.0123, 37918.4]], "asks": [[2.0143, 70808.0], [2.0144, 35809.8], [2.0145, 15673.1], [2.0146, 26703.2], [2.0147, 29576.7], [2.0148, 24190.8], [2.0149, 31835.2], [2.015, 29909.3], [2.0151, 29930.9], [2.0152, 60660.1], [2.0153, 141329.2], [2.0154, 17699.6], [2.0155, 18980.8], [2.0156, 26842.8], [2.0157, 48315.7], [2.0158, 57975.6], [2.0159, 19247.1], [2.016, 27027.9], [2.0161, 30810.4], [2.0162, 58806.8]], "timestamp": "2025-12-14T09:10:02.411205+00:00"}, {"symbol": "XRPUSDT", "bids": [[2.0137, 34207.1], [2.0136, 15785.0], [2.0135, 22307.9], [2.0134, 22459.0], [2.0133, 35966.0], [2.0132, 73655.2], [2.0131, 47872.2], [2.013, 23699.5], [2.0129, 37139.0], [2.0128, 54425.5], [2.0127, 39695.7], [2.0126, 81210.7], [2.0125, 150240.1], [2.0124, 27423.8], [2.0123, 46213.2], [2.0122, 30748.5], [2.0121, 72105.4], [2.012, 45547.2], [2.0119, 40488.9], [2.0118, 28711.8]], "asks": [[2.0138, 12671.3], [2.0139, 18756.7], [2.014, 28814.5], [2.0141, 34184.5], [2.0142, 58316.2], [2.0143, 21460.3], [2.0144, 32119.2], [2.0145, 40021.8], [2.0146, 20400.7], [2.0147, 31873.3], [2.0148, 61917.9], [2.0149, 15989.8], [2.015, 29115.3], [2.0151, 96098.7], [2.0152, 64276.6], [2.0153, 65744.6], [2.0154, 30647.0], [2.0155, 29592.7], [2.0156, 44226.1], [2.0157, 50512.5]], "timestamp": "2025-12-14T09:10:55.575652+00:00"}, {"symbol": "XRPUSDT", "bids": [[2.0132, 39465.8], [2.0131, 2348.4], [2.013, 7639.0], [2.0129, 12185.9], [2.0128, 36572.2], [2.0127, 18574.2], [2.0126, 75322.5], [2.0125, 56746.5], [2.0124, 31747.4], [2.0123, 38832.3], [2.0122, 29242.6], [2.0121, 73711.1], [2.012, 66116.2], [2.0119, 121184.1], [2.0118, 32725.2], [2.0117, 69263.9], [2.0116, 67213.8], [2.0115, 28073.2], [2.0114, 42091.4], [2.0113, 20372.7]], "asks": [[2.0133, 55563.1], [2.0134, 42535.1], [2.0135, 66178.2], [2.0136, 27928.5], [2.0137, 40502.6], [2.0138, 24852.3], [2.0139, 21393.6], [2.014, 68513.2], [2.0141, 48215.6], [2.0142, 62605.8], [2.0143, 23684.8], [2.0144, 20209.0], [2.0145, 50985.1], [2.0146, 109063.9], [2.0147, 41814.6], [2.0148, 60558.5], [2.0149, 27426.3], [2.015, 44849.5], [2.0151, 33889.9], [2.0152, 59333.1]], "timestamp": "2025-12-14T09:11:48.886485+00:00"}, {"symbol": "XRPUSDT", "bids": [[2.0125, 78935.4], [2.0124, 21071.5], [2.0123, 10853.9], [2.0122, 22209.2], [2.0121, 73020.9], [2.012, 33902.7], [2.0119, 23246.9], [2.0118, 42068.2], [2.0117, 67041.8], [2.0116, 93593.1], [2.0115, 36234.0], [2.0114, 54008.0], [2.0113, 120519.2], [2.0112, 34591.6], [2.0111, 64418.4], [2.011, 30361.4], [2.0109, 47118.9], [2.0108, 28159.3], [2.0107, 38454.7], [2.0106, 68728.5]], "asks": [[2.0126, 14874.7], [2.0127, 8499.6], [2.0128, 35985.7], [2.0129, 18842.2], [2.013, 27978.0], [2.0131, 28056.8], [2.0132, 23425.7], [2.0133, 38508.9], [2.0134, 92071.5], [2.0135, 14418.0], [2.0136, 24999.3], [2.0137, 32674.2], [2.0138, 41901.9], [2.0139, 107119.8], [2.014, 71208.5], [2.0141, 28947.6], [2.0142, 29297.4], [2.0143, 15008.6], [2.0144, 15332.9], [2.0145, 37710.4]], "timestamp": "2025-12-14T09:12:42.175878+00:00"}, {"symbol": "XRPUSDT", "bids": [[2.0126, 12222.1], [2.0125, 7219.7], [2.0124, 9630.7], [2.0123, 17218.8], [2.0122, 21240.7], [2.0121, 59750.7], [2.012, 32506.9], [2.0119, 58421.2], [2.0118, 44035.5], [2.0117, 67697.3], [2.0116, 78381.0], [2.0115, 28874.3], [2.0114, 54058.5], [2.0113, 118976.3], [2.0112, 36123.9], [2.0111, 76914.9], [2.011, 30238.2], [2.0109, 41200.0], [2.0108, 31379.9], [2.0107, 34440.9]], "asks": [[2.0127, 31815.6], [2.0128, 31059.8], [2.0129, 20163.5], [2.013, 25874.1], [2.0131, 39246.4], [2.0132, 25988.5], [2.0133, 35441.8], [2.0134, 55758.1], [2.0135, 59620.8], [2.0136, 22872.2], [2.0137, 34295.6], [2.0138, 30876.5], [2.0139, 47679.8], [2.014, 153122.6], [2.0141, 45981.5], [2.0142, 27197.4], [2.0143, 25452.6], [2.0144, 20884.7], [2.0145, 44462.9], [2.0146, 35456.7]], "timestamp": "2025-12-14T09:13:35.228200+00:00"}, {"symbol": "XRPUSDT", "bids": [[2.0124, 9015.2], [2.0123, 10716.2], [2.0122, 18071.2], [2.0121, 54334.3], [2.012, 25480.5], [2.0119, 22064.5], [2.0118, 48194.2], [2.0117, 69959.1], [2.0116, 78411.7], [2.0115, 28467.2], [2.0114, 55759.8], [2.0113, 119515.9], [2.0112, 35814.9], [2.0111, 62668.9], [2.011, 27745.4], [2.0109, 43998.2], [2.0108, 38920.1], [2.0107, 34386.9], [2.0106, 64541.9], [2.0105, 48811.4]], "asks": [[2.0125, 29374.5], [2.0126, 21878.1], [2.0127, 36800.9], [2.0128, 39439.9], [2.0129, 27244.6], [2.013, 33400.4], [2.0131, 23042.1], [2.0132, 40598.9], [2.0133, 27603.3], [2.0134, 52997.9], [2.0135, 59998.3], [2.0136, 15935.2], [2.0137, 30453.1], [2.0138, 49832.6], [2.0139, 138036.9], [2.014, 67222.2], [2.0141, 26971.6], [2.0142, 40456.8], [2.0143, 98127.1], [2.0144, 17231.0]], "timestamp": "2025-12-14T09:14:28.246169+00:00"}, {"symbol": "XRPUSDT", "bids": [[2.012, 61907.8], [2.0119, 22871.2], [2.0118, 32844.2], [2.0117, 21461.5], [2.0116, 23993.3], [2.0115, 29029.0], [2.0114, 39634.9], [2.0113, 32239.6], [2.0112, 31983.7], [2.0111, 32721.4], [2.011, 43297.4], [2.0109, 114934.1], [2.0108, 38114.6], [2.0107, 72573.5], [2.0106, 33617.7], [2.0105, 53167.4], [2.0104, 27278.4], [2.0103, 46862.1], [2.0102, 34454.0], [2.0101, 72427.1]], "asks": [[2.0121, 4054.3], [2.0122, 89811.0], [2.0123, 4995.7], [2.0124, 5693.5], [2.0125, 8158.5], [2.0126, 26484.9], [2.0127, 36980.4], [2.0128, 44986.5], [2.0129, 33749.9], [2.013, 64792.4], [2.0131, 37805.9], [2.0132, 75829.9], [2.0133, 11400.6], [2.0134, 163409.1], [2.0135, 68191.8], [2.0136, 21614.8], [2.0137, 36946.2], [2.0138, 36079.2], [2.0139, 42215.9], [2.014, 70658.4]], "timestamp": "2025-12-14T09:15:21.103108+00:00"}, {"symbol": "XRPUSDT", "bids": [[2.0118, 14542.1], [2.0117, 20141.9], [2.0116, 13087.8], [2.0115, 30884.5], [2.0114, 36926.1], [2.0113, 53085.1], [2.0112, 55045.1], [2.0111, 26451.8], [2.011, 24856.2], [2.0109, 33837.8], [2.0108, 39666.5], [2.0107, 71462.6], [2.0106, 39083.1], [2.0105, 141439.1], [2.0104, 30782.0], [2.0103, 48061.5], [2.0102, 31333.2], [2.0101, 76774.9], [2.01, 61314.4], [2.0099, 21034.7]], "asks": [[2.0119, 15782.3], [2.012, 7191.1], [2.0121, 29680.9], [2.0122, 44334.1], [2.0123, 38293.4], [2.0124, 64556.6], [2.0125, 67668.4], [2.0126, 38311.9], [2.0127, 18123.8], [2.0128, 32137.8], [2.0129, 42354.8], [2.013, 61993.1], [2.0131, 39995.8], [2.0132, 117361.1], [2.0133, 24797.8], [2.0134, 33199.3], [2.0135, 52983.4], [2.0136, 21894.0], [2.0137, 29509.7], [2.0138, 31725.9]], "timestamp": "2025-12-14T09:16:14.285094+00:00"}, {"symbol": "XRPUSDT", "bids": [[2.012, 25466.5], [2.0119, 22233.6], [2.0118, 13701.2], [2.0117, 21002.5], [2.0116, 19145.1], [2.0115, 27447.4], [2.0114, 40819.4], [2.0113, 75791.0], [2.0112, 56448.0], [2.0111, 26900.9], [2.011, 34292.6], [2.0109, 112833.4], [2.0108, 38614.4], [2.0107, 76613.9], [2.0106, 26986.0], [2.0105, 54945.6], [2.0104, 28130.2], [2.0103, 45828.6], [2.0102, 35468.7], [2.0101, 69713.2]], "asks": [[2.0121, 3518.5], [2.0122, 1139.5], [2.0123, 19740.7], [2.0124, 26842.3], [2.0125, 27256.1], [2.0126, 24701.4], [2.0127, 28438.7], [2.0128, 36167.5], [2.0129, 42092.1], [2.013, 79292.9], [2.0131, 29532.1], [2.0132, 29074.9], [2.0133, 23436.9], [2.0134, 123005.5], [2.0135, 68986.5], [2.0136, 21144.6], [2.0137, 29616.7], [2.0138, 31994.0], [2.0139, 36982.0], [2.014, 80825.3]], "timestamp": "2025-12-14T09:17:07.491915+00:00"}, {"symbol": "XRPUSDT", "bids": [[2.0131, 8454.7], [2.013, 8873.7], [2.0129, 25111.1], [2.0128, 25828.5], [2.0127, 12051.8], [2.0126, 32374.0], [2.0125, 27428.9], [2.0124, 76862.5], [2.0123, 40281.7], [2.0122, 42393.5], [2.0121, 13882.5], [2.012, 22706.1], [2.0119, 10741.8], [2.0118, 55658.5], [2.0117, 144351.5], [2.0116, 35093.5], [2.0115, 40431.7], [2.0114, 16960.2], [2.0113, 75834.1], [2.0112, 60628.8]], "asks": [[2.0132, 32182.8], [2.0133, 18263.0], [2.0134, 35640.2], [2.0135, 17044.5], [2.0136, 19947.7], [2.0137, 30345.4], [2.0138, 39775.4], [2.0139, 48623.7], [2.014, 69750.6], [2.0141, 41764.4], [2.0142, 105781.7], [2.0143, 29492.4], [2.0144, 34050.2], [2.0145, 45326.8], [2.0146, 39285.1], [2.0147, 29675.7], [2.0148, 63199.2], [2.0149, 30952.9], [2.015, 45467.7], [2.0151, 16978.8]], "timestamp": "2025-12-14T09:18:00.542226+00:00"}, {"symbol": "XRPUSDT", "bids": [[2.0124, 8040.2], [2.0123, 8828.5], [2.0122, 6199.4], [2.0121, 9593.3], [2.012, 13886.2], [2.0119, 25706.4], [2.0118, 36548.8], [2.0117, 67582.3], [2.0116, 35989.1], [2.0115, 34119.0], [2.0114, 18312.3], [2.0113, 80739.5], [2.0112, 141315.3], [2.0111, 26594.3], [2.011, 24245.6], [2.0109, 34455.1], [2.0108, 52660.8], [2.0107, 93205.6], [2.0106, 25749.8], [2.0105, 58832.1]], "asks": [[2.0125, 67519.2], [2.0126, 35685.8], [2.0127, 28633.2], [2.0128, 38523.9], [2.0129, 42108.9], [2.013, 42806.6], [2.0131, 30918.2], [2.0132, 24079.9], [2.0133, 36203.0], [2.0134, 30746.9], [2.0135, 63452.7], [2.0136, 6638.5], [2.0137, 113085.9], [2.0138, 38031.3], [2.0139, 40909.9], [2.014, 69765.7], [2.0141, 24989.6], [2.0142, 23408.3], [2.0143, 19955.7], [2.0144, 26434.6]], "timestamp": "2025-12-14T09:18:53.205286+00:00"}, {"symbol": "XRPUSDT", "bids": [[2.0124, 8942.6], [2.0123, 7191.8], [2.0122, 12969.1], [2.0121, 10660.5], [2.012, 16778.8], [2.0119, 18417.8], [2.0118, 40691.1], [2.0117, 67880.1], [2.0116, 33400.2], [2.0115, 41889.1], [2.0114, 18285.3], [2.0113, 75617.4], [2.0112, 69452.6], [2.0111, 112736.3], [2.011, 23044.9], [2.0109, 30901.6], [2.0108, 47930.5], [2.0107, 94854.0], [2.0106, 21531.4], [2.0105, 62432.0]], "asks": [[2.0125, 36646.1], [2.0126, 18100.4], [2.0127, 23217.7], [2.0128, 30447.3], [2.0129, 44514.0], [2.013, 89983.6], [2.0131, 32705.0], [2.0132, 29857.0], [2.0133, 31711.5], [2.0134, 28727.6], [2.0135, 63760.5], [2.0136, 17480.1], [2.0137, 109392.7], [2.0138, 40062.1], [2.0139, 40070.6], [2.014, 69621.7], [2.0141, 23473.1], [2.0142, 25182.0], [2.0143, 22227.4], [2.0144, 23393.5]], "timestamp": "2025-12-14T09:19:46.345713+00:00"}, {"symbol": "XRPUSDT", "bids": [[2.0128, 9656.9], [2.0127, 6357.1], [2.0126, 12452.2], [2.0125, 15359.8], [2.0124, 21629.1], [2.0123, 33235.5], [2.0122, 17719.5], [2.0121, 16986.9], [2.012, 41548.2], [2.0119, 24489.4], [2.0118, 47247.6], [2.0117, 66910.8], [2.0116, 43343.6], [2.0115, 105212.2], [2.0114, 14383.0], [2.0113, 68205.4], [2.0112, 57258.8], [2.0111, 26173.1], [2.011, 27960.7], [2.0109, 25648.7]], "asks": [[2.0129, 20707.3], [2.013, 25609.3], [2.0131, 20779.3], [2.0132, 24426.6], [2.0133, 26838.7], [2.0134, 37751.2], [2.0135, 78676.7], [2.0136, 18758.7], [2.0137, 31651.2], [2.0138, 31225.1], [2.0139, 47437.1], [2.014, 153447.8], [2.0141, 34836.6], [2.0142, 29098.9], [2.0143, 22331.9], [2.0144, 24395.0], [2.0145, 48617.3], [2.0146, 39414.3], [2.0147, 28376.7], [2.0148, 58449.3]], "timestamp": "2025-12-14T09:20:39.415692+00:00"}, {"symbol": "XRPUSDT", "bids": [[2.0125, 5553.8], [2.0124, 14436.0], [2.0123, 7403.3], [2.0122, 6452.1], [2.0121, 11396.8], [2.012, 12687.2], [2.0119, 25391.9], [2.0118, 34721.1], [2.0117, 67707.0], [2.0116, 34899.7], [2.0115, 33956.3], [2.0114, 22964.5], [2.0113, 80063.0], [2.0112, 135407.3], [2.0111, 24966.1], [2.011, 19121.5], [2.0109, 18443.7], [2.0108, 43524.3], [2.0107, 93788.9], [2.0106, 20604.7]], "asks": [[2.0126, 72513.3], [2.0127, 26445.8], [2.0128, 35737.4], [2.0129, 35023.4], [2.013, 56125.3], [2.0131, 31887.2], [2.0132, 14894.6], [2.0133, 24615.4], [2.0134, 50969.1], [2.0135, 67180.4], [2.0136, 20840.9], [2.0137, 117128.9], [2.0138, 34903.1], [2.0139, 30080.8], [2.014, 70992.5], [2.0141, 24910.6], [2.0142, 24173.7], [2.0143, 19352.5], [2.0144, 24217.9], [2.0145, 41801.8]], "timestamp": "2025-12-14T09:21:32.410950+00:00"}, {"symbol": "XRPUSDT", "bids": [[2.0124, 8916.0], [2.0123, 9617.7], [2.0122, 11354.3], [2.0121, 17470.9], [2.012, 19035.2], [2.0119, 18379.4], [2.0118, 42258.0], [2.0117, 61000.5], [2.0116, 29215.0], [2.0115, 27055.4], [2.0114, 19866.8], [2.0113, 85998.9], [2.0112, 149844.7], [2.0111, 25790.9], [2.011, 22261.8], [2.0109, 18446.7], [2.0108, 44387.3], [2.0107, 89293.1], [2.0106, 21550.5], [2.0105, 64093.0]], "asks": [[2.0125, 45539.2], [2.0126, 18366.2], [2.0127, 13537.0], [2.0128, 15784.0], [2.0129, 32344.6], [2.013, 61152.0], [2.0131, 33384.2], [2.0132, 23830.3], [2.0133, 36243.7], [2.0134, 48422.6], [2.0135, 68263.2], [2.0136, 18107.7], [2.0137, 106717.8], [2.0138, 45886.2], [2.0139, 33709.4], [2.014, 68492.5], [2.0141, 24958.1], [2.0142, 24491.5], [2.0143, 16752.9], [2.0144, 22508.2]], "timestamp": "2025-12-14T09:22:25.660086+00:00"}, {"symbol": "XRPUSDT", "bids": [[2.0121, 41054.5], [2.012, 31415.7], [2.0119, 24872.2], [2.0118, 7226.0], [2.0117, 7346.7], [2.0116, 11874.7], [2.0115, 19504.9], [2.0114, 30342.2], [2.0113, 71776.9], [2.0112, 59297.7], [2.0111, 26632.1], [2.011, 22685.8], [2.0109, 39497.1], [2.0108, 136105.9], [2.0107, 76379.8], [2.0106, 19942.6], [2.0105, 63426.4], [2.0104, 100120.5], [2.0103, 54319.7], [2.0102, 22996.3]], "asks": [[2.0122, 9737.5], [2.0123, 15610.5], [2.0124, 22947.6], [2.0125, 26803.3], [2.0126, 16385.4], [2.0127, 20928.4], [2.0128, 33741.4], [2.0129, 62942.1], [2.013, 59476.0], [2.0131, 23462.8], [2.0132, 18529.5], [2.0133, 34717.7], [2.0134, 139551.9], [2.0135, 66853.6], [2.0136, 15955.4], [2.0137, 28277.2], [2.0138, 35181.8], [2.0139, 63870.2], [2.014, 100529.6], [2.0141, 24311.5]], "timestamp": "2025-12-14T09:23:19.034535+00:00"}, {"symbol": "XRPUSDT", "bids": [[2.0114, 29625.0], [2.0113, 15572.1], [2.0112, 11885.0], [2.0111, 19589.8], [2.011, 23856.6], [2.0109, 20164.0], [2.0108, 53172.7], [2.0107, 77298.4], [2.0106, 23399.0], [2.0105, 73163.1], [2.0104, 104369.1], [2.0103, 50310.3], [2.0102, 20682.4], [2.0101, 171139.2], [2.01, 43419.6], [2.0099, 26674.1], [2.0098, 27450.2], [2.0097, 49747.7], [2.0096, 131651.2], [2.0095, 45115.8]], "asks": [[2.0115, 2275.0], [2.0116, 14039.5], [2.0117, 37251.6], [2.0118, 40581.9], [2.0119, 59057.5], [2.012, 72267.9], [2.0121, 42793.8], [2.0122, 55970.7], [2.0123, 35113.1], [2.0124, 50612.5], [2.0125, 73460.1], [2.0126, 12149.3], [2.0127, 33296.3], [2.0128, 113363.0], [2.0129, 55947.1], [2.013, 51055.3], [2.0131, 25356.9], [2.0132, 19653.7], [2.0133, 23385.8], [2.0134, 47369.5]], "timestamp": "2025-12-14T09:24:12.054644+00:00"}, {"symbol": "XRPUSDT", "bids": [[2.0121, 9367.2], [2.012, 8972.1], [2.0119, 23369.6], [2.0118, 10179.5], [2.0117, 36547.9], [2.0116, 20472.8], [2.0115, 45460.0], [2.0114, 30087.9], [2.0113, 71455.9], [2.0112, 64916.1], [2.0111, 29986.6], [2.011, 57523.3], [2.0109, 129779.1], [2.0108, 37503.8], [2.0107, 68639.6], [2.0106, 38270.1], [2.0105, 69894.5], [2.0104, 103539.0], [2.0103, 53174.1], [2.0102, 23678.4]], "asks": [[2.0122, 34624.3], [2.0123, 21525.1], [2.0124, 24162.3], [2.0125, 27708.4], [2.0126, 27826.1], [2.0127, 31786.3], [2.0128, 33716.5], [2.0129, 55537.7], [2.013, 51071.9], [2.0131, 25255.5], [2.0132, 17573.3], [2.0133, 39381.1], [2.0134, 114237.8], [2.0135, 80889.5], [2.0136, 24538.8], [2.0137, 28125.4], [2.0138, 38237.2], [2.0139, 45341.2], [2.014, 89531.5], [2.0141, 40377.9]], "timestamp": "2025-12-14T09:25:05.098868+00:00"}, {"symbol": "XRPUSDT", "bids": [[2.0121, 11857.0], [2.012, 8088.3], [2.0119, 18057.4], [2.0118, 14098.7], [2.0117, 44484.8], [2.0116, 15076.9], [2.0115, 45460.0], [2.0114, 29591.9], [2.0113, 73612.4], [2.0112, 64582.2], [2.0111, 29138.6], [2.011, 51623.0], [2.0109, 129681.3], [2.0108, 39003.6], [2.0107, 69530.6], [2.0106, 36396.9], [2.0105, 69944.2], [2.0104, 105239.1], [2.0103, 53415.5], [2.0102, 31122.8]], "asks": [[2.0122, 29687.1], [2.0123, 12802.1], [2.0124, 15826.9], [2.0125, 26835.2], [2.0126, 28439.6], [2.0127, 29710.7], [2.0128, 35087.3], [2.0129, 55835.8], [2.013, 50684.5], [2.0131, 24740.8], [2.0132, 14880.8], [2.0133, 35595.2], [2.0134, 106726.3], [2.0135, 82730.8], [2.0136, 16604.8], [2.0137, 25717.8], [2.0138, 36919.1], [2.0139, 42151.7], [2.014, 89534.5], [2.0141, 40408.8]], "timestamp": "2025-12-14T09:25:58.200297+00:00"}, {"symbol": "XRPUSDT", "bids": [[2.0121, 9274.4], [2.012, 7324.0], [2.0119, 24120.1], [2.0118, 11562.8], [2.0117, 38637.1], [2.0116, 33070.9], [2.0115, 47146.0], [2.0114, 29953.9], [2.0113, 66068.3], [2.0112, 65029.8], [2.0111, 27014.2], [2.011, 36139.4], [2.0109, 34008.7], [2.0108, 141731.9], [2.0107, 77406.0], [2.0106, 37075.1], [2.0105, 69255.1], [2.0104, 104426.2], [2.0103, 54277.9], [2.0102, 32074.9]], "asks": [[2.0122, 33308.3], [2.0123, 26327.5], [2.0124, 25527.5], [2.0125, 23953.9], [2.0126, 24612.6], [2.0127, 27905.3], [2.0128, 38718.4], [2.0129, 57261.9], [2.013, 53141.0], [2.0131, 23461.6], [2.0132, 15932.3], [2.0133, 40839.7], [2.0134, 106508.8], [2.0135, 82730.6], [2.0136, 19062.4], [2.0137, 29489.1], [2.0138, 35429.0], [2.0139, 40641.5], [2.014, 88171.1], [2.0141, 41311.5]], "timestamp": "2025-12-14T09:26:51.290742+00:00"}, {"symbol": "XRPUSDT", "bids": [[2.0121, 28578.0], [2.012, 12140.1], [2.0119, 31656.4], [2.0118, 28785.6], [2.0117, 80693.9], [2.0116, 18090.9], [2.0115, 43351.9], [2.0114, 28877.5], [2.0113, 65623.6], [2.0112, 64532.6], [2.0111, 28103.9], [2.011, 34432.5], [2.0109, 35438.9], [2.0108, 147581.0], [2.0107, 77449.3], [2.0106, 32576.3], [2.0105, 65676.3], [2.0104, 104236.6], [2.0103, 55690.3], [2.0102, 29570.9]], "asks": [[2.0122, 6667.8], [2.0123, 7313.8], [2.0124, 19868.7], [2.0125, 23104.8], [2.0126, 23965.2], [2.0127, 30756.7], [2.0128, 32716.8], [2.0129, 56115.4], [2.013, 53445.5], [2.0131, 25639.7], [2.0132, 15917.1], [2.0133, 35767.9], [2.0134, 105567.0], [2.0135, 83608.9], [2.0136, 18963.1], [2.0137, 29489.1], [2.0138, 35429.0], [2.0139, 42631.5], [2.014, 76270.4], [2.0141, 41343.5]], "timestamp": "2025-12-14T09:27:44.470488+00:00"}, {"symbol": "XRPUSDT", "bids": [[2.0124, 18725.2], [2.0123, 5903.6], [2.0122, 10881.4], [2.0121, 15971.7], [2.012, 29117.9], [2.0119, 37341.9], [2.0118, 86473.2], [2.0117, 46734.4], [2.0116, 40761.8], [2.0115, 39289.4], [2.0114, 36728.2], [2.0113, 57259.2], [2.0112, 68572.5], [2.0111, 114306.3], [2.011, 19579.4], [2.0109, 19470.8], [2.0108, 39279.0], [2.0107, 76290.4], [2.0106, 31626.8], [2.0105, 62846.4]], "asks": [[2.0125, 15859.3], [2.0126, 24448.0], [2.0127, 35541.2], [2.0128, 38996.0], [2.0129, 45183.0], [2.013, 85445.8], [2.0131, 29893.8], [2.0132, 16397.8], [2.0133, 20992.7], [2.0134, 33089.2], [2.0135, 82549.7], [2.0136, 102797.1], [2.0137, 38716.0], [2.0138, 31065.9], [2.0139, 36791.0], [2.014, 70900.0], [2.0141, 40680.6], [2.0142, 16460.7], [2.0143, 20143.3], [2.0144, 14183.6]], "timestamp": "2025-12-14T09:28:37.749417+00:00"}, {"symbol": "XRPUSDT", "bids": [[2.0113, 12422.7], [2.0112, 12607.3], [2.0111, 18638.9], [2.011, 14133.5], [2.0109, 26300.3], [2.0108, 29136.3], [2.0107, 65009.5], [2.0106, 45684.8], [2.0105, 66496.3], [2.0104, 109373.6], [2.0103, 55637.8], [2.0102, 25137.4], [2.0101, 63891.2], [2.01, 151731.6], [2.0099, 28033.6], [2.0098, 27475.4], [2.0097, 41554.0], [2.0096, 82889.7], [2.0095, 46244.6], [2.0094, 66082.1]], "asks": [[2.0114, 24028.1], [2.0115, 18429.3], [2.0116, 26990.9], [2.0117, 51904.7], [2.0118, 34061.4], [2.0119, 48182.2], [2.012, 35603.7], [2.0121, 80383.4], [2.0122, 70371.0], [2.0123, 22380.6], [2.0124, 24468.4], [2.0125, 37465.1], [2.0126, 99455.2], [2.0127, 43025.6], [2.0128, 26232.6], [2.0129, 48636.8], [2.013, 70269.0], [2.0131, 21890.7], [2.0132, 17048.3], [2.0133, 32959.4]], "timestamp": "2025-12-14T09:29:30.971765+00:00"}, {"symbol": "XRPUSDT", "bids": [[2.0107, 18317.8], [2.0106, 12266.8], [2.0105, 31945.7], [2.0104, 99761.6], [2.0103, 20115.4], [2.0102, 27532.7], [2.0101, 76323.7], [2.01, 52584.8], [2.0099, 35349.1], [2.0098, 33881.3], [2.0097, 54940.2], [2.0096, 80736.0], [2.0095, 43835.2], [2.0094, 71308.8], [2.0093, 153775.2], [2.0092, 29393.4], [2.0091, 39652.7], [2.009, 63400.7], [2.0089, 77036.4], [2.0088, 54934.2]], "asks": [[2.0108, 39960.0], [2.0109, 18786.5], [2.011, 35714.1], [2.0111, 36632.6], [2.0112, 34082.7], [2.0113, 26442.3], [2.0114, 34424.2], [2.0115, 46587.5], [2.0116, 87143.0], [2.0117, 39604.8], [2.0118, 26911.6], [2.0119, 17799.8], [2.012, 117414.8], [2.0121, 62793.4], [2.0122, 50912.5], [2.0123, 6260.6], [2.0124, 20901.8], [2.0125, 23358.1], [2.0126, 12188.5], [2.0127, 27634.5]], "timestamp": "2025-12-14T09:30:24.153651+00:00"}, {"symbol": "XRPUSDT", "bids": [[2.0109, 38653.0], [2.0108, 18418.0], [2.0107, 16933.7], [2.0106, 25806.2], [2.0105, 22399.3], [2.0104, 35257.0], [2.0103, 47912.1], [2.0102, 72420.7], [2.0101, 38971.4], [2.01, 34639.3], [2.0099, 56017.0], [2.0098, 39380.5], [2.0097, 172571.3], [2.0096, 29158.6], [2.0095, 35060.2], [2.0094, 34607.2], [2.0093, 57734.8], [2.0092, 73994.0], [2.0091, 38936.1], [2.009, 50988.1]], "asks": [[2.011, 6476.5], [2.0111, 9249.8], [2.0112, 24725.2], [2.0113, 21849.4], [2.0114, 31510.2], [2.0115, 39803.6], [2.0116, 78999.1], [2.0117, 30654.1], [2.0118, 25134.6], [2.0119, 17564.2], [2.012, 28191.8], [2.0121, 66870.6], [2.0122, 66382.9], [2.0123, 20376.4], [2.0124, 106047.8], [2.0125, 30692.4], [2.0126, 12125.0], [2.0127, 27735.5], [2.0128, 14174.8], [2.0129, 44509.5]], "timestamp": "2025-12-14T09:31:17.226071+00:00"}, {"symbol": "XRPUSDT", "bids": [[2.0109, 15015.5], [2.0108, 9350.8], [2.0107, 20241.3], [2.0106, 35625.6], [2.0105, 41151.1], [2.0104, 36533.8], [2.0103, 67499.1], [2.0102, 55891.2], [2.0101, 34085.5], [2.01, 22578.5], [2.0099, 43741.4], [2.0098, 42153.9], [2.0097, 71891.1], [2.0096, 118962.9], [2.0095, 28098.1], [2.0094, 24735.5], [2.0093, 48017.6], [2.0092, 81633.9], [2.0091, 43538.6], [2.009, 51119.8]], "asks": [[2.011, 36193.2], [2.0111, 36199.3], [2.0112, 29938.8], [2.0113, 34582.1], [2.0114, 66549.2], [2.0115, 52465.6], [2.0116, 43924.6], [2.0117, 38798.0], [2.0118, 45499.8], [2.0119, 54171.4], [2.012, 28055.8], [2.0121, 11424.2], [2.0122, 132942.9], [2.0123, 20144.0], [2.0124, 67205.5], [2.0125, 34344.7], [2.0126, 4716.3], [2.0127, 14844.0], [2.0128, 19529.5], [2.0129, 53175.7]], "timestamp": "2025-12-14T09:32:10.179814+00:00"}, {"symbol": "XRPUSDT", "bids": [[2.0123, 84229.9], [2.0122, 34838.6], [2.0121, 26798.4], [2.012, 35190.8], [2.0119, 35681.6], [2.0118, 76249.9], [2.0117, 30209.3], [2.0116, 30261.2], [2.0115, 41888.1], [2.0114, 37023.7], [2.0113, 75453.7], [2.0112, 31338.1], [2.0111, 25747.3], [2.011, 32780.7], [2.0109, 56516.4], [2.0108, 59137.0], [2.0107, 26760.1], [2.0106, 10780.4], [2.0105, 49971.6], [2.0104, 29409.0]], "asks": [[2.0124, 56.5], [2.0125, 1276.3], [2.0126, 2313.6], [2.0127, 1350.5], [2.0128, 18422.9], [2.0129, 65749.3], [2.013, 4390.8], [2.0131, 28909.1], [2.0132, 25102.6], [2.0133, 32904.1], [2.0134, 47200.1], [2.0135, 68560.6], [2.0136, 21159.3], [2.0137, 26355.4], [2.0138, 37904.3], [2.0139, 28838.1], [2.014, 82373.4], [2.0141, 25084.9], [2.0142, 22562.3], [2.0143, 35470.6]], "timestamp": "2025-12-14T09:33:03.214036+00:00"}, {"symbol": "XRPUSDT", "bids": [[2.0131, 18786.4], [2.013, 10347.9], [2.0129, 16626.0], [2.0128, 19942.6], [2.0127, 20828.9], [2.0126, 30828.7], [2.0125, 34212.0], [2.0124, 45766.4], [2.0123, 69692.7], [2.0122, 17283.3], [2.0121, 33496.0], [2.012, 19196.5], [2.0119, 77677.0], [2.0118, 155537.6], [2.0117, 37270.1], [2.0116, 16869.7], [2.0115, 31753.8], [2.0114, 41470.9], [2.0113, 70115.1], [2.0112, 27036.3]], "asks": [[2.0132, 12104.0], [2.0133, 16044.9], [2.0134, 33918.4], [2.0135, 40215.4], [2.0136, 34797.3], [2.0137, 66840.0], [2.0138, 115065.4], [2.0139, 43899.7], [2.014, 35093.9], [2.0141, 12834.0], [2.0142, 31794.6], [2.0143, 143630.3], [2.0144, 19775.3], [2.0145, 41852.0], [2.0146, 33439.6], [2.0147, 26488.3], [2.0148, 61931.3], [2.0149, 14609.2], [2.015, 39749.4], [2.0151, 28552.9]], "timestamp": "2025-12-14T09:33:56.356898+00:00"}, {"symbol": "XRPUSDT", "bids": [[2.0126, 50848.3], [2.0125, 29903.1], [2.0124, 43584.3], [2.0123, 37834.2], [2.0122, 19484.6], [2.0121, 17433.3], [2.012, 18795.2], [2.0119, 47540.4], [2.0118, 69129.6], [2.0117, 48238.7], [2.0116, 27418.3], [2.0115, 46236.3], [2.0114, 112968.2], [2.0113, 75798.2], [2.0112, 26721.0], [2.0111, 29729.4], [2.011, 21957.7], [2.0109, 41928.6], [2.0108, 50289.9], [2.0107, 21181.3]], "asks": [[2.0127, 2025.3], [2.0128, 850.9], [2.0129, 15475.6], [2.013, 31061.8], [2.0131, 108368.3], [2.0132, 25265.3], [2.0133, 35367.2], [2.0134, 7895.5], [2.0135, 27553.8], [2.0136, 30574.8], [2.0137, 29827.7], [2.0138, 82802.8], [2.0139, 100051.5], [2.014, 38257.4], [2.0141, 23932.7], [2.0142, 35627.6], [2.0143, 55750.7], [2.0144, 19902.6], [2.0145, 29304.6], [2.0146, 26035.9]], "timestamp": "2025-12-14T09:34:49.502922+00:00"}, {"symbol": "XRPUSDT", "bids": [[2.0128, 28044.7], [2.0127, 13416.9], [2.0126, 16741.2], [2.0125, 38056.8], [2.0124, 26525.7], [2.0123, 13575.6], [2.0122, 29280.9], [2.0121, 20827.8], [2.012, 40302.4], [2.0119, 53112.9], [2.0118, 69697.1], [2.0117, 52124.7], [2.0116, 107456.9], [2.0115, 34779.9], [2.0114, 33609.2], [2.0113, 70352.8], [2.0112, 28675.1], [2.0111, 27796.5], [2.011, 28552.9], [2.0109, 39343.9]], "asks": [[2.0129, 18673.4], [2.013, 24901.5], [2.0131, 28789.9], [2.0132, 36186.1], [2.0133, 52821.2], [2.0134, 27664.9], [2.0135, 45740.6], [2.0136, 35786.8], [2.0137, 39393.2], [2.0138, 84519.0], [2.0139, 19816.4], [2.014, 35081.5], [2.0141, 87418.4], [2.0142, 43596.7], [2.0143, 54781.8], [2.0144, 19848.9], [2.0145, 30661.4], [2.0146, 27634.7], [2.0147, 53508.9], [2.0148, 67686.2]], "timestamp": "2025-12-14T09:35:42.764476+00:00"}, {"symbol": "XRPUSDT", "bids": [[2.0127, 14666.5], [2.0126, 9791.9], [2.0125, 11528.3], [2.0124, 21675.6], [2.0123, 14404.3], [2.0122, 25217.2], [2.0121, 25197.6], [2.012, 51133.0], [2.0119, 72875.9], [2.0118, 69783.8], [2.0117, 39646.4], [2.0116, 21914.4], [2.0115, 47353.3], [2.0114, 115862.1], [2.0113, 71158.2], [2.0112, 28261.0], [2.0111, 29945.6], [2.011, 28574.4], [2.0109, 41978.7], [2.0108, 49658.2]], "asks": [[2.0128, 32887.7], [2.0129, 29818.1], [2.013, 12889.9], [2.0131, 24982.0], [2.0132, 32422.0], [2.0133, 52788.8], [2.0134, 27253.0], [2.0135, 49106.9], [2.0136, 35582.8], [2.0137, 39595.9], [2.0138, 82798.0], [2.0139, 20714.2], [2.014, 46164.8], [2.0141, 97178.8], [2.0142, 34512.3], [2.0143, 59355.0], [2.0144, 19948.1], [2.0145, 31461.3], [2.0146, 29447.1], [2.0147, 52638.0]], "timestamp": "2025-12-14T09:36:35.693295+00:00"}, {"symbol": "XRPUSDT", "bids": [[2.0132, 76163.0], [2.0131, 31456.2], [2.013, 47150.4], [2.0129, 25633.8], [2.0128, 27174.0], [2.0127, 30373.6], [2.0126, 37499.8], [2.0125, 54489.1], [2.0124, 239622.9], [2.0123, 762992.8], [2.0122, 17786.4], [2.0121, 40568.1], [2.012, 23559.4], [2.0119, 72234.7], [2.0118, 247095.4], [2.0117, 37677.0], [2.0116, 24127.9], [2.0115, 36429.8], [2.0114, 44291.2], [2.0113, 79297.9]], "asks": [[2.0133, 1071.8], [2.0134, 2208.2], [2.0135, 14692.5], [2.0136, 22244.6], [2.0137, 30271.9], [2.0138, 80307.4], [2.0139, 34835.1], [2.014, 23186.3], [2.0141, 10883.9], [2.0142, 31592.3], [2.0143, 59868.5], [2.0144, 21854.4], [2.0145, 36450.9], [2.0146, 25942.7], [2.0147, 120071.2], [2.0148, 65609.0], [2.0149, 21053.9], [2.015, 32881.1], [2.0151, 20457.8], [2.0152, 60504.9]], "timestamp": "2025-12-14T09:37:29.181793+00:00"}, {"symbol": "XRPUSDT", "bids": [[2.014, 10208.7], [2.0139, 19104.1], [2.0138, 17636.4], [2.0137, 22854.8], [2.0136, 34720.5], [2.0135, 44958.3], [2.0134, 115544.6], [2.0133, 32559.8], [2.0132, 40354.4], [2.0131, 43132.9], [2.013, 58806.0], [2.0129, 73798.0], [2.0128, 57394.6], [2.0127, 174602.4], [2.0126, 35681.1], [2.0125, 21998.6], [2.0124, 218572.0], [2.0123, 757683.3], [2.0122, 18511.0], [2.0121, 27283.4]], "asks": [[2.0141, 17190.9], [2.0142, 20086.0], [2.0143, 17132.1], [2.0144, 17287.7], [2.0145, 21608.0], [2.0146, 34668.8], [2.0147, 42604.9], [2.0148, 49832.3], [2.0149, 18448.9], [2.015, 38476.6], [2.0151, 33385.3], [2.0152, 138408.1], [2.0153, 47750.7], [2.0154, 15395.7], [2.0155, 13146.0], [2.0156, 33703.3], [2.0157, 56467.9], [2.0158, 61177.9], [2.0159, 15142.5], [2.016, 45458.5]], "timestamp": "2025-12-14T09:38:22.501856+00:00"}, {"symbol": "XRPUSDT", "bids": [[2.0134, 12376.2], [2.0133, 6481.3], [2.0132, 26733.1], [2.0131, 123139.3], [2.013, 763034.4], [2.0129, 20355.6], [2.0128, 34806.6], [2.0127, 22161.6], [2.0126, 32787.4], [2.0125, 29822.5], [2.0124, 125620.3], [2.0123, 28578.8], [2.0122, 16870.1], [2.0121, 34274.7], [2.012, 27792.6], [2.0119, 73933.9], [2.0118, 237930.4], [2.0117, 38864.5], [2.0116, 25512.2], [2.0115, 38037.2]], "asks": [[2.0135, 24909.0], [2.0136, 34569.7], [2.0137, 46665.7], [2.0138, 21957.0], [2.0139, 29204.5], [2.014, 71316.0], [2.0141, 43380.4], [2.0142, 29281.2], [2.0143, 25175.9], [2.0144, 21230.1], [2.0145, 39226.6], [2.0146, 45848.0], [2.0147, 108377.6], [2.0148, 60964.3], [2.0149, 21191.3], [2.015, 39089.9], [2.0151, 14151.5], [2.0152, 54611.9], [2.0153, 47980.5], [2.0154, 17768.7]], "timestamp": "2025-12-14T09:39:16.064451+00:00"}, {"symbol": "XRPUSDT", "bids": [[2.0138, 17896.1], [2.0137, 26118.6], [2.0136, 140054.9], [2.0135, 759815.8], [2.0134, 10667.4], [2.0133, 24034.9], [2.0132, 44395.3], [2.0131, 97179.4], [2.013, 47370.4], [2.0129, 17203.9], [2.0128, 35221.6], [2.0127, 21839.5], [2.0126, 31430.6], [2.0125, 17295.9], [2.0124, 304139.8], [2.0123, 26908.6], [2.0122, 13852.3], [2.0121, 28208.3], [2.012, 31117.7], [2.0119, 44609.4]], "asks": [[2.0139, 23094.9], [2.014, 24485.8], [2.0141, 23161.1], [2.0142, 38198.3], [2.0143, 65495.4], [2.0144, 21425.3], [2.0145, 39477.3], [2.0146, 45076.0], [2.0147, 28612.1], [2.0148, 68250.5], [2.0149, 29169.7], [2.015, 114544.5], [2.0151, 14037.7], [2.0152, 57372.6], [2.0153, 51770.0], [2.0154, 27465.6], [2.0155, 35421.9], [2.0156, 22190.2], [2.0157, 45626.4], [2.0158, 61466.3]], "timestamp": "2025-12-14T09:40:09.023546+00:00"}, {"symbol": "XRPUSDT", "bids": [[2.0136, 11325.9], [2.0135, 578692.8], [2.0134, 7340.2], [2.0133, 8678.5], [2.0132, 10096.9], [2.0131, 17776.5], [2.013, 29009.8], [2.0129, 18973.6], [2.0128, 31062.5], [2.0127, 29341.3], [2.0126, 40875.6], [2.0125, 41229.4], [2.0124, 120608.2], [2.0123, 41546.4], [2.0122, 40499.5], [2.0121, 165472.3], [2.012, 22410.9], [2.0119, 41240.4], [2.0118, 52270.6], [2.0117, 30633.4]], "asks": [[2.0137, 30146.3], [2.0138, 22307.4], [2.0139, 24816.1], [2.014, 16657.3], [2.0141, 28506.0], [2.0142, 38021.7], [2.0143, 65379.1], [2.0144, 21840.0], [2.0145, 40421.2], [2.0146, 34399.3], [2.0147, 43690.1], [2.0148, 148752.7], [2.0149, 17254.4], [2.015, 34049.1], [2.0151, 15339.0], [2.0152, 77554.4], [2.0153, 61090.9], [2.0154, 18944.8], [2.0155, 33839.8], [2.0156, 20697.7]], "timestamp": "2025-12-14T09:41:02.449259+00:00"}, {"symbol": "XRPUSDT", "bids": [[2.013, 20892.4], [2.0129, 20278.3], [2.0128, 25433.1], [2.0127, 30131.0], [2.0126, 34813.3], [2.0125, 32060.3], [2.0124, 68439.1], [2.0123, 44519.9], [2.0122, 18729.3], [2.0121, 30468.1], [2.012, 30514.4], [2.0119, 65467.2], [2.0118, 63032.3], [2.0117, 44266.5], [2.0116, 104203.4], [2.0115, 30836.3], [2.0114, 32772.8], [2.0113, 80514.3], [2.0112, 37614.2], [2.0111, 27240.4]], "asks": [[2.0131, 20007.1], [2.0132, 11863.7], [2.0133, 11354.8], [2.0134, 26263.5], [2.0135, 36349.7], [2.0136, 53420.5], [2.0137, 39272.4], [2.0138, 61985.8], [2.0139, 31465.6], [2.014, 24969.9], [2.0141, 36705.8], [2.0142, 51404.9], [2.0143, 141894.1], [2.0144, 26416.1], [2.0145, 35053.8], [2.0146, 44695.3], [2.0147, 31783.9], [2.0148, 65039.3], [2.0149, 30724.7], [2.015, 49495.3]], "timestamp": "2025-12-14T09:41:55.790155+00:00"}, {"symbol": "XRPUSDT", "bids": [[2.0121, 73852.5], [2.012, 48299.1], [2.0119, 16755.0], [2.0118, 27096.2], [2.0117, 18772.5], [2.0116, 16741.8], [2.0115, 36903.6], [2.0114, 41669.1], [2.0113, 82970.4], [2.0112, 39292.5], [2.0111, 32234.6], [2.011, 36878.9], [2.0109, 137425.2], [2.0108, 65836.8], [2.0107, 22132.6], [2.0106, 18210.6], [2.0105, 52698.8], [2.0104, 32160.1], [2.0103, 43384.7], [2.0102, 58296.8]], "asks": [[2.0122, 21765.7], [2.0123, 4875.6], [2.0124, 20426.1], [2.0125, 10750.2], [2.0126, 33880.7], [2.0127, 79461.4], [2.0128, 57586.8], [2.0129, 23940.2], [2.013, 19611.3], [2.0131, 22416.6], [2.0132, 36061.9], [2.0133, 62443.4], [2.0134, 30937.0], [2.0135, 30180.9], [2.0136, 140513.8], [2.0137, 46925.1], [2.0138, 70554.3], [2.0139, 19764.1], [2.014, 16673.9], [2.0141, 35006.6]], "timestamp": "2025-12-14T09:42:49.151107+00:00"}, {"symbol": "XRPUSDT", "bids": [[2.0126, 40853.0], [2.0125, 39095.9], [2.0124, 44797.0], [2.0123, 88161.9], [2.0122, 53016.5], [2.0121, 43206.7], [2.012, 58824.4], [2.0119, 57345.7], [2.0118, 62040.7], [2.0117, 46980.0], [2.0116, 107624.8], [2.0115, 41545.4], [2.0114, 50367.4], [2.0113, 90366.4], [2.0112, 34587.0], [2.0111, 27519.5], [2.011, 23731.9], [2.0109, 45652.9], [2.0108, 57284.2], [2.0107, 21637.3]], "asks": [[2.0127, 6800.5], [2.0128, 8153.8], [2.0129, 6371.3], [2.013, 23444.3], [2.0131, 19272.4], [2.0132, 35487.6], [2.0133, 67752.7], [2.0134, 41750.9], [2.0135, 19473.9], [2.0136, 52564.3], [2.0137, 38097.0], [2.0138, 53899.0], [2.0139, 16083.1], [2.014, 15470.0], [2.0141, 37425.9], [2.0142, 139748.8], [2.0143, 55656.2], [2.0144, 45540.3], [2.0145, 43272.3], [2.0146, 35011.0]], "timestamp": "2025-12-14T09:43:42.604589+00:00"}, {"symbol": "XRPUSDT", "bids": [[2.0127, 47583.4], [2.0126, 18487.1], [2.0125, 45795.2], [2.0124, 35166.7], [2.0123, 74680.9], [2.0122, 52176.2], [2.0121, 51561.5], [2.012, 43313.8], [2.0119, 79667.4], [2.0118, 63475.7], [2.0117, 34066.6], [2.0116, 30550.7], [2.0115, 147419.1], [2.0114, 46894.7], [2.0113, 90410.9], [2.0112, 35430.7], [2.0111, 27569.2], [2.011, 28904.7], [2.0109, 46182.7], [2.0108, 58508.7]], "asks": [[2.0128, 8276.7], [2.0129, 2908.5], [2.013, 23220.0], [2.0131, 20758.4], [2.0132, 33327.6], [2.0133, 25373.7], [2.0134, 41205.1], [2.0135, 31108.2], [2.0136, 44265.8], [2.0137, 35337.2], [2.0138, 62741.0], [2.0139, 17425.5], [2.014, 27381.0], [2.0141, 35665.9], [2.0142, 121700.5], [2.0143, 51142.5], [2.0144, 34091.8], [2.0145, 34896.6], [2.0146, 35802.9], [2.0147, 32226.0]], "timestamp": "2025-12-14T09:44:36.887901+00:00"}, {"symbol": "XRPUSDT", "bids": [[2.013, 16010.7], [2.0129, 22184.8], [2.0128, 26623.0], [2.0127, 23982.7], [2.0126, 23635.3], [2.0125, 31468.2], [2.0124, 54390.3], [2.0123, 75046.1], [2.0122, 50067.7], [2.0121, 57133.8], [2.012, 34735.3], [2.0119, 81145.8], [2.0118, 82441.0], [2.0117, 124791.1], [2.0116, 14915.2], [2.0115, 43023.1], [2.0114, 42424.5], [2.0113, 85131.5], [2.0112, 35549.7], [2.0111, 33108.6]], "asks": [[2.0131, 20880.9], [2.0132, 22512.1], [2.0133, 12404.3], [2.0134, 19216.2], [2.0135, 21631.2], [2.0136, 18281.0], [2.0137, 46996.7], [2.0138, 58173.9], [2.0139, 17869.2], [2.014, 27815.1], [2.0141, 29235.6], [2.0142, 49439.1], [2.0143, 58634.1], [2.0144, 102280.0], [2.0145, 35044.3], [2.0146, 44890.9], [2.0147, 29136.3], [2.0148, 69765.0], [2.0149, 22551.3], [2.015, 56178.7]], "timestamp": "2025-12-14T09:45:30.229493+00:00"}, {"symbol": "XRPUSDT", "bids": [[2.0131, 71053.1], [2.013, 36848.5], [2.0129, 21999.1], [2.0128, 23813.1], [2.0127, 18821.1], [2.0126, 34181.9], [2.0125, 35345.2], [2.0124, 45767.7], [2.0123, 97037.3], [2.0122, 50178.7], [2.0121, 50815.3], [2.012, 29897.2], [2.0119, 177595.4], [2.0118, 68051.6], [2.0117, 28109.7], [2.0116, 15068.2], [2.0115, 40268.7], [2.0114, 42951.6], [2.0113, 85665.9], [2.0112, 35567.9]], "asks": [[2.0132, 2205.9], [2.0133, 3887.5], [2.0134, 19192.0], [2.0135, 10205.6], [2.0136, 17060.8], [2.0137, 34413.7], [2.0138, 65470.4], [2.0139, 19339.6], [2.014, 16160.8], [2.0141, 35031.2], [2.0142, 44258.3], [2.0143, 49688.3], [2.0144, 23593.8], [2.0145, 45842.7], [2.0146, 117442.7], [2.0147, 39371.8], [2.0148, 69229.7], [2.0149, 24037.6], [2.015, 44172.7], [2.0151, 28402.5]], "timestamp": "2025-12-14T09:46:23.370397+00:00"}, {"symbol": "XRPUSDT", "bids": [[2.0137, 9818.5], [2.0136, 20329.8], [2.0135, 22038.6], [2.0134, 27281.0], [2.0133, 79186.0], [2.0132, 25029.9], [2.0131, 38697.4], [2.013, 27661.0], [2.0129, 51698.6], [2.0128, 67738.6], [2.0127, 39930.7], [2.0126, 38444.2], [2.0125, 41995.5], [2.0124, 46012.9], [2.0123, 190429.8], [2.0122, 18821.3], [2.0121, 45361.2], [2.012, 22979.9], [2.0119, 69866.7], [2.0118, 58816.2]], "asks": [[2.0138, 26856.1], [2.0139, 12149.0], [2.014, 22659.6], [2.0141, 17135.3], [2.0142, 35948.4], [2.0143, 60585.4], [2.0144, 30167.6], [2.0145, 45882.1], [2.0146, 34008.4], [2.0147, 34693.6], [2.0148, 61398.8], [2.0149, 30542.6], [2.015, 105895.4], [2.0151, 13555.8], [2.0152, 59567.7], [2.0153, 61146.7], [2.0154, 17519.7], [2.0155, 17014.0], [2.0156, 25126.5], [2.0157, 59171.1]], "timestamp": "2025-12-14T09:47:17.135449+00:00"}, {"symbol": "XRPUSDT", "bids": [[2.0127, 86225.2], [2.0126, 50394.0], [2.0125, 34860.7], [2.0124, 16957.3], [2.0123, 22516.7], [2.0122, 24455.9], [2.0121, 28716.6], [2.012, 34663.7], [2.0119, 71359.3], [2.0118, 68320.0], [2.0117, 28957.4], [2.0116, 16480.8], [2.0115, 142159.5], [2.0114, 36497.4], [2.0113, 86251.8], [2.0112, 32928.1], [2.0111, 29243.0], [2.011, 35280.7], [2.0109, 34755.3], [2.0108, 60983.5]], "asks": [[2.0128, 2723.8], [2.0129, 2738.8], [2.013, 18205.7], [2.0131, 12322.1], [2.0132, 30161.0], [2.0133, 40354.9], [2.0134, 87622.9], [2.0135, 93229.3], [2.0136, 43271.0], [2.0137, 18889.8], [2.0138, 15719.6], [2.0139, 18314.0], [2.014, 9380.3], [2.0141, 106925.6], [2.0142, 58938.5], [2.0143, 54192.1], [2.0144, 33341.8], [2.0145, 39752.8], [2.0146, 33365.7], [2.0147, 33824.8]], "timestamp": "2025-12-14T09:48:10.391172+00:00"}, {"symbol": "XRPUSDT", "bids": [[2.0123, 773.0], [2.0122, 9299.7], [2.0121, 17289.3], [2.012, 6848.0], [2.0119, 16266.9], [2.0118, 63556.5], [2.0117, 39416.4], [2.0116, 28331.9], [2.0115, 42748.8], [2.0114, 41211.5], [2.0113, 87014.5], [2.0112, 25451.1], [2.0111, 28584.5], [2.011, 33773.0], [2.0109, 49766.4], [2.0108, 157313.2], [2.0107, 60541.7], [2.0106, 36111.7], [2.0105, 66430.4], [2.0104, 76088.1]], "asks": [[2.0124, 53195.8], [2.0125, 35696.2], [2.0126, 53229.3], [2.0127, 47928.9], [2.0128, 17155.4], [2.0129, 30481.9], [2.013, 53306.8], [2.0131, 45646.2], [2.0132, 43184.5], [2.0133, 72837.8], [2.0134, 21057.6], [2.0135, 14959.3], [2.0136, 40647.0], [2.0137, 140909.0], [2.0138, 61765.9], [2.0139, 19732.0], [2.014, 22986.2], [2.0141, 33517.9], [2.0142, 65536.3], [2.0143, 58666.8]], "timestamp": "2025-12-14T09:49:03.204616+00:00"}, {"symbol": "XRPUSDT", "bids": [[2.0119, 33760.7], [2.0118, 24949.3], [2.0117, 28995.0], [2.0116, 20935.9], [2.0115, 24598.1], [2.0114, 37659.3], [2.0113, 82257.3], [2.0112, 27258.8], [2.0111, 28668.1], [2.011, 39016.0], [2.0109, 39222.3], [2.0108, 63466.2], [2.0107, 37402.8], [2.0106, 120429.1], [2.0105, 53191.3], [2.0104, 28870.8], [2.0103, 39206.1], [2.0102, 54300.9], [2.0101, 49836.0], [2.01, 35875.2]], "asks": [[2.012, 10316.6], [2.0121, 2271.2], [2.0122, 13469.1], [2.0123, 19217.5], [2.0124, 35221.8], [2.0125, 43536.6], [2.0126, 86963.3], [2.0127, 54717.4], [2.0128, 25071.4], [2.0129, 36410.4], [2.013, 53896.8], [2.0131, 37947.9], [2.0132, 113993.9], [2.0133, 51663.8], [2.0134, 17252.8], [2.0135, 29738.3], [2.0136, 34549.7], [2.0137, 46602.0], [2.0138, 61472.5], [2.0139, 22738.5]], "timestamp": "2025-12-14T09:49:56.164838+00:00"}, {"symbol": "XRPUSDT", "bids": [[2.0124, 2829.2], [2.0123, 21125.5], [2.0122, 25364.7], [2.0121, 31825.9], [2.012, 38903.8], [2.0119, 49784.5], [2.0118, 36760.8], [2.0117, 32675.8], [2.0116, 19804.0], [2.0115, 48778.5], [2.0114, 39199.9], [2.0113, 82961.8], [2.0112, 44491.0], [2.0111, 120034.0], [2.011, 30702.3], [2.0109, 36713.9], [2.0108, 62019.7], [2.0107, 27503.6], [2.0106, 27314.6], [2.0105, 50995.9]], "asks": [[2.0125, 57908.5], [2.0126, 21711.6], [2.0127, 34916.4], [2.0128, 19584.2], [2.0129, 23618.9], [2.013, 28344.3], [2.0131, 40192.9], [2.0132, 38572.5], [2.0133, 55402.2], [2.0134, 17740.9], [2.0135, 33204.4], [2.0136, 51132.9], [2.0137, 129921.1], [2.0138, 59483.8], [2.0139, 20336.2], [2.014, 7658.2], [2.0141, 47123.4], [2.0142, 74316.2], [2.0143, 49415.6], [2.0144, 30264.3]], "timestamp": "2025-12-14T09:50:49.619227+00:00"}, {"symbol": "XRPUSDT", "bids": [[2.0123, 1873.6], [2.0122, 16549.1], [2.0121, 12418.7], [2.012, 29279.2], [2.0119, 34997.0], [2.0118, 76910.0], [2.0117, 34374.4], [2.0116, 16686.9], [2.0115, 40187.7], [2.0114, 37829.2], [2.0113, 85842.8], [2.0112, 45422.5], [2.0111, 120039.0], [2.011, 32793.3], [2.0109, 36465.4], [2.0108, 62174.2], [2.0107, 30464.6], [2.0106, 26141.5], [2.0105, 49900.5], [2.0104, 20867.5]], "asks": [[2.0124, 51727.1], [2.0125, 39110.7], [2.0126, 17805.5], [2.0127, 47463.7], [2.0128, 16413.8], [2.0129, 27937.3], [2.013, 48166.8], [2.0131, 29244.4], [2.0132, 36941.3], [2.0133, 48956.7], [2.0134, 13732.8], [2.0135, 35172.3], [2.0136, 119780.3], [2.0137, 44639.2], [2.0138, 53858.7], [2.0139, 18608.4], [2.014, 18105.3], [2.0141, 31964.4], [2.0142, 62750.4], [2.0143, 49406.3]], "timestamp": "2025-12-14T09:52:02.753751+00:00"}, {"symbol": "XRPUSDT", "bids": [[2.0123, 6383.8], [2.0122, 16949.8], [2.0121, 13962.2], [2.012, 29860.8], [2.0119, 35774.4], [2.0118, 77946.5], [2.0117, 34408.2], [2.0116, 17246.8], [2.0115, 32858.4], [2.0114, 41348.4], [2.0113, 75887.4], [2.0112, 44438.2], [2.0111, 120304.2], [2.011, 33563.6], [2.0109, 49077.9], [2.0108, 64813.6], [2.0107, 32578.1], [2.0106, 27117.4], [2.0105, 51552.9], [2.0104, 21649.7]], "asks": [[2.0124, 67937.3], [2.0125, 33144.6], [2.0126, 31883.4], [2.0127, 23184.3], [2.0128, 54788.4], [2.0129, 34602.4], [2.013, 52319.4], [2.0131, 32786.3], [2.0132, 45535.3], [2.0133, 49216.6], [2.0134, 16719.3], [2.0135, 35346.8], [2.0136, 124981.7], [2.0137, 46082.3], [2.0138, 56944.5], [2.0139, 17801.8], [2.014, 17278.5], [2.0141, 31074.1], [2.0142, 62677.6], [2.0143, 47443.2]], "timestamp": "2025-12-14T09:52:57.876836+00:00"}, {"symbol": "XRPUSDT", "bids": [[2.0123, 23321.2], [2.0122, 15953.1], [2.0121, 22346.4], [2.012, 27980.4], [2.0119, 34902.0], [2.0118, 79475.8], [2.0117, 27110.0], [2.0116, 16016.6], [2.0115, 33036.4], [2.0114, 44384.8], [2.0113, 76892.5], [2.0112, 43516.0], [2.0111, 118803.8], [2.011, 25530.8], [2.0109, 50934.4], [2.0108, 62992.0], [2.0107, 27788.9], [2.0106, 26304.8], [2.0105, 52365.5], [2.0104, 21644.2]], "asks": [[2.0124, 32042.0], [2.0125, 12817.9], [2.0126, 26503.3], [2.0127, 18792.5], [2.0128, 54613.5], [2.0129, 33738.0], [2.013, 54643.4], [2.0131, 32923.6], [2.0132, 38872.9], [2.0133, 55521.5], [2.0134, 17166.5], [2.0135, 109968.5], [2.0136, 34774.3], [2.0137, 48914.0], [2.0138, 68858.3], [2.0139, 25009.0], [2.014, 2916.3], [2.0141, 31819.5], [2.0142, 65937.5], [2.0143, 47443.2]], "timestamp": "2025-12-14T09:53:51.180057+00:00"}, {"symbol": "XRPUSDT", "bids": [[2.0115, 33162.3], [2.0114, 22680.6], [2.0113, 27181.7], [2.0112, 32824.3], [2.0111, 23151.3], [2.011, 30604.1], [2.0109, 46821.3], [2.0108, 63124.6], [2.0107, 32641.2], [2.0106, 42194.2], [2.0105, 68367.3], [2.0104, 107058.3], [2.0103, 37459.7], [2.0102, 63216.1], [2.0101, 22877.4], [2.01, 33043.1], [2.0099, 37675.6], [2.0098, 46321.6], [2.0097, 79974.8], [2.0096, 23609.7]], "asks": [[2.0116, 16840.8], [2.0117, 19755.6], [2.0118, 23732.7], [2.0119, 33925.2], [2.012, 34738.9], [2.0121, 43114.8], [2.0122, 48026.1], [2.0123, 72939.6], [2.0124, 31308.3], [2.0125, 20577.8], [2.0126, 53192.0], [2.0127, 23052.6], [2.0128, 59309.0], [2.0129, 39859.7], [2.013, 139930.2], [2.0131, 23722.1], [2.0132, 29423.3], [2.0133, 59204.6], [2.0134, 20288.1], [2.0135, 21225.2]], "timestamp": "2025-12-14T09:54:44.486586+00:00"}, {"symbol": "XRPUSDT", "bids": [[2.0111, 934.0], [2.011, 16074.6], [2.0109, 12594.5], [2.0108, 23598.0], [2.0107, 54318.6], [2.0106, 21293.4], [2.0105, 65204.0], [2.0104, 34938.6], [2.0103, 52327.4], [2.0102, 62101.5], [2.0101, 27502.4], [2.01, 42737.9], [2.0099, 36936.1], [2.0098, 56901.7], [2.0097, 153249.1], [2.0096, 16458.0], [2.0095, 29322.5], [2.0094, 26954.1], [2.0093, 47710.8], [2.0092, 117676.0]], "asks": [[2.0112, 71436.9], [2.0113, 30191.3], [2.0114, 21614.4], [2.0115, 22358.2], [2.0116, 37925.6], [2.0117, 28363.9], [2.0118, 69174.9], [2.0119, 28317.9], [2.012, 44147.9], [2.0121, 62689.1], [2.0122, 56764.4], [2.0123, 48700.6], [2.0124, 34589.2], [2.0125, 99445.4], [2.0126, 37421.1], [2.0127, 28560.8], [2.0128, 71585.9], [2.0129, 29537.3], [2.013, 52399.7], [2.0131, 28229.6]], "timestamp": "2025-12-14T09:55:37.749185+00:00"}, {"symbol": "XRPUSDT", "bids": [[2.011, 55721.1], [2.0109, 36912.4], [2.0108, 21335.8], [2.0107, 20160.9], [2.0106, 16143.9], [2.0105, 41889.5], [2.0104, 38115.2], [2.0103, 51330.5], [2.0102, 61825.8], [2.0101, 38412.0], [2.01, 38647.9], [2.0099, 48335.7], [2.0098, 144649.5], [2.0097, 72118.2], [2.0096, 15983.6], [2.0095, 36490.2], [2.0094, 28400.2], [2.0093, 33645.6], [2.0092, 65689.0], [2.0091, 51748.7]], "asks": [[2.0111, 9271.7], [2.0112, 17071.3], [2.0113, 13502.8], [2.0114, 11326.9], [2.0115, 21903.4], [2.0116, 33624.6], [2.0117, 18944.1], [2.0118, 72175.8], [2.0119, 21449.4], [2.012, 27529.7], [2.0121, 40007.1], [2.0122, 59135.6], [2.0123, 61775.1], [2.0124, 100645.3], [2.0125, 14115.3], [2.0126, 30644.2], [2.0127, 27838.0], [2.0128, 73421.0], [2.0129, 44204.1], [2.013, 42854.5]], "timestamp": "2025-12-14T09:56:30.759909+00:00"}, {"symbol": "XRPUSDT", "bids": [[2.0109, 2992.9], [2.0108, 18691.3], [2.0107, 10759.9], [2.0106, 20758.9], [2.0105, 35326.8], [2.0104, 37227.7], [2.0103, 55997.8], [2.0102, 62451.8], [2.0101, 29391.0], [2.01, 37499.8], [2.0099, 46100.5], [2.0098, 45394.9], [2.0097, 70249.0], [2.0096, 31651.1], [2.0095, 128387.1], [2.0094, 26649.0], [2.0093, 32819.7], [2.0092, 64321.7], [2.0091, 51957.0], [2.009, 71916.1]], "asks": [[2.011, 57619.3], [2.0111, 42473.3], [2.0112, 17406.4], [2.0113, 14825.7], [2.0114, 17063.9], [2.0115, 18357.8], [2.0116, 36395.6], [2.0117, 25114.0], [2.0118, 71748.0], [2.0119, 22052.3], [2.012, 32035.5], [2.0121, 34744.1], [2.0122, 62300.6], [2.0123, 127074.7], [2.0124, 19708.8], [2.0125, 11959.3], [2.0126, 40533.4], [2.0127, 25984.5], [2.0128, 62772.4], [2.0129, 41627.3]], "timestamp": "2025-12-14T09:57:23.806186+00:00"}, {"symbol": "XRPUSDT", "bids": [[2.0111, 60057.0], [2.011, 52126.6], [2.0109, 43024.9], [2.0108, 27517.1], [2.0107, 11030.5], [2.0106, 18592.9], [2.0105, 19726.1], [2.0104, 24722.8], [2.0103, 46701.2], [2.0102, 60407.5], [2.0101, 38468.8], [2.01, 49672.9], [2.0099, 130038.8], [2.0098, 50509.8], [2.0097, 75790.2], [2.0096, 16652.7], [2.0095, 35765.7], [2.0094, 28759.9], [2.0093, 33220.2], [2.0092, 63898.2]], "asks": [[2.0112, 16772.5], [2.0113, 6174.0], [2.0114, 15146.3], [2.0115, 8711.6], [2.0116, 18562.4], [2.0117, 26363.1], [2.0118, 70750.8], [2.0119, 25669.0], [2.012, 22244.5], [2.0121, 33983.9], [2.0122, 58915.8], [2.0123, 49653.3], [2.0124, 30912.9], [2.0125, 86720.5], [2.0126, 30716.1], [2.0127, 26034.1], [2.0128, 76005.8], [2.0129, 42040.8], [2.013, 45625.7], [2.0131, 24111.9]], "timestamp": "2025-12-14T09:58:17.521515+00:00"}, {"symbol": "XRPUSDT", "bids": [[2.0106, 32173.7], [2.0105, 13812.1], [2.0104, 32408.2], [2.0103, 28426.7], [2.0102, 12865.2], [2.0101, 14934.8], [2.01, 26215.8], [2.0099, 39059.0], [2.0098, 47207.3], [2.0097, 75543.9], [2.0096, 19644.6], [2.0095, 38668.1], [2.0094, 24576.3], [2.0093, 146835.9], [2.0092, 64277.6], [2.0091, 56148.0], [2.009, 39787.0], [2.0089, 44165.2], [2.0088, 41193.6], [2.0087, 65915.2]], "asks": [[2.0107, 13056.9], [2.0108, 13641.7], [2.0109, 35181.3], [2.011, 32052.9], [2.0111, 65299.2], [2.0112, 30867.8], [2.0113, 24921.0], [2.0114, 32981.4], [2.0115, 32103.4], [2.0116, 45481.9], [2.0117, 17805.2], [2.0118, 60567.8], [2.0119, 18547.9], [2.012, 103162.5], [2.0121, 30830.0], [2.0122, 65108.5], [2.0123, 55568.0], [2.0124, 35557.9], [2.0125, 13633.6], [2.0126, 35778.8]], "timestamp": "2025-12-14T09:59:10.667749+00:00"}, {"symbol": "XRPUSDT", "bids": [[2.0113, 57816.2], [2.0112, 12807.8], [2.0111, 32123.9], [2.011, 8909.7], [2.0109, 21251.4], [2.0108, 37220.5], [2.0107, 75495.6], [2.0106, 27135.4], [2.0105, 43500.8], [2.0104, 50706.9], [2.0103, 46474.0], [2.0102, 76946.6], [2.0101, 15368.6], [2.01, 57311.2], [2.0099, 154803.7], [2.0098, 43228.4], [2.0097, 70657.2], [2.0096, 20907.4], [2.0095, 34486.0], [2.0094, 30941.9]], "asks": [[2.0114, 9106.9], [2.0115, 16074.0], [2.0116, 20606.6], [2.0117, 15300.2], [2.0118, 23961.4], [2.0119, 30863.6], [2.012, 29414.5], [2.0121, 37897.7], [2.0122, 51830.8], [2.0123, 60261.7], [2.0124, 31527.9], [2.0125, 18846.6], [2.0126, 101240.0], [2.0127, 28325.2], [2.0128, 59614.1], [2.0129, 35829.3], [2.013, 39847.8], [2.0131, 25635.2], [2.0132, 26828.4], [2.0133, 59574.0]], "timestamp": "2025-12-14T10:00:03.691228+00:00"}, {"symbol": "XRPUSDT", "bids": [[2.0104, 37380.2], [2.0103, 24070.4], [2.0102, 78718.2], [2.0101, 39429.9], [2.01, 35739.2], [2.0099, 30823.7], [2.0098, 39872.8], [2.0097, 59727.5], [2.0096, 22072.1], [2.0095, 40902.5], [2.0094, 49876.3], [2.0093, 50421.3], [2.0092, 85872.9], [2.0091, 170157.6], [2.009, 38000.8], [2.0089, 41424.6], [2.0088, 32243.7], [2.0087, 63870.3], [2.0086, 20265.0], [2.0085, 34888.4]], "asks": [[2.0105, 7916.4], [2.0106, 13642.8], [2.0107, 17789.7], [2.0108, 22500.8], [2.0109, 27149.6], [2.011, 34755.0], [2.0111, 37068.4], [2.0112, 43796.8], [2.0113, 77139.0], [2.0114, 32420.9], [2.0115, 36578.4], [2.0116, 46329.5], [2.0117, 21473.2], [2.0118, 138459.5], [2.0119, 11806.7], [2.012, 25327.7], [2.0121, 34326.5], [2.0122, 56429.9], [2.0123, 57924.3], [2.0124, 55781.2]], "timestamp": "2025-12-14T10:00:57.495741+00:00"}, {"symbol": "XRPUSDT", "bids": [[2.0103, 98003.6], [2.0102, 31321.2], [2.0101, 30498.7], [2.01, 38893.9], [2.0099, 20796.1], [2.0098, 39524.2], [2.0097, 59037.8], [2.0096, 19914.2], [2.0095, 35611.2], [2.0094, 50470.4], [2.0093, 53461.6], [2.0092, 68700.5], [2.0091, 78936.2], [2.009, 141098.0], [2.0089, 41690.9], [2.0088, 32900.5], [2.0087, 66582.8], [2.0086, 21107.5], [2.0085, 34878.5], [2.0084, 71627.8]], "asks": [[2.0104, 7130.1], [2.0105, 5060.1], [2.0106, 16465.2], [2.0107, 11889.3], [2.0108, 22326.1], [2.0109, 29825.5], [2.011, 44129.2], [2.0111, 28611.8], [2.0112, 42422.0], [2.0113, 77331.5], [2.0114, 32173.4], [2.0115, 35229.6], [2.0116, 42000.9], [2.0117, 8493.7], [2.0118, 140777.5], [2.0119, 11648.7], [2.012, 23800.4], [2.0121, 43432.7], [2.0122, 49358.0], [2.0123, 61445.5]], "timestamp": "2025-12-14T10:01:51.335237+00:00"}, {"symbol": "XRPUSDT", "bids": [[2.0103, 20473.3], [2.0102, 20074.6], [2.0101, 22539.3], [2.01, 42031.2], [2.0099, 18125.0], [2.0098, 44323.4], [2.0097, 87613.5], [2.0096, 20884.0], [2.0095, 42444.0], [2.0094, 41774.7], [2.0093, 36313.8], [2.0092, 68382.0], [2.0091, 73710.5], [2.009, 126872.2], [2.0089, 42004.7], [2.0088, 32224.3], [2.0087, 63633.9], [2.0086, 18955.1], [2.0085, 35751.7], [2.0084, 73279.0]], "asks": [[2.0104, 14826.1], [2.0105, 14625.9], [2.0106, 21496.4], [2.0107, 15508.5], [2.0108, 26838.2], [2.0109, 30060.4], [2.011, 40691.7], [2.0111, 29842.3], [2.0112, 43024.5], [2.0113, 72054.4], [2.0114, 37373.2], [2.0115, 33521.9], [2.0116, 40357.3], [2.0117, 98875.5], [2.0118, 59110.5], [2.0119, 9130.1], [2.012, 26638.4], [2.0121, 32894.5], [2.0122, 54112.6], [2.0123, 60209.7]], "timestamp": "2025-12-14T10:02:45.015767+00:00"}, {"symbol": "XRPUSDT", "bids": [[2.0102, 24505.5], [2.0101, 29282.2], [2.01, 37553.4], [2.0099, 19731.2], [2.0098, 45632.7], [2.0097, 69307.0], [2.0096, 20563.5], [2.0095, 42522.8], [2.0094, 43575.6], [2.0093, 41337.0], [2.0092, 68226.4], [2.0091, 64664.5], [2.009, 52024.4], [2.0089, 148687.0], [2.0088, 34219.6], [2.0087, 63737.1], [2.0086, 20120.7], [2.0085, 38239.1], [2.0084, 71674.4], [2.0083, 23481.2]], "asks": [[2.0103, 6619.7], [2.0104, 17544.0], [2.0105, 22373.3], [2.0106, 30432.3], [2.0107, 21349.6], [2.0108, 27255.5], [2.0109, 24498.0], [2.011, 37887.7], [2.0111, 37359.1], [2.0112, 41109.6], [2.0113, 70024.7], [2.0114, 41762.9], [2.0115, 40170.8], [2.0116, 117977.7], [2.0117, 13456.2], [2.0118, 64850.1], [2.0119, 10033.2], [2.012, 32944.7], [2.0121, 29631.7], [2.0122, 49308.3]], "timestamp": "2025-12-14T10:03:38.139673+00:00"}, {"symbol": "XRPUSDT", "bids": [[2.0101, 17385.5], [2.01, 32353.3], [2.0099, 16943.0], [2.0098, 22877.8], [2.0097, 67357.2], [2.0096, 31218.3], [2.0095, 50991.7], [2.0094, 38889.4], [2.0093, 38461.3], [2.0092, 76106.9], [2.0091, 58862.2], [2.009, 54430.7], [2.0089, 144542.8], [2.0088, 35648.8], [2.0087, 64386.7], [2.0086, 29835.8], [2.0085, 38226.7], [2.0084, 79444.0], [2.0083, 16071.6], [2.0082, 86699.5]], "asks": [[2.0102, 29290.3], [2.0103, 14702.1], [2.0104, 17345.3], [2.0105, 30125.3], [2.0106, 56620.6], [2.0107, 43417.9], [2.0108, 29484.7], [2.0109, 29901.0], [2.011, 24921.7], [2.0111, 40019.4], [2.0112, 37111.8], [2.0113, 77653.5], [2.0114, 40088.4], [2.0115, 111263.7], [2.0116, 36586.3], [2.0117, 13484.0], [2.0118, 59950.1], [2.0119, 10051.3], [2.012, 34397.6], [2.0121, 32221.7]], "timestamp": "2025-12-14T10:04:31.490873+00:00"}, {"symbol": "XRPUSDT", "bids": [[2.0105, 60060.0], [2.0104, 56966.7], [2.0103, 46496.0], [2.0102, 15216.8], [2.0101, 32620.5], [2.01, 38261.4], [2.0099, 33094.8], [2.0098, 35970.1], [2.0097, 72595.4], [2.0096, 27705.2], [2.0095, 29014.1], [2.0094, 41634.9], [2.0093, 54624.2], [2.0092, 187899.2], [2.0091, 59839.2], [2.009, 41976.6], [2.0089, 43762.2], [2.0088, 32729.9], [2.0087, 65059.5], [2.0086, 28526.0]], "asks": [[2.0106, 7319.9], [2.0107, 5792.4], [2.0108, 17469.4], [2.0109, 26804.8], [2.011, 26219.9], [2.0111, 33036.3], [2.0112, 47740.3], [2.0113, 74476.0], [2.0114, 35358.7], [2.0115, 30385.8], [2.0116, 43001.3], [2.0117, 15084.2], [2.0118, 70645.9], [2.0119, 87818.5], [2.012, 25528.4], [2.0121, 33099.5], [2.0122, 55182.4], [2.0123, 54307.8], [2.0124, 45424.2], [2.0125, 9128.1]], "timestamp": "2025-12-14T10:05:24.843523+00:00"}, {"symbol": "XRPUSDT", "bids": [[2.0114, 5489.9], [2.0113, 5053.3], [2.0112, 11397.7], [2.0111, 18351.6], [2.011, 26374.3], [2.0109, 29392.3], [2.0108, 39364.9], [2.0107, 84647.2], [2.0106, 32095.8], [2.0105, 52230.7], [2.0104, 35757.5], [2.0103, 45562.5], [2.0102, 52822.3], [2.0101, 37364.9], [2.01, 36381.6], [2.0099, 144317.4], [2.0098, 35943.3], [2.0097, 77089.8], [2.0096, 34453.3], [2.0095, 21274.7]], "asks": [[2.0115, 51728.0], [2.0116, 52676.3], [2.0117, 27499.4], [2.0118, 28708.0], [2.0119, 25966.6], [2.012, 42394.4], [2.0121, 54418.3], [2.0122, 35610.2], [2.0123, 27897.9], [2.0124, 35114.0], [2.0125, 26194.5], [2.0126, 37006.2], [2.0127, 42344.9], [2.0128, 133615.1], [2.0129, 27158.4], [2.013, 38004.1], [2.0131, 19072.3], [2.0132, 34584.0], [2.0133, 55452.9], [2.0134, 30667.6]], "timestamp": "2025-12-14T10:06:18.297562+00:00"}, {"symbol": "XRPUSDT", "bids": [[2.0106, 2989.7], [2.0105, 19049.3], [2.0104, 27266.3], [2.0103, 45434.6], [2.0102, 66012.9], [2.0101, 48302.8], [2.01, 48761.0], [2.0099, 50939.9], [2.0098, 34988.0], [2.0097, 82704.5], [2.0096, 43867.9], [2.0095, 20341.5], [2.0094, 43353.0], [2.0093, 55891.5], [2.0092, 180388.4], [2.0091, 57193.1], [2.009, 49366.3], [2.0089, 41162.4], [2.0088, 42512.1], [2.0087, 65286.9]], "asks": [[2.0107, 38741.7], [2.0108, 15650.8], [2.0109, 17413.6], [2.011, 22608.9], [2.0111, 25565.4], [2.0112, 41529.3], [2.0113, 37370.0], [2.0114, 39812.4], [2.0115, 53517.1], [2.0116, 49031.2], [2.0117, 66093.0], [2.0118, 17259.7], [2.0119, 39061.0], [2.012, 103378.8], [2.0121, 49223.9], [2.0122, 58974.7], [2.0123, 40337.3], [2.0124, 35700.9], [2.0125, 22543.1], [2.0126, 25438.0]], "timestamp": "2025-12-14T10:07:11.851204+00:00"}, {"symbol": "XRPUSDT", "bids": [[2.0105, 4874.3], [2.0104, 14337.0], [2.0103, 37465.3], [2.0102, 57484.0], [2.0101, 58584.6], [2.01, 27035.4], [2.0099, 52294.3], [2.0098, 57902.1], [2.0097, 97820.1], [2.0096, 30169.7], [2.0095, 21977.6], [2.0094, 37339.4], [2.0093, 39354.2], [2.0092, 76684.6], [2.0091, 81237.4], [2.009, 153674.0], [2.0089, 37123.2], [2.0088, 42495.3], [2.0087, 61628.2], [2.0086, 58709.6]], "asks": [[2.0106, 31973.0], [2.0107, 23228.5], [2.0108, 16843.1], [2.0109, 25515.0], [2.011, 28189.6], [2.0111, 33107.7], [2.0112, 70255.9], [2.0113, 44537.5], [2.0114, 35570.9], [2.0115, 52189.3], [2.0116, 50846.0], [2.0117, 60035.4], [2.0118, 20298.5], [2.0119, 98232.5], [2.012, 14247.4], [2.0121, 47658.3], [2.0122, 66670.4], [2.0123, 40287.7], [2.0124, 25764.1], [2.0125, 22543.1]], "timestamp": "2025-12-14T10:08:04.587763+00:00"}, {"symbol": "XRPUSDT", "bids": [[2.0104, 26203.0], [2.0103, 19189.1], [2.0102, 27559.7], [2.0101, 53752.3], [2.01, 40365.3], [2.0099, 34047.3], [2.0098, 57133.0], [2.0097, 95472.6], [2.0096, 43423.4], [2.0095, 21479.4], [2.0094, 36221.6], [2.0093, 35679.2], [2.0092, 76884.7], [2.0091, 73218.0], [2.009, 146246.0], [2.0089, 34687.5], [2.0088, 42548.0], [2.0087, 61481.0], [2.0086, 60335.6], [2.0085, 31592.0]], "asks": [[2.0105, 23956.6], [2.0106, 17656.5], [2.0107, 15928.8], [2.0108, 12878.3], [2.0109, 20616.7], [2.011, 44855.4], [2.0111, 43720.6], [2.0112, 71793.8], [2.0113, 58634.9], [2.0114, 30212.9], [2.0115, 48509.2], [2.0116, 45005.3], [2.0117, 59589.3], [2.0118, 21110.2], [2.0119, 121822.3], [2.012, 14383.9], [2.0121, 56444.1], [2.0122, 59407.5], [2.0123, 39457.4], [2.0124, 16915.6]], "timestamp": "2025-12-14T10:08:57.760279+00:00"}, {"symbol": "XRPUSDT", "bids": [[2.0098, 53171.7], [2.0097, 36091.9], [2.0096, 37699.7], [2.0095, 21408.8], [2.0094, 25460.4], [2.0093, 41108.8], [2.0092, 74424.5], [2.0091, 59064.0], [2.009, 68751.9], [2.0089, 38995.7], [2.0088, 42383.5], [2.0087, 56515.5], [2.0086, 32133.9], [2.0085, 52460.7], [2.0084, 182575.7], [2.0083, 24313.5], [2.0082, 85975.7], [2.0081, 55238.7], [2.008, 164864.5], [2.0079, 54164.4]], "asks": [[2.0099, 11897.9], [2.01, 14829.1], [2.0101, 16638.9], [2.0102, 23865.6], [2.0103, 29692.7], [2.0104, 34172.0], [2.0105, 53345.0], [2.0106, 42707.0], [2.0107, 73562.4], [2.0108, 17509.5], [2.0109, 45060.6], [2.011, 38073.5], [2.0111, 122697.5], [2.0112, 50194.7], [2.0113, 20165.1], [2.0114, 17937.8], [2.0115, 43534.1], [2.0116, 42166.6], [2.0117, 59650.7], [2.0118, 11551.3]], "timestamp": "2025-12-14T10:09:50.572965+00:00"}, {"symbol": "XRPUSDT", "bids": [[2.0092, 42431.3], [2.0091, 56195.2], [2.009, 60193.6], [2.0089, 36245.3], [2.0088, 54882.2], [2.0087, 76582.2], [2.0086, 20002.0], [2.0085, 32850.2], [2.0084, 72233.2], [2.0083, 21658.3], [2.0082, 98977.5], [2.0081, 49543.1], [2.008, 159664.3], [2.0079, 132625.8], [2.0078, 51042.2], [2.0077, 27790.9], [2.0076, 28181.6], [2.0075, 35927.5], [2.0074, 47971.5], [2.0073, 87210.9]], "asks": [[2.0093, 7292.0], [2.0094, 12961.8], [2.0095, 15104.8], [2.0096, 17626.9], [2.0097, 12450.7], [2.0098, 14250.8], [2.0099, 28043.2], [2.01, 36590.0], [2.0101, 40238.6], [2.0102, 75239.5], [2.0103, 37619.6], [2.0104, 38689.6], [2.0105, 121381.8], [2.0106, 25294.0], [2.0107, 67517.1], [2.0108, 12827.1], [2.0109, 41385.6], [2.011, 34545.7], [2.0111, 31362.8], [2.0112, 57200.9]], "timestamp": "2025-12-14T10:10:43.938714+00:00"}, {"symbol": "XRPUSDT", "bids": [[2.0097, 47145.6], [2.0096, 49621.8], [2.0095, 50041.9], [2.0094, 29545.7], [2.0093, 80385.5], [2.0092, 34722.9], [2.0091, 24042.6], [2.009, 38342.6], [2.0089, 96671.9], [2.0088, 49748.5], [2.0087, 76699.8], [2.0086, 60936.5], [2.0085, 161857.4], [2.0084, 57180.1], [2.0083, 49229.3], [2.0082, 106535.8], [2.0081, 54729.2], [2.008, 144482.6], [2.0079, 21396.1], [2.0078, 41918.3]], "asks": [[2.0098, 11661.8], [2.0099, 18312.3], [2.01, 4998.9], [2.0101, 14717.0], [2.0102, 17445.1], [2.0103, 37077.6], [2.0104, 40699.2], [2.0105, 47427.7], [2.0106, 27499.9], [2.0107, 73203.8], [2.0108, 19065.0], [2.0109, 49202.0], [2.011, 101012.4], [2.0111, 25629.1], [2.0112, 56694.3], [2.0113, 28715.9], [2.0114, 21496.0], [2.0115, 46134.8], [2.0116, 34398.8], [2.0117, 66582.4]], "timestamp": "2025-12-14T10:11:37.896740+00:00"}, {"symbol": "XRPUSDT", "bids": [[2.0093, 46719.9], [2.0092, 7710.2], [2.0091, 15588.6], [2.009, 44498.6], [2.0089, 68045.5], [2.0088, 63950.7], [2.0087, 90084.6], [2.0086, 36480.6], [2.0085, 30218.5], [2.0084, 59740.2], [2.0083, 55190.0], [2.0082, 102919.8], [2.0081, 78546.8], [2.008, 267501.7], [2.0079, 21025.0], [2.0078, 41961.0], [2.0077, 21600.8], [2.0076, 29920.8], [2.0075, 44810.9], [2.0074, 52624.8]], "asks": [[2.0094, 31701.1], [2.0095, 19222.7], [2.0096, 24039.1], [2.0097, 19821.6], [2.0098, 25339.5], [2.0099, 17952.2], [2.01, 36710.0], [2.0101, 41930.8], [2.0102, 72141.6], [2.0103, 41330.5], [2.0104, 35596.1], [2.0105, 45377.0], [2.0106, 94663.0], [2.0107, 70500.0], [2.0108, 12941.7], [2.0109, 37178.3], [2.011, 33445.4], [2.0111, 24969.7], [2.0112, 51496.6], [2.0113, 18628.7]], "timestamp": "2025-12-14T10:12:30.976260+00:00"}, {"symbol": "XRPUSDT", "bids": [[2.0067, 24461.7], [2.0066, 15072.4], [2.0065, 22230.3], [2.0064, 18794.6], [2.0063, 29442.6], [2.0062, 56187.4], [2.0061, 42706.4], [2.006, 51217.5], [2.0059, 46966.6], [2.0058, 42704.9], [2.0057, 70910.5], [2.0056, 11516.5], [2.0055, 34736.1], [2.0054, 36757.7], [2.0053, 62832.6], [2.0052, 72117.7], [2.0051, 61453.0], [2.005, 180564.3], [2.0049, 22180.5], [2.0048, 16730.7]], "asks": [[2.0068, 12995.3], [2.0069, 16582.7], [2.007, 21740.1], [2.0071, 16418.8], [2.0072, 20327.0], [2.0073, 30992.5], [2.0074, 34950.2], [2.0075, 43527.8], [2.0076, 105241.7], [2.0077, 16533.3], [2.0078, 29069.0], [2.0079, 35692.2], [2.008, 116465.2], [2.0081, 34236.6], [2.0082, 60013.3], [2.0083, 18021.2], [2.0084, 20496.5], [2.0085, 70612.1], [2.0086, 33535.0], [2.0087, 69554.8]], "timestamp": "2025-12-14T10:13:24.262853+00:00"}, {"symbol": "XRPUSDT", "bids": [[2.0027, 28131.2], [2.0026, 14404.8], [2.0025, 28147.3], [2.0024, 23224.0], [2.0023, 35729.4], [2.0022, 21252.9], [2.0021, 15829.5], [2.002, 22470.6], [2.0019, 25702.2], [2.0018, 46911.2], [2.0017, 65551.0], [2.0016, 75612.8], [2.0015, 34604.5], [2.0014, 11480.4], [2.0013, 108680.8], [2.0012, 30304.5], [2.0011, 70878.7], [2.001, 42925.0], [2.0009, 21829.8], [2.0008, 28749.4]], "asks": [[2.0028, 4656.2], [2.0029, 11178.0], [2.003, 13380.6], [2.0031, 29990.0], [2.0032, 57637.7], [2.0033, 44104.9], [2.0034, 47703.6], [2.0035, 50693.9], [2.0036, 21141.7], [2.0037, 39448.7], [2.0038, 60695.7], [2.0039, 37249.2], [2.004, 34292.9], [2.0041, 217050.8], [2.0042, 31195.8], [2.0043, 87440.0], [2.0044, 17714.0], [2.0045, 26276.6], [2.0046, 41040.5], [2.0047, 34744.7]], "timestamp": "2025-12-14T10:14:17.738131+00:00"}, {"symbol": "XRPUSDT", "bids": [[2.0044, 1039.4], [2.0043, 8962.2], [2.0042, 15172.0], [2.0041, 15131.8], [2.004, 20805.7], [2.0039, 23096.3], [2.0038, 40960.1], [2.0037, 62140.9], [2.0036, 43894.7], [2.0035, 25363.0], [2.0034, 27360.0], [2.0033, 34658.4], [2.0032, 65362.1], [2.0031, 31022.6], [2.003, 31753.9], [2.0029, 87594.4], [2.0028, 31978.9], [2.0027, 48202.8], [2.0026, 21734.1], [2.0025, 31282.3]], "asks": [[2.0045, 57872.8], [2.0046, 49451.7], [2.0047, 25188.9], [2.0048, 28545.0], [2.0049, 67915.5], [2.005, 49514.1], [2.0051, 28163.7], [2.0052, 26311.2], [2.0053, 54954.1], [2.0054, 103156.2], [2.0055, 22416.7], [2.0056, 22968.1], [2.0057, 15837.7], [2.0058, 138255.5], [2.0059, 62453.9], [2.006, 30052.8], [2.0061, 26250.2], [2.0062, 28182.0], [2.0063, 86838.0], [2.0064, 61376.9]], "timestamp": "2025-12-14T10:15:10.532203+00:00"}, {"symbol": "XRPUSDT", "bids": [[2.0044, 11891.5], [2.0043, 21519.3], [2.0042, 12743.3], [2.0041, 11445.8], [2.004, 25972.1], [2.0039, 33141.7], [2.0038, 33004.7], [2.0037, 57134.4], [2.0036, 34966.9], [2.0035, 36727.7], [2.0034, 26611.5], [2.0033, 68280.6], [2.0032, 64232.7], [2.0031, 43945.4], [2.003, 106655.1], [2.0029, 17627.0], [2.0028, 28326.8], [2.0027, 46396.5], [2.0026, 17197.7], [2.0025, 19834.4]], "asks": [[2.0045, 22106.9], [2.0046, 11368.3], [2.0047, 18057.9], [2.0048, 29546.1], [2.0049, 86380.1], [2.005, 35032.3], [2.0051, 41737.9], [2.0052, 62388.7], [2.0053, 62588.1], [2.0054, 79004.6], [2.0055, 29049.5], [2.0056, 29724.2], [2.0057, 40017.0], [2.0058, 23089.8], [2.0059, 162431.0], [2.006, 25307.9], [2.0061, 50565.2], [2.0062, 37936.0], [2.0063, 102362.4], [2.0064, 59593.6]], "timestamp": "2025-12-14T10:16:04.350319+00:00"}, {"symbol": "XRPUSDT", "bids": [[2.0056, 8294.8], [2.0055, 23621.7], [2.0054, 26894.0], [2.0053, 40859.0], [2.0052, 62551.3], [2.0051, 15956.7], [2.005, 38372.6], [2.0049, 19386.9], [2.0048, 41753.0], [2.0047, 54307.2], [2.0046, 46209.4], [2.0045, 13847.6], [2.0044, 17416.4], [2.0043, 96524.0], [2.0042, 66437.5], [2.0041, 13732.7], [2.004, 39669.9], [2.0039, 40290.5], [2.0038, 32734.8], [2.0037, 60702.2]], "asks": [[2.0057, 14939.2], [2.0058, 31910.1], [2.0059, 22245.9], [2.006, 10215.5], [2.0061, 22520.0], [2.0062, 31051.0], [2.0063, 19584.0], [2.0064, 78774.0], [2.0065, 37220.3], [2.0066, 38591.5], [2.0067, 61925.1], [2.0068, 30214.3], [2.0069, 53871.9], [2.007, 58364.2], [2.0071, 20238.0], [2.0072, 23910.6], [2.0073, 23198.7], [2.0074, 94455.0], [2.0075, 22875.5], [2.0076, 81307.6]], "timestamp": "2025-12-14T10:16:57.789205+00:00"}, {"symbol": "XRPUSDT", "bids": [[2.0043, 1699.1], [2.0042, 9938.9], [2.0041, 14668.6], [2.004, 37959.2], [2.0039, 38839.1], [2.0038, 29860.4], [2.0037, 59598.0], [2.0036, 26349.5], [2.0035, 27509.1], [2.0034, 33014.0], [2.0033, 18258.7], [2.0032, 145435.3], [2.0031, 31909.4], [2.003, 29756.3], [2.0029, 25640.8], [2.0028, 28808.8], [2.0027, 48815.6], [2.0026, 17378.0], [2.0025, 33380.1], [2.0024, 121613.4]], "asks": [[2.0044, 11873.8], [2.0045, 76872.1], [2.0046, 14276.8], [2.0047, 20017.2], [2.0048, 24676.7], [2.0049, 32450.0], [2.005, 36977.6], [2.0051, 35524.2], [2.0052, 45577.1], [2.0053, 95250.3], [2.0054, 47274.3], [2.0055, 52871.0], [2.0056, 43558.3], [2.0057, 66201.2], [2.0058, 53478.2], [2.0059, 24129.9], [2.006, 16203.8], [2.0061, 105707.4], [2.0062, 11761.1], [2.0063, 48154.3]], "timestamp": "2025-12-14T10:17:50.835149+00:00"}, {"symbol": "XRPUSDT", "bids": [[2.0055, 845.5], [2.0054, 774.9], [2.0053, 4173.3], [2.0052, 9890.9], [2.0051, 13470.3], [2.005, 25579.5], [2.0049, 11340.9], [2.0048, 70167.1], [2.0047, 25572.6], [2.0046, 18940.0], [2.0045, 51795.6], [2.0044, 41737.8], [2.0043, 140914.1], [2.0042, 17159.8], [2.0041, 25934.9], [2.004, 21843.7], [2.0039, 25071.6], [2.0038, 46482.2], [2.0037, 78591.7], [2.0036, 33115.0]], "asks": [[2.0056, 81658.0], [2.0057, 23125.5], [2.0058, 19668.5], [2.0059, 30803.4], [2.006, 27034.1], [2.0061, 12740.5], [2.0062, 22143.6], [2.0063, 37565.3], [2.0064, 84895.6], [2.0065, 55045.5], [2.0066, 7974.5], [2.0067, 24496.5], [2.0068, 33483.4], [2.0069, 55978.5], [2.007, 141072.5], [2.0071, 18735.2], [2.0072, 19325.0], [2.0073, 5694.3], [2.0074, 39294.7], [2.0075, 20470.0]], "timestamp": "2025-12-14T10:18:43.799088+00:00"}, {"symbol": "XRPUSDT", "bids": [[2.0056, 22514.6], [2.0055, 5293.0], [2.0054, 24899.5], [2.0053, 63429.8], [2.0052, 42184.4], [2.0051, 21870.6], [2.005, 34417.3], [2.0049, 28437.0], [2.0048, 58362.6], [2.0047, 28749.4], [2.0046, 20395.3], [2.0045, 60340.1], [2.0044, 112164.4], [2.0043, 59336.9], [2.0042, 20660.3], [2.0041, 21106.0], [2.004, 22914.7], [2.0039, 21034.9], [2.0038, 41035.1], [2.0037, 77272.7]], "asks": [[2.0057, 11552.7], [2.0058, 8217.5], [2.0059, 24890.6], [2.006, 31011.3], [2.0061, 24817.8], [2.0062, 26385.7], [2.0063, 32889.8], [2.0064, 51210.5], [2.0065, 47140.0], [2.0066, 9657.2], [2.0067, 32741.7], [2.0068, 30684.0], [2.0069, 43855.7], [2.007, 64170.2], [2.0071, 93142.3], [2.0072, 19653.1], [2.0073, 8812.6], [2.0074, 39130.5], [2.0075, 17490.1], [2.0076, 83350.0]], "timestamp": "2025-12-14T10:19:37.046399+00:00"}, {"symbol": "XRPUSDT", "bids": [[2.0061, 40833.2], [2.006, 23310.4], [2.0059, 50595.7], [2.0058, 28439.7], [2.0057, 18632.8], [2.0056, 27781.2], [2.0055, 39723.0], [2.0054, 38308.3], [2.0053, 88251.6], [2.0052, 44352.1], [2.0051, 25126.4], [2.005, 107723.7], [2.0049, 15284.1], [2.0048, 60729.5], [2.0047, 24579.2], [2.0046, 14073.5], [2.0045, 51721.8], [2.0044, 32618.1], [2.0043, 65899.7], [2.0042, 21589.5]], "asks": [[2.0062, 2304.6], [2.0063, 1542.3], [2.0064, 7876.8], [2.0065, 22105.0], [2.0066, 24285.0], [2.0067, 23248.6], [2.0068, 28591.4], [2.0069, 24824.3], [2.007, 40266.0], [2.0071, 88293.7], [2.0072, 25876.3], [2.0073, 3947.3], [2.0074, 31927.7], [2.0075, 22179.7], [2.0076, 80924.3], [2.0077, 27102.3], [2.0078, 107182.0], [2.0079, 34927.3], [2.008, 39197.6], [2.0081, 30420.0]], "timestamp": "2025-12-14T10:20:29.865092+00:00"}, {"symbol": "XRPUSDT", "bids": [[2.0068, 6742.1], [2.0067, 6017.0], [2.0066, 19263.6], [2.0065, 27454.1], [2.0064, 64544.4], [2.0063, 34645.1], [2.0062, 21143.6], [2.0061, 37596.3], [2.006, 45089.2], [2.0059, 60434.5], [2.0058, 18319.8], [2.0057, 19881.1], [2.0056, 28347.9], [2.0055, 111158.3], [2.0054, 20999.7], [2.0053, 68794.2], [2.0052, 36718.8], [2.0051, 25106.1], [2.005, 31217.0], [2.0049, 19820.3]], "asks": [[2.0069, 32783.6], [2.007, 23350.2], [2.0071, 25593.1], [2.0072, 27611.1], [2.0073, 24490.9], [2.0074, 26418.7], [2.0075, 38064.1], [2.0076, 124734.5], [2.0077, 40428.3], [2.0078, 15107.8], [2.0079, 14272.0], [2.008, 27433.4], [2.0081, 26811.3], [2.0082, 123528.8], [2.0083, 15861.4], [2.0084, 10698.2], [2.0085, 65491.7], [2.0086, 29244.2], [2.0087, 62957.7], [2.0088, 16455.8]], "timestamp": "2025-12-14T10:21:23.249817+00:00"}, {"symbol": "XRPUSDT", "bids": [[2.0077, 25384.7], [2.0076, 21423.7], [2.0075, 67355.8], [2.0074, 37681.9], [2.0073, 14521.7], [2.0072, 28249.2], [2.0071, 25154.5], [2.007, 36645.3], [2.0069, 79012.5], [2.0068, 21303.9], [2.0067, 37554.7], [2.0066, 23436.9], [2.0065, 112023.9], [2.0064, 52914.4], [2.0063, 21200.1], [2.0062, 13983.5], [2.0061, 25536.0], [2.006, 43100.8], [2.0059, 67828.9], [2.0058, 14871.1]], "asks": [[2.0078, 111729.2], [2.0079, 13566.2], [2.008, 19826.8], [2.0081, 17320.4], [2.0082, 25488.8], [2.0083, 27510.0], [2.0084, 30657.4], [2.0085, 58963.8], [2.0086, 61454.7], [2.0087, 79026.3], [2.0088, 19509.0], [2.0089, 26108.2], [2.009, 21813.8], [2.0091, 52460.9], [2.0092, 68826.4], [2.0093, 119928.1], [2.0094, 42073.6], [2.0095, 20682.8], [2.0096, 49468.2], [2.0097, 57620.5]], "timestamp": "2025-12-14T10:22:16.991118+00:00"}, {"symbol": "XRPUSDT", "bids": [[2.0072, 36585.9], [2.0071, 21144.3], [2.007, 31019.0], [2.0069, 66464.9], [2.0068, 22208.7], [2.0067, 11913.3], [2.0066, 19397.0], [2.0065, 31384.7], [2.0064, 51241.9], [2.0063, 27660.9], [2.0062, 39228.0], [2.0061, 104930.5], [2.006, 41645.9], [2.0059, 61651.6], [2.0058, 14323.2], [2.0057, 21039.9], [2.0056, 19805.2], [2.0055, 23879.8], [2.0054, 17910.5], [2.0053, 71512.4]], "asks": [[2.0073, 5930.9], [2.0074, 7084.7], [2.0075, 31100.7], [2.0076, 34987.3], [2.0077, 60056.9], [2.0078, 121065.2], [2.0079, 71347.2], [2.008, 31732.0], [2.0081, 34150.8], [2.0082, 56927.9], [2.0083, 27055.5], [2.0084, 25520.7], [2.0085, 45616.6], [2.0086, 52336.4], [2.0087, 78123.5], [2.0088, 21139.0], [2.0089, 45722.8], [2.009, 14642.6], [2.0091, 154143.5], [2.0092, 69572.1]], "timestamp": "2025-12-14T10:23:10.248515+00:00"}, {"symbol": "XRPUSDT", "bids": [[2.0083, 31361.4], [2.0082, 23340.2], [2.0081, 57927.1], [2.008, 23628.9], [2.0079, 27457.3], [2.0078, 45590.6], [2.0077, 53773.3], [2.0076, 95027.9], [2.0075, 36059.8], [2.0074, 24180.7], [2.0073, 14831.0], [2.0072, 25015.1], [2.0071, 109571.8], [2.007, 41521.8], [2.0069, 65746.6], [2.0068, 21616.1], [2.0067, 25879.3], [2.0066, 13325.0], [2.0065, 45009.7], [2.0064, 60713.5]], "asks": [[2.0084, 15756.0], [2.0085, 14855.2], [2.0086, 15578.3], [2.0087, 22170.7], [2.0088, 20908.0], [2.0089, 25529.4], [2.009, 34568.1], [2.0091, 32467.8], [2.0092, 82858.7], [2.0093, 46071.2], [2.0094, 11694.8], [2.0095, 20162.6], [2.0096, 34642.5], [2.0097, 56669.9], [2.0098, 22019.8], [2.0099, 46223.0], [2.01, 117650.2], [2.0101, 43600.3], [2.0102, 70017.2], [2.0103, 27752.6]], "timestamp": "2025-12-14T10:24:03.180796+00:00"}, {"symbol": "XRPUSDT", "bids": [[2.0097, 15892.8], [2.0096, 14280.6], [2.0095, 10689.3], [2.0094, 27174.4], [2.0093, 31395.1], [2.0092, 50197.0], [2.0091, 73523.2], [2.009, 42118.1], [2.0089, 13561.1], [2.0088, 21555.7], [2.0087, 25040.7], [2.0086, 80647.7], [2.0085, 45426.9], [2.0084, 96204.4], [2.0083, 10734.5], [2.0082, 31448.0], [2.0081, 57274.8], [2.008, 33944.3], [2.0079, 12156.9], [2.0078, 19344.4]], "asks": [[2.0098, 23877.1], [2.0099, 14219.9], [2.01, 24044.6], [2.0101, 30853.2], [2.0102, 28993.3], [2.0103, 35541.6], [2.0104, 27243.4], [2.0105, 61153.2], [2.0106, 66613.4], [2.0107, 22741.9], [2.0108, 21501.4], [2.0109, 27406.9], [2.011, 40520.1], [2.0111, 36655.3], [2.0112, 147172.4], [2.0113, 10223.3], [2.0114, 45430.6], [2.0115, 14229.4], [2.0116, 43226.6], [2.0117, 76294.2]], "timestamp": "2025-12-14T10:24:56.107699+00:00"}, {"symbol": "XRPUSDT", "bids": [[2.0097, 20460.0], [2.0096, 18678.9], [2.0095, 25241.4], [2.0094, 29430.2], [2.0093, 45268.1], [2.0092, 68790.1], [2.0091, 53788.6], [2.009, 25073.4], [2.0089, 13027.5], [2.0088, 17669.0], [2.0087, 24350.6], [2.0086, 71740.5], [2.0085, 53586.4], [2.0084, 92228.4], [2.0083, 14338.4], [2.0082, 28772.9], [2.0081, 49804.8], [2.008, 29561.8], [2.0079, 13411.5], [2.0078, 17141.7]], "asks": [[2.0098, 4901.2], [2.0099, 13612.5], [2.01, 19941.7], [2.0101, 32910.7], [2.0102, 38802.8], [2.0103, 40496.9], [2.0104, 35563.9], [2.0105, 37362.1], [2.0106, 49164.2], [2.0107, 65106.1], [2.0108, 25048.0], [2.0109, 9406.7], [2.011, 64584.9], [2.0111, 36561.2], [2.0112, 75506.9], [2.0113, 92014.0], [2.0114, 37889.0], [2.0115, 10009.5], [2.0116, 48465.2], [2.0117, 77349.3]], "timestamp": "2025-12-14T10:25:49.897572+00:00"}, {"symbol": "XRPUSDT", "bids": [[2.0097, 10170.8], [2.0096, 10013.4], [2.0095, 29085.3], [2.0094, 34205.2], [2.0093, 49305.2], [2.0092, 53777.8], [2.0091, 62031.4], [2.009, 28228.7], [2.0089, 12562.5], [2.0088, 21340.6], [2.0087, 27062.5], [2.0086, 86069.4], [2.0085, 126787.0], [2.0084, 54991.1], [2.0083, 13491.2], [2.0082, 28165.7], [2.0081, 50665.2], [2.008, 33215.6], [2.0079, 13261.6], [2.0078, 23815.7]], "asks": [[2.0098, 26987.7], [2.0099, 30536.4], [2.01, 16424.8], [2.0101, 17614.6], [2.0102, 19009.6], [2.0103, 36195.1], [2.0104, 29288.7], [2.0105, 40545.8], [2.0106, 59989.5], [2.0107, 57474.6], [2.0108, 27395.4], [2.0109, 10229.9], [2.011, 62602.9], [2.0111, 20602.7], [2.0112, 78535.2], [2.0113, 102005.7], [2.0114, 39508.9], [2.0115, 7774.4], [2.0116, 47140.2], [2.0117, 85432.1]], "timestamp": "2025-12-14T10:26:43.099134+00:00"}, {"symbol": "XRPUSDT", "bids": [[2.0092, 21735.3], [2.0091, 6094.9], [2.009, 12187.1], [2.0089, 12988.5], [2.0088, 22973.2], [2.0087, 26966.5], [2.0086, 73701.8], [2.0085, 44420.7], [2.0084, 19784.9], [2.0083, 19901.4], [2.0082, 58966.7], [2.0081, 61242.6], [2.008, 107124.6], [2.0079, 13643.1], [2.0078, 16441.8], [2.0077, 36749.3], [2.0076, 59649.5], [2.0075, 16919.7], [2.0074, 33707.2], [2.0073, 67944.3]], "asks": [[2.0093, 62804.6], [2.0094, 24093.3], [2.0095, 29959.3], [2.0096, 22697.1], [2.0097, 44423.5], [2.0098, 34027.4], [2.0099, 18192.9], [2.01, 26741.3], [2.0101, 57231.1], [2.0102, 71902.8], [2.0103, 48420.8], [2.0104, 21988.5], [2.0105, 17584.5], [2.0106, 57427.1], [2.0107, 130726.5], [2.0108, 19895.9], [2.0109, 14675.9], [2.011, 55682.3], [2.0111, 20979.0], [2.0112, 72851.8]], "timestamp": "2025-12-14T10:27:36.199768+00:00"}, {"symbol": "XRPUSDT", "bids": [[2.0087, 5908.5], [2.0086, 14571.0], [2.0085, 34330.8], [2.0084, 30915.5], [2.0083, 26282.9], [2.0082, 34994.2], [2.0081, 89904.2], [2.008, 29211.7], [2.0079, 23475.9], [2.0078, 26058.1], [2.0077, 33254.6], [2.0076, 67256.3], [2.0075, 62353.4], [2.0074, 101950.9], [2.0073, 15808.7], [2.0072, 11934.9], [2.0071, 23371.3], [2.007, 63240.8], [2.0069, 61782.1], [2.0068, 22840.8]], "asks": [[2.0088, 15264.1], [2.0089, 12057.7], [2.009, 13750.3], [2.0091, 15766.7], [2.0092, 27343.3], [2.0093, 30864.4], [2.0094, 41158.4], [2.0095, 40122.6], [2.0096, 46717.9], [2.0097, 73665.7], [2.0098, 4248.5], [2.0099, 25106.8], [2.01, 36187.6], [2.0101, 38441.8], [2.0102, 165328.7], [2.0103, 29919.8], [2.0104, 22655.9], [2.0105, 31125.7], [2.0106, 46702.1], [2.0107, 51282.7]], "timestamp": "2025-12-14T10:28:29.658103+00:00"}, {"symbol": "XRPUSDT", "bids": [[2.0084, 19081.2], [2.0083, 10048.2], [2.0082, 28900.1], [2.0081, 69327.2], [2.008, 23474.6], [2.0079, 25931.0], [2.0078, 22240.1], [2.0077, 44677.5], [2.0076, 63070.7], [2.0075, 19161.3], [2.0074, 31658.4], [2.0073, 21043.9], [2.0072, 27668.6], [2.0071, 102009.2], [2.007, 45020.7], [2.0069, 63235.6], [2.0068, 13827.1], [2.0067, 20199.5], [2.0066, 8944.2], [2.0065, 47424.5]], "asks": [[2.0085, 26521.7], [2.0086, 5760.4], [2.0087, 19860.1], [2.0088, 17142.4], [2.0089, 39142.2], [2.009, 34221.3], [2.0091, 15647.8], [2.0092, 24711.5], [2.0093, 36738.7], [2.0094, 41893.2], [2.0095, 37561.3], [2.0096, 45301.8], [2.0097, 66872.2], [2.0098, 16645.7], [2.0099, 114215.1], [2.01, 54566.7], [2.0101, 17140.4], [2.0102, 64382.1], [2.0103, 34816.0], [2.0104, 30897.2]], "timestamp": "2025-12-14T10:29:23.315360+00:00"}, {"symbol": "XRPUSDT", "bids": [[2.008, 15508.8], [2.0079, 6675.4], [2.0078, 9720.8], [2.0077, 24700.6], [2.0076, 50829.5], [2.0075, 21772.0], [2.0074, 21516.1], [2.0073, 18561.5], [2.0072, 27676.6], [2.0071, 28351.2], [2.007, 57381.7], [2.0069, 61181.4], [2.0068, 13494.2], [2.0067, 36018.0], [2.0066, 94033.7], [2.0065, 39343.5], [2.0064, 57422.6], [2.0063, 75427.4], [2.0062, 5977.3], [2.0061, 35970.6]], "asks": [[2.0081, 29752.6], [2.0082, 16239.5], [2.0083, 22786.9], [2.0084, 24579.6], [2.0085, 23660.5], [2.0086, 18468.5], [2.0087, 28511.4], [2.0088, 21896.5], [2.0089, 68421.0], [2.009, 43555.5], [2.0091, 42240.7], [2.0092, 51282.3], [2.0093, 28116.1], [2.0094, 108678.7], [2.0095, 32744.8], [2.0096, 55532.3], [2.0097, 68408.5], [2.0098, 7346.4], [2.0099, 33056.5], [2.01, 82243.7]], "timestamp": "2025-12-14T10:30:16.829871+00:00"}, {"symbol": "XRPUSDT", "bids": [[2.0067, 33613.1], [2.0066, 14824.6], [2.0065, 32018.0], [2.0064, 51650.3], [2.0063, 17963.6], [2.0062, 17454.2], [2.0061, 21996.1], [2.006, 42256.1], [2.0059, 64825.6], [2.0058, 18164.5], [2.0057, 39388.1], [2.0056, 64865.6], [2.0055, 36761.3], [2.0054, 101375.4], [2.0053, 103465.0], [2.0052, 31994.9], [2.0051, 24613.7], [2.005, 64018.6], [2.0049, 24227.4], [2.0048, 73560.8]], "asks": [[2.0068, 4228.7], [2.0069, 7443.3], [2.007, 7526.8], [2.0071, 16625.3], [2.0072, 20089.0], [2.0073, 26062.4], [2.0074, 51949.6], [2.0075, 89961.8], [2.0076, 87741.8], [2.0077, 42648.2], [2.0078, 15610.3], [2.0079, 16137.9], [2.008, 23865.4], [2.0081, 71364.6], [2.0082, 43879.5], [2.0083, 126815.6], [2.0084, 11705.1], [2.0085, 41179.7], [2.0086, 83285.1], [2.0087, 20617.3]], "timestamp": "2025-12-14T10:31:10.007623+00:00"}, {"symbol": "XRPUSDT", "bids": [[2.0039, 41053.9], [2.0038, 12512.0], [2.0037, 11428.4], [2.0036, 31726.7], [2.0035, 32479.9], [2.0034, 35847.0], [2.0033, 37107.5], [2.0032, 57700.2], [2.0031, 29251.2], [2.003, 40368.2], [2.0029, 7474.1], [2.0028, 33885.8], [2.0027, 47607.8], [2.0026, 34839.7], [2.0025, 105921.6], [2.0024, 37893.3], [2.0023, 18213.8], [2.0022, 69617.0], [2.0021, 38939.0], [2.002, 51149.6]], "asks": [[2.004, 6796.0], [2.0041, 7860.6], [2.0042, 17782.9], [2.0043, 43913.8], [2.0044, 22380.7], [2.0045, 36954.0], [2.0046, 38906.8], [2.0047, 47672.8], [2.0048, 55679.7], [2.0049, 81441.2], [2.005, 20959.6], [2.0051, 30531.7], [2.0052, 59008.7], [2.0053, 114798.8], [2.0054, 34126.7], [2.0055, 34939.7], [2.0056, 72339.8], [2.0057, 41988.1], [2.0058, 17792.0], [2.0059, 47297.5]], "timestamp": "2025-12-14T10:32:03.242264+00:00"}, {"symbol": "XRPUSDT", "bids": [[2.0052, 16789.2], [2.0051, 10670.8], [2.005, 13391.5], [2.0049, 16259.9], [2.0048, 36147.1], [2.0047, 57225.4], [2.0046, 16700.0], [2.0045, 19609.4], [2.0044, 21807.0], [2.0043, 25079.0], [2.0042, 80741.5], [2.0041, 17982.6], [2.004, 19180.6], [2.0039, 19616.9], [2.0038, 56593.2], [2.0037, 134709.5], [2.0036, 19172.2], [2.0035, 35188.0], [2.0034, 70450.1], [2.0033, 22708.0]], "asks": [[2.0053, 19283.1], [2.0054, 4772.7], [2.0055, 14493.4], [2.0056, 26489.1], [2.0057, 48023.7], [2.0058, 52373.0], [2.0059, 90233.2], [2.006, 48833.5], [2.0061, 110289.4], [2.0062, 41740.5], [2.0063, 29349.0], [2.0064, 37409.0], [2.0065, 136486.8], [2.0066, 74169.7], [2.0067, 48353.8], [2.0068, 9544.1], [2.0069, 37703.4], [2.007, 36763.3], [2.0071, 71807.4], [2.0072, 9070.7]], "timestamp": "2025-12-14T10:32:56.472115+00:00"}