[{"id": "707118352", "price": 1.9783, "amount": 8.8, "side": "sell", "timestamp": 1765755715504}, {"id": "707118353", "price": 1.9784, "amount": 517.1, "side": "buy", "timestamp": 1765755715866}, {"id": "707118354", "price": 1.9783, "amount": 7.1, "side": "sell", "timestamp": 1765755716041}, {"id": "707118355", "price": 1.9783, "amount": 93.7, "side": "sell", "timestamp": 1765755716348}, {"id": "707118356", "price": 1.9783, "amount": 64.7, "side": "sell", "timestamp": 1765755717243}, {"id": "707118357", "price": 1.9783, "amount": 228.5, "side": "sell", "timestamp": 1765755717398}, {"id": "707118358", "price": 1.9783, "amount": 5286.6, "side": "sell", "timestamp": 1765755717562}, {"id": "707118359", "price": 1.9782, "amount": 26.3, "side": "sell", "timestamp": 1765755717621}, {"id": "707118360", "price": 1.9782, "amount": 85.1, "side": "buy", "timestamp": 1765755718099}, {"id": "707118361", "price": 1.9781, "amount": 530.6, "side": "sell", "timestamp": 1765755718212}, {"id": "707118362", "price": 1.978, "amount": 145.4, "side": "sell", "timestamp": 1765755718442}, {"id": "707118363", "price": 1.978, "amount": 4464.5, "side": "sell", "timestamp": 1765755719131}, {"id": "707118364", "price": 1.9779, "amount": 6021.5, "side": "sell", "timestamp": 1765755719187}, {"id": "707118365", "price": 1.9779, "amount": 278.8, "side": "sell", "timestamp": 1765755719395}, {"id": "707118366", "price": 1.9778, "amount": 210.2, "side": "sell", "timestamp": 1765755719488}, {"id": "707118367", "price": 1.9778, "amount": 530.5, "side": "sell", "timestamp": 1765755719660}, {"id": "707118368", "price": 1.9777, "amount": 6.8, "side": "sell", "timestamp": 1765755720050}, {"id": "707118369", "price": 1.9777, "amount": 221.8, "side": "sell", "timestamp": 1765755720154}, {"id": "707118370", "price": 1.9777, "amount": 223.9, "side": "buy", "timestamp": 1765755720309}, {"id": "707118371", "price": 1.9776, "amount": 47.8, "side": "sell", "timestamp": 1765755720410}, {"id": "707118372", "price": 1.9777, "amount": 280.6, "side": "buy", "timestamp": 1765755720432}, {"id": "707118373", "price": 1.9776, "amount": 170.8, "side": "sell", "timestamp": 1765755720465}, {"id": "707118374", "price": 1.9775, "amount": 49.3, "side": "sell", "timestamp": 1765755720465}, {"id": "707118375", "price": 1.9776, "amount": 71.1, "side": "buy", "timestamp": 1765755720500}, {"id": "707118376", "price": 1.9776, "amount": 31.2, "side": "buy", "timestamp": 1765755720641}, {"id": "707118377", "price": 1.9776, "amount": 2114.0, "side": "buy", "timestamp": 1765755720765}, {"id": "707118378", "price": 1.9777, "amount": 5539.6, "side": "buy", "timestamp": 1765755720836}, {"id": "707118379", "price": 1.9776, "amount": 5.2, "side": "sell", "timestamp": 1765755720837}, {"id": "707118380", "price": 1.9777, "amount": 26753.6, "side": "buy", "timestamp": 1765755720838}, {"id": "707118381", "price": 1.9778, "amount": 34.2, "side": "buy", "timestamp": 1765755720841}, {"id": "707118382", "price": 1.9779, "amount": 273.5, "side": "buy", "timestamp": 1765755720877}, {"id": "707118383", "price": 1.978, "amount": 132.0, "side": "buy", "timestamp": 1765755720966}, {"id": "707118384", "price": 1.9781, "amount": 124.4, "side": "buy", "timestamp": 1765755721197}, {"id": "707118385", "price": 1.9781, "amount": 6.8, "side": "buy", "timestamp": 1765755721327}, {"id": "707118386", "price": 1.9781, "amount": 115.2, "side": "buy", "timestamp": 1765755721437}, {"id": "707118387", "price": 1.9781, "amount": 150.7, "side": "sell", "timestamp": 1765755721502}, {"id": "707118388", "price": 1.9782, "amount": 881.6, "side": "buy", "timestamp": 1765755721570}, {"id": "707118389", "price": 1.9781, "amount": 21.9, "side": "sell", "timestamp": 1765755721610}, {"id": "707118390", "price": 1.9781, "amount": 8.0, "side": "sell", "timestamp": 1765755721783}, {"id": "707118391", "price": 1.9781, "amount": 132.5, "side": "sell", "timestamp": 1765755722081}, {"id": "707118392", "price": 1.978, "amount": 167.6, "side": "sell", "timestamp": 1765755722096}, {"id": "707118393", "price": 1.9779, "amount": 7.1, "side": "sell", "timestamp": 1765755722145}, {"id": "707118394", "price": 1.9779, "amount": 121.4, "side": "sell", "timestamp": 1765755722493}, {"id": "707118395", "price": 1.9779, "amount": 4.8, "side": "sell", "timestamp": 1765755722998}, {"id": "707118396", "price": 1.9779, "amount": 4.8, "side": "sell", "timestamp": 1765755723139}, {"id": "707118397", "price": 1.978, "amount": 1585.4, "side": "buy", "timestamp": 1765755723175}, {"id": "707118398", "price": 1.9781, "amount": 79.3, "side": "buy", "timestamp": 1765755723180}, {"id": "707118399", "price": 1.9782, "amount": 19.4, "side": "buy", "timestamp": 1765755723256}, {"id": "707118400", "price": 1.9782, "amount": 301.6, "side": "buy", "timestamp": 1765755723357}, {"id": "707118401", "price": 1.9782, "amount": 206.1, "side": "sell", "timestamp": 1765755723522}, {"id": "707118591", "price": 1.9769, "amount": 100.8, "side": "sell", "timestamp": 1765755763720}, {"id": "707118592", "price": 1.9769, "amount": 98.9, "side": "sell", "timestamp": 1765755764754}, {"id": "707118593", "price": 1.9769, "amount": 5.6, "side": "sell", "timestamp": 1765755764860}, {"id": "707118594", "price": 1.9769, "amount": 7.1, "side": "sell", "timestamp": 1765755765119}, {"id": "707118595", "price": 1.977, "amount": 5.3, "side": "buy", "timestamp": 1765755765171}, {"id": "707118596", "price": 1.9769, "amount": 124.8, "side": "sell", "timestamp": 1765755765810}, {"id": "707118597", "price": 1.9769, "amount": 3638.9, "side": "sell", "timestamp": 1765755766302}, {"id": "707118598", "price": 1.9768, "amount": 114.5, "side": "sell", "timestamp": 1765755766383}, {"id": "707118599", "price": 1.9767, "amount": 83.4, "side": "sell", "timestamp": 1765755766450}, {"id": "707118600", "price": 1.9767, "amount": 3222.6, "side": "sell", "timestamp": 1765755766792}, {"id": "707118601", "price": 1.9768, "amount": 5.6, "side": "buy", "timestamp": 1765755767168}, {"id": "707118602", "price": 1.9767, "amount": 15.2, "side": "sell", "timestamp": 1765755767264}, {"id": "707118603", "price": 1.9767, "amount": 477.1, "side": "sell", "timestamp": 1765755767489}, {"id": "707118604", "price": 1.9767, "amount": 6.6, "side": "sell", "timestamp": 1765755767632}, {"id": "707118605", "price": 1.9767, "amount": 210.5, "side": "sell", "timestamp": 1765755767761}, {"id": "707118606", "price": 1.9768, "amount": 2000.0, "side": "buy", "timestamp": 1765755768005}, {"id": "707118607", "price": 1.9767, "amount": 402.2, "side": "sell", "timestamp": 1765755768216}, {"id": "707118608", "price": 1.9767, "amount": 56.4, "side": "sell", "timestamp": 1765755768625}, {"id": "707118609", "price": 1.9767, "amount": 199.4, "side": "sell", "timestamp": 1765755768820}, {"id": "707118610", "price": 1.9767, "amount": 15.3, "side": "sell", "timestamp": 1765755768989}, {"id": "707118611", "price": 1.9768, "amount": 2011.9, "side": "buy", "timestamp": 1765755769337}, {"id": "707118612", "price": 1.9767, "amount": 275.0, "side": "sell", "timestamp": 1765755769626}, {"id": "707118613", "price": 1.9767, "amount": 104.9, "side": "sell", "timestamp": 1765755769795}, {"id": "707118614", "price": 1.9768, "amount": 6.5, "side": "buy", "timestamp": 1765755770224}, {"id": "707118615", "price": 1.9767, "amount": 150.9, "side": "sell", "timestamp": 1765755770742}, {"id": "707118616", "price": 1.9768, "amount": 708.2, "side": "buy", "timestamp": 1765755771358}, {"id": "707118617", "price": 1.9767, "amount": 207.4, "side": "sell", "timestamp": 1765755771677}, {"id": "707118618", "price": 1.9767, "amount": 56.1, "side": "sell", "timestamp": 1765755772219}, {"id": "707118619", "price": 1.9768, "amount": 76.8, "side": "buy", "timestamp": 1765755772769}, {"id": "707118620", "price": 1.9767, "amount": 137.1, "side": "sell", "timestamp": 1765755772830}, {"id": "707118621", "price": 1.9767, "amount": 137.8, "side": "sell", "timestamp": 1765755773023}, {"id": "707118622", "price": 1.9767, "amount": 12007.0, "side": "sell", "timestamp": 1765755773502}, {"id": "707118623", "price": 1.9767, "amount": 38.6, "side": "buy", "timestamp": 1765755773741}, {"id": "707118624", "price": 1.9766, "amount": 177.6, "side": "sell", "timestamp": 1765755773771}, {"id": "707118625", "price": 1.9767, "amount": 3.1, "side": "buy", "timestamp": 1765755773893}, {"id": "707118626", "price": 1.9767, "amount": 5.2, "side": "buy", "timestamp": 1765755774197}, {"id": "707118627", "price": 1.9766, "amount": 99.7, "side": "sell", "timestamp": 1765755774920}, {"id": "707118628", "price": 1.9767, "amount": 4908.7, "side": "buy", "timestamp": 1765755775379}, {"id": "707118629", "price": 1.9768, "amount": 2685.2, "side": "buy", "timestamp": 1765755775604}, {"id": "707118630", "price": 1.9769, "amount": 51.1, "side": "buy", "timestamp": 1765755775611}, {"id": "707118631", "price": 1.9769, "amount": 7.1, "side": "sell", "timestamp": 1765755775681}, {"id": "707118632", "price": 1.9769, "amount": 154.3, "side": "sell", "timestamp": 1765755776035}, {"id": "707118633", "price": 1.9769, "amount": 3.1, "side": "sell", "timestamp": 1765755776522}, {"id": "707118634", "price": 1.9769, "amount": 2472.6, "side": "sell", "timestamp": 1765755776666}, {"id": "707118635", "price": 1.9768, "amount": 1010.3, "side": "sell", "timestamp": 1765755776666}, {"id": "707118636", "price": 1.9768, "amount": 185.5, "side": "sell", "timestamp": 1765755776892}, {"id": "707118637", "price": 1.9768, "amount": 78.7, "side": "sell", "timestamp": 1765755777092}, {"id": "707118638", "price": 1.9768, "amount": 142.0, "side": "sell", "timestamp": 1765755777607}, {"id": "707118639", "price": 1.9768, "amount": 91.8, "side": "sell", "timestamp": 1765755777908}, {"id": "707118640", "price": 1.9769, "amount": 178.7, "side": "buy", "timestamp": 1765755778461}, {"id": "707118859", "price": 1.9782, "amount": 144.8, "side": "sell", "timestamp": 1765755819669}, {"id": "707118860", "price": 1.9782, "amount": 15.3, "side": "sell", "timestamp": 1765755820141}, {"id": "707118861", "price": 1.9782, "amount": 90.6, "side": "sell", "timestamp": 1765755820620}, {"id": "707118862", "price": 1.9782, "amount": 2904.1, "side": "sell", "timestamp": 1765755820893}, {"id": "707118863", "price": 1.9781, "amount": 75.3, "side": "sell", "timestamp": 1765755821710}, {"id": "707118864", "price": 1.9782, "amount": 54.0, "side": "buy", "timestamp": 1765755821946}, {"id": "707118865", "price": 1.9781, "amount": 7.1, "side": "sell", "timestamp": 1765755822110}, {"id": "707118866", "price": 1.9781, "amount": 6.5, "side": "sell", "timestamp": 1765755822242}, {"id": "707118867", "price": 1.9781, "amount": 155.3, "side": "sell", "timestamp": 1765755822766}, {"id": "707118868", "price": 1.9782, "amount": 1032.0, "side": "buy", "timestamp": 1765755822883}, {"id": "707118869", "price": 1.9781, "amount": 7.0, "side": "sell", "timestamp": 1765755823033}, {"id": "707118870", "price": 1.9781, "amount": 144.8, "side": "sell", "timestamp": 1765755823827}, {"id": "707118871", "price": 1.9782, "amount": 10.0, "side": "buy", "timestamp": 1765755824231}, {"id": "707118872", "price": 1.9781, "amount": 30.2, "side": "sell", "timestamp": 1765755824322}, {"id": "707118873", "price": 1.9781, "amount": 505.9, "side": "sell", "timestamp": 1765755824627}, {"id": "707118874", "price": 1.978, "amount": 366.4, "side": "sell", "timestamp": 1765755824705}, {"id": "707118875", "price": 1.9779, "amount": 11.6, "side": "sell", "timestamp": 1765755824711}, {"id": "707118876", "price": 1.9779, "amount": 84.5, "side": "sell", "timestamp": 1765755824870}, {"id": "707118877", "price": 1.9779, "amount": 7.1, "side": "sell", "timestamp": 1765755825069}, {"id": "707118878", "price": 1.978, "amount": 115.6, "side": "buy", "timestamp": 1765755825547}, {"id": "707118879", "price": 1.9779, "amount": 145.1, "side": "sell", "timestamp": 1765755825933}, {"id": "707118880", "price": 1.978, "amount": 11.5, "side": "buy", "timestamp": 1765755826528}, {"id": "707118881", "price": 1.9779, "amount": 6.0, "side": "sell", "timestamp": 1765755826728}, {"id": "707118882", "price": 1.978, "amount": 78.4, "side": "buy", "timestamp": 1765755826887}, {"id": "707118883", "price": 1.9779, "amount": 2082.9, "side": "sell", "timestamp": 1765755826925}, {"id": "707118884", "price": 1.9778, "amount": 698.0, "side": "sell", "timestamp": 1765755826930}, {"id": "707118885", "price": 1.9777, "amount": 143.3, "side": "sell", "timestamp": 1765755826947}, {"id": "707118886", "price": 1.9777, "amount": 15.2, "side": "sell", "timestamp": 1765755827509}, {"id": "707118887", "price": 1.9778, "amount": 965.8, "side": "buy", "timestamp": 1765755827561}, {"id": "707118888", "price": 1.9777, "amount": 6.1, "side": "sell", "timestamp": 1765755827697}, {"id": "707118889", "price": 1.9777, "amount": 1223.3, "side": "sell", "timestamp": 1765755828020}, {"id": "707118890", "price": 1.9776, "amount": 20.7, "side": "sell", "timestamp": 1765755828093}, {"id": "707118891", "price": 1.9775, "amount": 7.1, "side": "sell", "timestamp": 1765755828272}, {"id": "707118892", "price": 1.9775, "amount": 8.7, "side": "sell", "timestamp": 1765755828435}, {"id": "707118893", "price": 1.9776, "amount": 6984.0, "side": "buy", "timestamp": 1765755828617}, {"id": "707118894", "price": 1.9777, "amount": 13016.0, "side": "buy", "timestamp": 1765755828617}, {"id": "707118895", "price": 1.9776, "amount": 190.9, "side": "sell", "timestamp": 1765755828961}, {"id": "707118896", "price": 1.9776, "amount": 12870.7, "side": "sell", "timestamp": 1765755829429}, {"id": "707118897", "price": 1.9775, "amount": 2129.3, "side": "sell", "timestamp": 1765755829429}, {"id": "707118898", "price": 1.9775, "amount": 800.6, "side": "sell", "timestamp": 1765755829924}, {"id": "707118899", "price": 1.9775, "amount": 1079.4, "side": "sell", "timestamp": 1765755830446}, {"id": "707118900", "price": 1.9774, "amount": 93.3, "side": "sell", "timestamp": 1765755831020}, {"id": "707118901", "price": 1.9774, "amount": 7.7, "side": "sell", "timestamp": 1765755831160}, {"id": "707118902", "price": 1.9774, "amount": 6.5, "side": "sell", "timestamp": 1765755831356}, {"id": "707118903", "price": 1.9774, "amount": 101.4, "side": "sell", "timestamp": 1765755832027}, {"id": "707118904", "price": 1.9774, "amount": 3.2, "side": "sell", "timestamp": 1765755832648}, {"id": "707118905", "price": 1.9774, "amount": 185.9, "side": "sell", "timestamp": 1765755832983}, {"id": "707118906", "price": 1.9774, "amount": 3360.4, "side": "sell", "timestamp": 1765755833279}, {"id": "707118907", "price": 1.9773, "amount": 535.3, "side": "sell", "timestamp": 1765755833308}, {"id": "707118908", "price": 1.9772, "amount": 1.7, "side": "sell", "timestamp": 1765755833308}, {"id": "707119073", "price": 1.9776, "amount": 7271.1, "side": "sell", "timestamp": 1765755873005}, {"id": "707119074", "price": 1.9777, "amount": 50.9, "side": "buy", "timestamp": 1765755873567}, {"id": "707119075", "price": 1.9776, "amount": 69.6, "side": "sell", "timestamp": 1765755874096}, {"id": "707119076", "price": 1.9777, "amount": 25.2, "side": "buy", "timestamp": 1765755874300}, {"id": "707119077", "price": 1.9777, "amount": 15.2, "side": "buy", "timestamp": 1765755874522}, {"id": "707119078", "price": 1.9776, "amount": 33942.6, "side": "sell", "timestamp": 1765755875073}, {"id": "707119079", "price": 1.9775, "amount": 3200.8, "side": "sell", "timestamp": 1765755875076}, {"id": "707119080", "price": 1.9774, "amount": 5688.4, "side": "sell", "timestamp": 1765755875077}, {"id": "707119081", "price": 1.9773, "amount": 123.9, "side": "sell", "timestamp": 1765755875137}, {"id": "707119082", "price": 1.9772, "amount": 4.5, "side": "sell", "timestamp": 1765755875278}, {"id": "707119083", "price": 1.9772, "amount": 1013.4, "side": "sell", "timestamp": 1765755875440}, {"id": "707119084", "price": 1.9772, "amount": 135.5, "side": "sell", "timestamp": 1765755876164}, {"id": "707119085", "price": 1.9773, "amount": 15.4, "side": "buy", "timestamp": 1765755876287}, {"id": "707119086", "price": 1.9772, "amount": 1158.8, "side": "sell", "timestamp": 1765755876907}, {"id": "707119087", "price": 1.9771, "amount": 169.4, "side": "sell", "timestamp": 1765755877046}, {"id": "707119088", "price": 1.977, "amount": 101.1, "side": "sell", "timestamp": 1765755877086}, {"id": "707119089", "price": 1.977, "amount": 67.7, "side": "sell", "timestamp": 1765755877240}, {"id": "707119090", "price": 1.9771, "amount": 62.7, "side": "buy", "timestamp": 1765755877387}, {"id": "707119091", "price": 1.9771, "amount": 320.6, "side": "buy", "timestamp": 1765755878024}, {"id": "707119092", "price": 1.977, "amount": 147.4, "side": "sell", "timestamp": 1765755878268}, {"id": "707119093", "price": 1.977, "amount": 3.5, "side": "sell", "timestamp": 1765755878674}, {"id": "707119094", "price": 1.977, "amount": 114.3, "side": "sell", "timestamp": 1765755879291}, {"id": "707119095", "price": 1.977, "amount": 1587.4, "side": "sell", "timestamp": 1765755879400}, {"id": "707119096", "price": 1.9769, "amount": 1534.3, "side": "sell", "timestamp": 1765755879400}, {"id": "707119097", "price": 1.9768, "amount": 2525.7, "side": "sell", "timestamp": 1765755879400}, {"id": "707119098", "price": 1.9769, "amount": 14.0, "side": "buy", "timestamp": 1765755880116}, {"id": "707119099", "price": 1.9768, "amount": 143.4, "side": "sell", "timestamp": 1765755880381}, {"id": "707119100", "price": 1.9768, "amount": 248.5, "side": "buy", "timestamp": 1765755880619}, {"id": "707119101", "price": 1.9767, "amount": 7.1, "side": "sell", "timestamp": 1765755880840}, {"id": "707119102", "price": 1.9767, "amount": 122.2, "side": "sell", "timestamp": 1765755881307}, {"id": "707119103", "price": 1.9767, "amount": 3.3, "side": "sell", "timestamp": 1765755881711}, {"id": "707119104", "price": 1.9768, "amount": 608.9, "side": "buy", "timestamp": 1765755882007}, {"id": "707119105", "price": 1.9767, "amount": 84.1, "side": "sell", "timestamp": 1765755882320}, {"id": "707119106", "price": 1.9768, "amount": 1750.9, "side": "buy", "timestamp": 1765755882778}, {"id": "707119107", "price": 1.9769, "amount": 73.5, "side": "buy", "timestamp": 1765755882977}, {"id": "707119108", "price": 1.9768, "amount": 7.1, "side": "sell", "timestamp": 1765755883070}, {"id": "707119109", "price": 1.9768, "amount": 66.4, "side": "sell", "timestamp": 1765755883324}, {"id": "707119110", "price": 1.9768, "amount": 29.2, "side": "sell", "timestamp": 1765755883886}, {"id": "707119111", "price": 1.9769, "amount": 3.1, "side": "buy", "timestamp": 1765755883893}, {"id": "707119112", "price": 1.9769, "amount": 404.6, "side": "buy", "timestamp": 1765755884395}, {"id": "707119113", "price": 1.9768, "amount": 84.4, "side": "sell", "timestamp": 1765755884405}, {"id": "707119114", "price": 1.9768, "amount": 6.8, "side": "sell", "timestamp": 1765755884709}, {"id": "707119115", "price": 1.9769, "amount": 10.1, "side": "buy", "timestamp": 1765755885078}, {"id": "707119116", "price": 1.9768, "amount": 115.6, "side": "sell", "timestamp": 1765755885463}, {"id": "707119117", "price": 1.9768, "amount": 7.1, "side": "sell", "timestamp": 1765755886110}, {"id": "707119118", "price": 1.9768, "amount": 180.9, "side": "sell", "timestamp": 1765755886235}, {"id": "707119119", "price": 1.9768, "amount": 142.9, "side": "sell", "timestamp": 1765755886415}, {"id": "707119120", "price": 1.9768, "amount": 65.4, "side": "sell", "timestamp": 1765755887397}, {"id": "707119121", "price": 1.9769, "amount": 15.1, "side": "buy", "timestamp": 1765755887660}, {"id": "707119122", "price": 1.9768, "amount": 8.2, "side": "sell", "timestamp": 1765755888021}, {"id": "707119370", "price": 1.9777, "amount": 211.4, "side": "sell", "timestamp": 1765755932420}, {"id": "707119371", "price": 1.9778, "amount": 3.1, "side": "buy", "timestamp": 1765755932892}, {"id": "707119372", "price": 1.9777, "amount": 7.1, "side": "sell", "timestamp": 1765755933189}, {"id": "707119373", "price": 1.9777, "amount": 1304.4, "side": "sell", "timestamp": 1765755933371}, {"id": "707119374", "price": 1.9776, "amount": 907.9, "side": "sell", "timestamp": 1765755933376}, {"id": "707119375", "price": 1.9775, "amount": 129.8, "side": "sell", "timestamp": 1765755933411}, {"id": "707119376", "price": 1.9776, "amount": 462.6, "side": "buy", "timestamp": 1765755933596}, {"id": "707119377", "price": 1.9776, "amount": 54.1, "side": "buy", "timestamp": 1765755933707}, {"id": "707119378", "price": 1.9777, "amount": 22.4, "side": "buy", "timestamp": 1765755933923}, {"id": "707119379", "price": 1.9776, "amount": 99.1, "side": "sell", "timestamp": 1765755933957}, {"id": "707119380", "price": 1.9776, "amount": 164.3, "side": "sell", "timestamp": 1765755934347}, {"id": "707119381", "price": 1.9776, "amount": 17.7, "side": "sell", "timestamp": 1765755934449}, {"id": "707119382", "price": 1.9777, "amount": 57.0, "side": "buy", "timestamp": 1765755934711}, {"id": "707119383", "price": 1.9776, "amount": 2726.2, "side": "sell", "timestamp": 1765755935452}, {"id": "707119384", "price": 1.9775, "amount": 6.1, "side": "sell", "timestamp": 1765755935693}, {"id": "707119385", "price": 1.9776, "amount": 163.9, "side": "buy", "timestamp": 1765755935950}, {"id": "707119386", "price": 1.9776, "amount": 51.3, "side": "buy", "timestamp": 1765755936098}, {"id": "707119387", "price": 1.9775, "amount": 216.0, "side": "sell", "timestamp": 1765755936411}, {"id": "707119388", "price": 1.9775, "amount": 16.2, "side": "sell", "timestamp": 1765755936798}, {"id": "707119389", "price": 1.9776, "amount": 2639.8, "side": "buy", "timestamp": 1765755936865}, {"id": "707119390", "price": 1.9777, "amount": 892.9, "side": "buy", "timestamp": 1765755936865}, {"id": "707119391", "price": 1.9776, "amount": 52.9, "side": "sell", "timestamp": 1765755937154}, {"id": "707119392", "price": 1.9777, "amount": 268.8, "side": "buy", "timestamp": 1765755937202}, {"id": "707119393", "price": 1.9777, "amount": 7.1, "side": "sell", "timestamp": 1765755937325}, {"id": "707119394", "price": 1.9777, "amount": 202.7, "side": "sell", "timestamp": 1765755937571}, {"id": "707119395", "price": 1.9777, "amount": 19.6, "side": "sell", "timestamp": 1765755938054}, {"id": "707119396", "price": 1.9777, "amount": 135.9, "side": "sell", "timestamp": 1765755938612}, {"id": "707119397", "price": 1.9777, "amount": 50.9, "side": "sell", "timestamp": 1765755939297}, {"id": "707119398", "price": 1.9778, "amount": 23.0, "side": "buy", "timestamp": 1765755939625}, {"id": "707119399", "price": 1.9777, "amount": 173.2, "side": "sell", "timestamp": 1765755939634}, {"id": "707119400", "price": 1.9778, "amount": 29.6, "side": "buy", "timestamp": 1765755940106}, {"id": "707119401", "price": 1.9777, "amount": 9843.0, "side": "sell", "timestamp": 1765755940135}, {"id": "707119402", "price": 1.9776, "amount": 18507.5, "side": "sell", "timestamp": 1765755940234}, {"id": "707119403", "price": 1.9775, "amount": 8678.3, "side": "sell", "timestamp": 1765755940326}, {"id": "707119404", "price": 1.9774, "amount": 14568.5, "side": "sell", "timestamp": 1765755940331}, {"id": "707119405", "price": 1.9773, "amount": 10977.5, "side": "sell", "timestamp": 1765755940331}, {"id": "707119406", "price": 1.9772, "amount": 5032.6, "side": "sell", "timestamp": 1765755940345}, {"id": "707119407", "price": 1.9771, "amount": 2129.7, "side": "sell", "timestamp": 1765755940345}, {"id": "707119408", "price": 1.9771, "amount": 216.6, "side": "sell", "timestamp": 1765755940660}, {"id": "707119409", "price": 1.9772, "amount": 463.1, "side": "buy", "timestamp": 1765755940708}, {"id": "707119410", "price": 1.9771, "amount": 47.5, "side": "sell", "timestamp": 1765755940904}, {"id": "707119411", "price": 1.9771, "amount": 511.9, "side": "buy", "timestamp": 1765755941086}, {"id": "707119412", "price": 1.977, "amount": 1086.7, "side": "sell", "timestamp": 1765755941666}, {"id": "707119413", "price": 1.9769, "amount": 662.9, "side": "sell", "timestamp": 1765755941717}, {"id": "707119414", "price": 1.9768, "amount": 73.0, "side": "sell", "timestamp": 1765755941720}, {"id": "707119415", "price": 1.9768, "amount": 142.0, "side": "buy", "timestamp": 1765755941747}, {"id": "707119416", "price": 1.9767, "amount": 3.1, "side": "sell", "timestamp": 1765755941822}, {"id": "707119417", "price": 1.9767, "amount": 119.5, "side": "sell", "timestamp": 1765755942091}, {"id": "707119418", "price": 1.9767, "amount": 2373.5, "side": "buy", "timestamp": 1765755942606}, {"id": "707119419", "price": 1.9766, "amount": 1023.6, "side": "sell", "timestamp": 1765755942780}, {"id": "707119721", "price": 1.975, "amount": 277.6, "side": "sell", "timestamp": 1765755989355}, {"id": "707119722", "price": 1.9749, "amount": 557.2, "side": "sell", "timestamp": 1765755989384}, {"id": "707119723", "price": 1.9748, "amount": 3.1, "side": "sell", "timestamp": 1765755989407}, {"id": "707119724", "price": 1.9748, "amount": 12.0, "side": "sell", "timestamp": 1765755989615}, {"id": "707119725", "price": 1.9748, "amount": 152.2, "side": "sell", "timestamp": 1765755989749}, {"id": "707119726", "price": 1.9749, "amount": 63.0, "side": "buy", "timestamp": 1765755989892}, {"id": "707119727", "price": 1.9748, "amount": 3.5, "side": "sell", "timestamp": 1765755989893}, {"id": "707119728", "price": 1.9748, "amount": 3.5, "side": "sell", "timestamp": 1765755990163}, {"id": "707119729", "price": 1.9749, "amount": 64.5, "side": "buy", "timestamp": 1765755990251}, {"id": "707119730", "price": 1.9748, "amount": 126.0, "side": "sell", "timestamp": 1765755990309}, {"id": "707119731", "price": 1.9747, "amount": 3.1, "side": "sell", "timestamp": 1765755990469}, {"id": "707119732", "price": 1.9747, "amount": 3.7, "side": "sell", "timestamp": 1765755990734}, {"id": "707119733", "price": 1.9748, "amount": 938.8, "side": "buy", "timestamp": 1765755990894}, {"id": "707119734", "price": 1.9748, "amount": 73.0, "side": "sell", "timestamp": 1765755990920}, {"id": "707119735", "price": 1.9749, "amount": 53.9, "side": "buy", "timestamp": 1765755990998}, {"id": "707119736", "price": 1.9749, "amount": 10.5, "side": "sell", "timestamp": 1765755991108}, {"id": "707119737", "price": 1.975, "amount": 185.4, "side": "buy", "timestamp": 1765755991419}, {"id": "707119738", "price": 1.9751, "amount": 158.1, "side": "buy", "timestamp": 1765755991679}, {"id": "707119739", "price": 1.9751, "amount": 90.3, "side": "sell", "timestamp": 1765755991839}, {"id": "707119740", "price": 1.9751, "amount": 63.1, "side": "sell", "timestamp": 1765755991997}, {"id": "707119741", "price": 1.9752, "amount": 199.7, "side": "buy", "timestamp": 1765755992318}, {"id": "707119742", "price": 1.9752, "amount": 2.6, "side": "sell", "timestamp": 1765755992468}, {"id": "707119743", "price": 1.9753, "amount": 153.1, "side": "buy", "timestamp": 1765755992479}, {"id": "707119744", "price": 1.9754, "amount": 168.5, "side": "buy", "timestamp": 1765755992523}, {"id": "707119745", "price": 1.9754, "amount": 6834.3, "side": "sell", "timestamp": 1765755992586}, {"id": "707119746", "price": 1.9753, "amount": 17.9, "side": "sell", "timestamp": 1765755992597}, {"id": "707119747", "price": 1.9752, "amount": 151.1, "side": "sell", "timestamp": 1765755992920}, {"id": "707119748", "price": 1.9753, "amount": 40.8, "side": "buy", "timestamp": 1765755993015}, {"id": "707119749", "price": 1.9753, "amount": 55.3, "side": "sell", "timestamp": 1765755994021}, {"id": "707119750", "price": 1.9753, "amount": 7.1, "side": "sell", "timestamp": 1765755994132}, {"id": "707119751", "price": 1.9754, "amount": 182.2, "side": "buy", "timestamp": 1765755994428}, {"id": "707119752", "price": 1.9755, "amount": 57.0, "side": "buy", "timestamp": 1765755994662}, {"id": "707119753", "price": 1.9756, "amount": 5.4, "side": "buy", "timestamp": 1765755994962}, {"id": "707119754", "price": 1.9755, "amount": 67.7, "side": "sell", "timestamp": 1765755994990}, {"id": "707119755", "price": 1.9756, "amount": 264.5, "side": "buy", "timestamp": 1765755995025}, {"id": "707119756", "price": 1.9756, "amount": 88.4, "side": "sell", "timestamp": 1765755995306}, {"id": "707119757", "price": 1.9756, "amount": 182.1, "side": "buy", "timestamp": 1765755995325}, {"id": "707119758", "price": 1.9755, "amount": 257.9, "side": "sell", "timestamp": 1765755995427}, {"id": "707119759", "price": 1.9754, "amount": 55.7, "side": "sell", "timestamp": 1765755995635}, {"id": "707119760", "price": 1.9754, "amount": 801.0, "side": "sell", "timestamp": 1765755995892}, {"id": "707119761", "price": 1.9753, "amount": 121.0, "side": "sell", "timestamp": 1765755995944}, {"id": "707119762", "price": 1.9753, "amount": 8.1, "side": "sell", "timestamp": 1765755996116}, {"id": "707119763", "price": 1.9754, "amount": 121.5, "side": "buy", "timestamp": 1765755996669}, {"id": "707119764", "price": 1.9753, "amount": 379.4, "side": "sell", "timestamp": 1765755996729}, {"id": "707119765", "price": 1.9753, "amount": 155.9, "side": "sell", "timestamp": 1765755996965}, {"id": "707119766", "price": 1.9753, "amount": 873.2, "side": "sell", "timestamp": 1765755997177}, {"id": "707119767", "price": 1.9752, "amount": 174.1, "side": "sell", "timestamp": 1765755997336}, {"id": "707119768", "price": 1.9752, "amount": 312.9, "side": "buy", "timestamp": 1765755997525}, {"id": "707119769", "price": 1.9751, "amount": 1539.7, "side": "sell", "timestamp": 1765755997756}, {"id": "707119770", "price": 1.975, "amount": 649.1, "side": "sell", "timestamp": 1765755997756}, {"id": "707119974", "price": 1.9749, "amount": 43.6, "side": "sell", "timestamp": 1765756040671}, {"id": "707119975", "price": 1.9749, "amount": 2.9, "side": "sell", "timestamp": 1765756040856}, {"id": "707119976", "price": 1.975, "amount": 922.5, "side": "buy", "timestamp": 1765756040979}, {"id": "707119977", "price": 1.975, "amount": 3.4, "side": "sell", "timestamp": 1765756041003}, {"id": "707119978", "price": 1.9751, "amount": 1790.4, "side": "buy", "timestamp": 1765756041221}, {"id": "707119979", "price": 1.9751, "amount": 120.9, "side": "sell", "timestamp": 1765756041373}, {"id": "707119980", "price": 1.9751, "amount": 3.3, "side": "sell", "timestamp": 1765756041736}, {"id": "707119981", "price": 1.9751, "amount": 4385.0, "side": "sell", "timestamp": 1765756041851}, {"id": "707119982", "price": 1.9752, "amount": 3.5, "side": "buy", "timestamp": 1765756042018}, {"id": "707119983", "price": 1.9751, "amount": 132.0, "side": "sell", "timestamp": 1765756042320}, {"id": "707119984", "price": 1.9751, "amount": 25.3, "side": "sell", "timestamp": 1765756042786}, {"id": "707119985", "price": 1.9751, "amount": 133.9, "side": "sell", "timestamp": 1765756043230}, {"id": "707119986", "price": 1.9751, "amount": 307.2, "side": "sell", "timestamp": 1765756043455}, {"id": "707119987", "price": 1.9751, "amount": 6.1, "side": "sell", "timestamp": 1765756043690}, {"id": "707119988", "price": 1.9752, "amount": 19.6, "side": "buy", "timestamp": 1765756043957}, {"id": "707119989", "price": 1.9751, "amount": 114.3, "side": "sell", "timestamp": 1765756044279}, {"id": "707119990", "price": 1.9751, "amount": 155.2, "side": "sell", "timestamp": 1765756044767}, {"id": "707119991", "price": 1.9752, "amount": 93.5, "side": "buy", "timestamp": 1765756044892}, {"id": "707119992", "price": 1.9751, "amount": 132.8, "side": "sell", "timestamp": 1765756045394}, {"id": "707119993", "price": 1.9751, "amount": 7.1, "side": "sell", "timestamp": 1765756046063}, {"id": "707119994", "price": 1.9751, "amount": 3.9, "side": "sell", "timestamp": 1765756046197}, {"id": "707119995", "price": 1.9751, "amount": 92.2, "side": "sell", "timestamp": 1765756046519}, {"id": "707119996", "price": 1.9751, "amount": 4.4, "side": "sell", "timestamp": 1765756046906}, {"id": "707119997", "price": 1.9751, "amount": 141.8, "side": "sell", "timestamp": 1765756047294}, {"id": "707119998", "price": 1.9751, "amount": 81.1, "side": "sell", "timestamp": 1765756047509}, {"id": "707119999", "price": 1.9752, "amount": 467.3, "side": "buy", "timestamp": 1765756047580}, {"id": "707120000", "price": 1.9753, "amount": 320.6, "side": "buy", "timestamp": 1765756047874}, {"id": "707120001", "price": 1.9754, "amount": 3.1, "side": "buy", "timestamp": 1765756047892}, {"id": "707120002", "price": 1.9754, "amount": 94.6, "side": "buy", "timestamp": 1765756048473}, {"id": "707120003", "price": 1.9754, "amount": 56.8, "side": "sell", "timestamp": 1765756048520}, {"id": "707120004", "price": 1.9755, "amount": 268.0, "side": "buy", "timestamp": 1765756048613}, {"id": "707120005", "price": 1.9756, "amount": 1735.6, "side": "buy", "timestamp": 1765756048626}, {"id": "707120006", "price": 1.9757, "amount": 55.7, "side": "buy", "timestamp": 1765756048924}, {"id": "707120007", "price": 1.9756, "amount": 3.1, "side": "sell", "timestamp": 1765756048951}, {"id": "707120008", "price": 1.9756, "amount": 7.1, "side": "sell", "timestamp": 1765756049135}, {"id": "707120009", "price": 1.9757, "amount": 283.9, "side": "buy", "timestamp": 1765756049210}, {"id": "707120010", "price": 1.9758, "amount": 2450.4, "side": "buy", "timestamp": 1765756049210}, {"id": "707120011", "price": 1.9759, "amount": 2327.9, "side": "buy", "timestamp": 1765756049210}, {"id": "707120012", "price": 1.9758, "amount": 4568.9, "side": "sell", "timestamp": 1765756049449}, {"id": "707120013", "price": 1.9758, "amount": 31.2, "side": "sell", "timestamp": 1765756049607}, {"id": "707120014", "price": 1.9757, "amount": 215.7, "side": "sell", "timestamp": 1765756049768}, {"id": "707120015", "price": 1.9757, "amount": 688.2, "side": "buy", "timestamp": 1765756050376}, {"id": "707120016", "price": 1.9756, "amount": 121.6, "side": "sell", "timestamp": 1765756050520}, {"id": "707120017", "price": 1.9756, "amount": 897.4, "side": "sell", "timestamp": 1765756050656}, {"id": "707120018", "price": 1.9755, "amount": 248.4, "side": "sell", "timestamp": 1765756050683}, {"id": "707120019", "price": 1.9754, "amount": 59.1, "side": "sell", "timestamp": 1765756050971}, {"id": "707120020", "price": 1.9754, "amount": 144.3, "side": "sell", "timestamp": 1765756051574}, {"id": "707120021", "price": 1.9755, "amount": 303.0, "side": "buy", "timestamp": 1765756051732}, {"id": "707120022", "price": 1.9754, "amount": 7.1, "side": "sell", "timestamp": 1765756052167}, {"id": "707120023", "price": 1.9754, "amount": 106.7, "side": "sell", "timestamp": 1765756052485}, {"id": "707120247", "price": 1.9759, "amount": 98.9, "side": "sell", "timestamp": 1765756099820}, {"id": "707120248", "price": 1.976, "amount": 395.8, "side": "buy", "timestamp": 1765756099863}, {"id": "707120249", "price": 1.9761, "amount": 32.4, "side": "buy", "timestamp": 1765756099960}, {"id": "707120250", "price": 1.9761, "amount": 138.1, "side": "sell", "timestamp": 1765756099968}, {"id": "707120251", "price": 1.9762, "amount": 250.9, "side": "buy", "timestamp": 1765756100235}, {"id": "707120252", "price": 1.9762, "amount": 23688.9, "side": "sell", "timestamp": 1765756100242}, {"id": "707120253", "price": 1.9761, "amount": 14264.5, "side": "sell", "timestamp": 1765756100242}, {"id": "707120254", "price": 1.976, "amount": 4531.4, "side": "sell", "timestamp": 1765756100242}, {"id": "707120255", "price": 1.9761, "amount": 910.3, "side": "sell", "timestamp": 1765756100488}, {"id": "707120256", "price": 1.9761, "amount": 2.9, "side": "sell", "timestamp": 1765756100690}, {"id": "707120257", "price": 1.9761, "amount": 51.5, "side": "sell", "timestamp": 1765756100881}, {"id": "707120258", "price": 1.9762, "amount": 3886.3, "side": "buy", "timestamp": 1765756101030}, {"id": "707120259", "price": 1.9763, "amount": 1922.7, "side": "buy", "timestamp": 1765756101054}, {"id": "707120260", "price": 1.9762, "amount": 55.5, "side": "sell", "timestamp": 1765756101843}, {"id": "707120261", "price": 1.9763, "amount": 2.6, "side": "buy", "timestamp": 1765756101967}, {"id": "707120262", "price": 1.9762, "amount": 1340.4, "side": "sell", "timestamp": 1765756102093}, {"id": "707120263", "price": 1.9762, "amount": 42.3, "side": "buy", "timestamp": 1765756102241}, {"id": "707120264", "price": 1.9762, "amount": 238.7, "side": "buy", "timestamp": 1765756102575}, {"id": "707120265", "price": 1.9762, "amount": 116.4, "side": "sell", "timestamp": 1765756102755}, {"id": "707120266", "price": 1.9762, "amount": 2507.8, "side": "sell", "timestamp": 1765756103148}, {"id": "707120267", "price": 1.9763, "amount": 2796.0, "side": "buy", "timestamp": 1765756103237}, {"id": "707120268", "price": 1.9764, "amount": 2204.0, "side": "buy", "timestamp": 1765756103237}, {"id": "707120269", "price": 1.9763, "amount": 139.1, "side": "sell", "timestamp": 1765756103572}, {"id": "707120270", "price": 1.9764, "amount": 17.8, "side": "buy", "timestamp": 1765756103582}, {"id": "707120271", "price": 1.9764, "amount": 79.8, "side": "sell", "timestamp": 1765756103720}, {"id": "707120272", "price": 1.9765, "amount": 150.3, "side": "buy", "timestamp": 1765756103774}, {"id": "707120273", "price": 1.9766, "amount": 506.2, "side": "buy", "timestamp": 1765756103802}, {"id": "707120274", "price": 1.9767, "amount": 5345.2, "side": "buy", "timestamp": 1765756103802}, {"id": "707120275", "price": 1.9768, "amount": 494.3, "side": "buy", "timestamp": 1765756103802}, {"id": "707120276", "price": 1.9767, "amount": 50.4, "side": "sell", "timestamp": 1765756103812}, {"id": "707120277", "price": 1.9768, "amount": 13.1, "side": "buy", "timestamp": 1765756104314}, {"id": "707120278", "price": 1.9768, "amount": 319.8, "side": "buy", "timestamp": 1765756104514}, {"id": "707120279", "price": 1.9767, "amount": 802.5, "side": "sell", "timestamp": 1765756104743}, {"id": "707120280", "price": 1.9766, "amount": 171.9, "side": "sell", "timestamp": 1765756104803}, {"id": "707120281", "price": 1.9765, "amount": 119.1, "side": "sell", "timestamp": 1765756104839}, {"id": "707120282", "price": 1.9764, "amount": 438.2, "side": "sell", "timestamp": 1765756104883}, {"id": "707120283", "price": 1.9764, "amount": 7674.9, "side": "buy", "timestamp": 1765756104975}, {"id": "707120284", "price": 1.9764, "amount": 3.0, "side": "sell", "timestamp": 1765756105003}, {"id": "707120285", "price": 1.9765, "amount": 231.9, "side": "buy", "timestamp": 1765756105046}, {"id": "707120286", "price": 1.9765, "amount": 25.0, "side": "sell", "timestamp": 1765756105195}, {"id": "707120287", "price": 1.9764, "amount": 25.7, "side": "sell", "timestamp": 1765756105231}, {"id": "707120288", "price": 1.9763, "amount": 336.5, "side": "sell", "timestamp": 1765756105820}, {"id": "707120289", "price": 1.9762, "amount": 138.1, "side": "sell", "timestamp": 1765756105929}, {"id": "707120290", "price": 1.9761, "amount": 311.0, "side": "sell", "timestamp": 1765756106346}, {"id": "707120291", "price": 1.9761, "amount": 181.7, "side": "buy", "timestamp": 1765756106489}, {"id": "707120292", "price": 1.976, "amount": 25.2, "side": "sell", "timestamp": 1765756106664}, {"id": "707120293", "price": 1.976, "amount": 190.3, "side": "sell", "timestamp": 1765756106816}, {"id": "707120294", "price": 1.9761, "amount": 182.2, "side": "buy", "timestamp": 1765756107235}, {"id": "707120295", "price": 1.9762, "amount": 186.9, "side": "buy", "timestamp": 1765756107291}, {"id": "707120296", "price": 1.9763, "amount": 8.1, "side": "buy", "timestamp": 1765756107524}, {"id": "707120495", "price": 1.9762, "amount": 181.4, "side": "buy", "timestamp": 1765756151583}, {"id": "707120496", "price": 1.9763, "amount": 329.4, "side": "buy", "timestamp": 1765756151676}, {"id": "707120497", "price": 1.9763, "amount": 6.0, "side": "sell", "timestamp": 1765756151691}, {"id": "707120498", "price": 1.9763, "amount": 52.7, "side": "sell", "timestamp": 1765756151888}, {"id": "707120499", "price": 1.9764, "amount": 11.4, "side": "buy", "timestamp": 1765756151979}, {"id": "707120500", "price": 1.9764, "amount": 192.1, "side": "buy", "timestamp": 1765756152419}, {"id": "707120501", "price": 1.9765, "amount": 293.1, "side": "buy", "timestamp": 1765756152524}, {"id": "707120502", "price": 1.9766, "amount": 3581.5, "side": "buy", "timestamp": 1765756152603}, {"id": "707120503", "price": 1.9767, "amount": 1344.1, "side": "buy", "timestamp": 1765756152610}, {"id": "707120504", "price": 1.9768, "amount": 1011.2, "side": "buy", "timestamp": 1765756152612}, {"id": "707120505", "price": 1.9768, "amount": 122.1, "side": "buy", "timestamp": 1765756152840}, {"id": "707120506", "price": 1.9769, "amount": 429.0, "side": "buy", "timestamp": 1765756152840}, {"id": "707120507", "price": 1.9769, "amount": 42.5, "side": "sell", "timestamp": 1765756152841}, {"id": "707120508", "price": 1.9769, "amount": 11.0, "side": "sell", "timestamp": 1765756153042}, {"id": "707120509", "price": 1.977, "amount": 171.4, "side": "buy", "timestamp": 1765756153110}, {"id": "707120510", "price": 1.9771, "amount": 131.6, "side": "buy", "timestamp": 1765756153113}, {"id": "707120511", "price": 1.9771, "amount": 3.7, "side": "sell", "timestamp": 1765756153310}, {"id": "707120512", "price": 1.9772, "amount": 639.0, "side": "buy", "timestamp": 1765756153789}, {"id": "707120513", "price": 1.9771, "amount": 43.1, "side": "sell", "timestamp": 1765756153880}, {"id": "707120514", "price": 1.9772, "amount": 48.6, "side": "buy", "timestamp": 1765756154343}, {"id": "707120515", "price": 1.9771, "amount": 111.7, "side": "sell", "timestamp": 1765756154848}, {"id": "707120516", "price": 1.9771, "amount": 63.4, "side": "sell", "timestamp": 1765756155858}, {"id": "707120517", "price": 1.9771, "amount": 92.0, "side": "sell", "timestamp": 1765756156110}, {"id": "707120518", "price": 1.9772, "amount": 2.8, "side": "buy", "timestamp": 1765756156224}, {"id": "707120519", "price": 1.9772, "amount": 30.0, "side": "buy", "timestamp": 1765756156918}, {"id": "707120520", "price": 1.9771, "amount": 74.5, "side": "sell", "timestamp": 1765756156920}, {"id": "707120521", "price": 1.9771, "amount": 3.5, "side": "sell", "timestamp": 1765756157143}, {"id": "707120522", "price": 1.9772, "amount": 1363.8, "side": "buy", "timestamp": 1765756157601}, {"id": "707120523", "price": 1.9772, "amount": 3.1, "side": "buy", "timestamp": 1765756157892}, {"id": "707120524", "price": 1.9771, "amount": 78.7, "side": "sell", "timestamp": 1765756157923}, {"id": "707120525", "price": 1.9772, "amount": 369.6, "side": "buy", "timestamp": 1765756158078}, {"id": "707120526", "price": 1.9773, "amount": 45.9, "side": "buy", "timestamp": 1765756158092}, {"id": "707120527", "price": 1.9773, "amount": 111.3, "side": "sell", "timestamp": 1765756158920}, {"id": "707120528", "price": 1.9774, "amount": 3.9, "side": "buy", "timestamp": 1765756159111}, {"id": "707120529", "price": 1.9773, "amount": 7.1, "side": "sell", "timestamp": 1765756159131}, {"id": "707120530", "price": 1.9774, "amount": 379.3, "side": "buy", "timestamp": 1765756159373}, {"id": "707120531", "price": 1.9773, "amount": 3.0, "side": "sell", "timestamp": 1765756159534}, {"id": "707120532", "price": 1.9774, "amount": 125.0, "side": "buy", "timestamp": 1765756159679}, {"id": "707120533", "price": 1.9773, "amount": 78.8, "side": "sell", "timestamp": 1765756159932}, {"id": "707120534", "price": 1.9773, "amount": 15.0, "side": "sell", "timestamp": 1765756160220}, {"id": "707120535", "price": 1.9773, "amount": 2.9, "side": "sell", "timestamp": 1765756160675}, {"id": "707120536", "price": 1.9773, "amount": 62.9, "side": "sell", "timestamp": 1765756160936}, {"id": "707120537", "price": 1.9773, "amount": 5527.6, "side": "sell", "timestamp": 1765756161414}, {"id": "707120538", "price": 1.9772, "amount": 134.2, "side": "sell", "timestamp": 1765756161420}, {"id": "707120539", "price": 1.9771, "amount": 23.7, "side": "sell", "timestamp": 1765756161487}, {"id": "707120540", "price": 1.977, "amount": 246.0, "side": "sell", "timestamp": 1765756161760}, {"id": "707120541", "price": 1.9769, "amount": 47.8, "side": "sell", "timestamp": 1765756161788}, {"id": "707120542", "price": 1.9769, "amount": 7.1, "side": "sell", "timestamp": 1765756162195}, {"id": "707120543", "price": 1.9769, "amount": 31.9, "side": "sell", "timestamp": 1765756162297}, {"id": "707120544", "price": 1.9769, "amount": 6.5, "side": "sell", "timestamp": 1765756162431}, {"id": "707120749", "price": 1.9771, "amount": 6.3, "side": "buy", "timestamp": 1765756206538}, {"id": "707120750", "price": 1.977, "amount": 118.3, "side": "sell", "timestamp": 1765756206720}, {"id": "707120751", "price": 1.977, "amount": 402.0, "side": "sell", "timestamp": 1765756206889}, {"id": "707120752", "price": 1.977, "amount": 7.1, "side": "sell", "timestamp": 1765756207137}, {"id": "707120753", "price": 1.9771, "amount": 5.9, "side": "buy", "timestamp": 1765756207244}, {"id": "707120754", "price": 1.977, "amount": 197.3, "side": "sell", "timestamp": 1765756207761}, {"id": "707120755", "price": 1.977, "amount": 503.0, "side": "sell", "timestamp": 1765756208157}, {"id": "707120756", "price": 1.9771, "amount": 117.2, "side": "buy", "timestamp": 1765756208420}, {"id": "707120757", "price": 1.977, "amount": 5175.3, "side": "sell", "timestamp": 1765756208507}, {"id": "707120758", "price": 1.9771, "amount": 2.7, "side": "buy", "timestamp": 1765756208776}, {"id": "707120759", "price": 1.977, "amount": 85.3, "side": "sell", "timestamp": 1765756208866}, {"id": "707120760", "price": 1.9771, "amount": 7263.6, "side": "buy", "timestamp": 1765756209371}, {"id": "707120761", "price": 1.9772, "amount": 1002.2, "side": "buy", "timestamp": 1765756209400}, {"id": "707120762", "price": 1.9773, "amount": 11.9, "side": "buy", "timestamp": 1765756209495}, {"id": "707120763", "price": 1.9772, "amount": 3.0, "side": "sell", "timestamp": 1765756209543}, {"id": "707120764", "price": 1.9773, "amount": 49.6, "side": "buy", "timestamp": 1765756209638}, {"id": "707120765", "price": 1.9772, "amount": 412.1, "side": "sell", "timestamp": 1765756209641}, {"id": "707120766", "price": 1.9771, "amount": 20.6, "side": "sell", "timestamp": 1765756209820}, {"id": "707120767", "price": 1.977, "amount": 104.3, "side": "sell", "timestamp": 1765756209820}, {"id": "707120768", "price": 1.977, "amount": 2742.5, "side": "sell", "timestamp": 1765756210183}, {"id": "707120769", "price": 1.977, "amount": 2755.5, "side": "buy", "timestamp": 1765756210245}, {"id": "707120770", "price": 1.977, "amount": 37.0, "side": "buy", "timestamp": 1765756210381}, {"id": "707120771", "price": 1.9769, "amount": 79.9, "side": "sell", "timestamp": 1765756210439}, {"id": "707120772", "price": 1.9769, "amount": 5.1, "side": "sell", "timestamp": 1765756210684}, {"id": "707120773", "price": 1.9769, "amount": 208.9, "side": "sell", "timestamp": 1765756210881}, {"id": "707120774", "price": 1.9769, "amount": 13.6, "side": "sell", "timestamp": 1765756211532}, {"id": "707120775", "price": 1.9769, "amount": 131.7, "side": "sell", "timestamp": 1765756211846}, {"id": "707120776", "price": 1.9769, "amount": 17.8, "side": "sell", "timestamp": 1765756212529}, {"id": "707120777", "price": 1.977, "amount": 138.3, "side": "buy", "timestamp": 1765756212621}, {"id": "707120778", "price": 1.977, "amount": 4.5, "side": "sell", "timestamp": 1765756212721}, {"id": "707120779", "price": 1.977, "amount": 148.7, "side": "sell", "timestamp": 1765756213101}, {"id": "707120780", "price": 1.977, "amount": 6.1, "side": "sell", "timestamp": 1765756213231}, {"id": "707120781", "price": 1.977, "amount": 2531.6, "side": "sell", "timestamp": 1765756213445}, {"id": "707120782", "price": 1.977, "amount": 877.8, "side": "sell", "timestamp": 1765756214020}, {"id": "707120783", "price": 1.9771, "amount": 5.9, "side": "buy", "timestamp": 1765756214353}, {"id": "707120784", "price": 1.977, "amount": 95.5, "side": "sell", "timestamp": 1765756215020}, {"id": "707120785", "price": 1.9771, "amount": 26.9, "side": "buy", "timestamp": 1765756215171}, {"id": "707120786", "price": 1.977, "amount": 16.8, "side": "sell", "timestamp": 1765756215786}, {"id": "707120787", "price": 1.9771, "amount": 1857.9, "side": "buy", "timestamp": 1765756215839}, {"id": "707120788", "price": 1.9772, "amount": 256.3, "side": "buy", "timestamp": 1765756215912}, {"id": "707120789", "price": 1.9772, "amount": 7.1, "side": "sell", "timestamp": 1765756216010}, {"id": "707120790", "price": 1.9773, "amount": 317.7, "side": "buy", "timestamp": 1765756216058}, {"id": "707120791", "price": 1.9773, "amount": 82.9, "side": "sell", "timestamp": 1765756216060}, {"id": "707120792", "price": 1.9774, "amount": 42.2, "side": "buy", "timestamp": 1765756216209}, {"id": "707120793", "price": 1.9773, "amount": 2.9, "side": "sell", "timestamp": 1765756216409}, {"id": "707120794", "price": 1.9773, "amount": 182.3, "side": "sell", "timestamp": 1765756217073}, {"id": "707120795", "price": 1.9773, "amount": 1400.4, "side": "sell", "timestamp": 1765756217253}, {"id": "707120796", "price": 1.9774, "amount": 3949.6, "side": "buy", "timestamp": 1765756217389}, {"id": "707120797", "price": 1.9775, "amount": 469.5, "side": "buy", "timestamp": 1765756217579}, {"id": "707120798", "price": 1.9776, "amount": 1872.9, "side": "buy", "timestamp": 1765756217669}, {"id": "707120964", "price": 1.9779, "amount": 12.3, "side": "buy", "timestamp": 1765756264274}, {"id": "707120965", "price": 1.9778, "amount": 300.0, "side": "sell", "timestamp": 1765756264286}, {"id": "707120966", "price": 1.9779, "amount": 15.1, "side": "buy", "timestamp": 1765756264341}, {"id": "707120967", "price": 1.9778, "amount": 4553.4, "side": "sell", "timestamp": 1765756264450}, {"id": "707120968", "price": 1.9777, "amount": 2769.5, "side": "sell", "timestamp": 1765756264471}, {"id": "707120969", "price": 1.9776, "amount": 3281.8, "side": "sell", "timestamp": 1765756264477}, {"id": "707120970", "price": 1.9776, "amount": 37.5, "side": "buy", "timestamp": 1765756264532}, {"id": "707120971", "price": 1.9776, "amount": 1056.9, "side": "buy", "timestamp": 1765756264651}, {"id": "707120972", "price": 1.9776, "amount": 7.3, "side": "buy", "timestamp": 1765756264767}, {"id": "707120973", "price": 1.9776, "amount": 3.3, "side": "buy", "timestamp": 1765756264905}, {"id": "707120974", "price": 1.9776, "amount": 31.0, "side": "buy", "timestamp": 1765756265033}, {"id": "707120975", "price": 1.9775, "amount": 1656.6, "side": "sell", "timestamp": 1765756265182}, {"id": "707120976", "price": 1.9775, "amount": 12.1, "side": "buy", "timestamp": 1765756265418}, {"id": "707120977", "price": 1.9774, "amount": 67.1, "side": "sell", "timestamp": 1765756265636}, {"id": "707120978", "price": 1.9774, "amount": 546.0, "side": "sell", "timestamp": 1765756266543}, {"id": "707120979", "price": 1.9774, "amount": 2893.6, "side": "sell", "timestamp": 1765756266754}, {"id": "707120980", "price": 1.9775, "amount": 5386.2, "side": "buy", "timestamp": 1765756266881}, {"id": "707120981", "price": 1.9776, "amount": 310.1, "side": "buy", "timestamp": 1765756266927}, {"id": "707120982", "price": 1.9777, "amount": 374.4, "side": "buy", "timestamp": 1765756266953}, {"id": "707120983", "price": 1.9778, "amount": 90.4, "side": "buy", "timestamp": 1765756267143}, {"id": "707120984", "price": 1.9777, "amount": 7.1, "side": "sell", "timestamp": 1765756267157}, {"id": "707120985", "price": 1.9778, "amount": 2.7, "side": "buy", "timestamp": 1765756267260}, {"id": "707120986", "price": 1.9777, "amount": 152.5, "side": "sell", "timestamp": 1765756267490}, {"id": "707120987", "price": 1.9777, "amount": 3.0, "side": "sell", "timestamp": 1765756267679}, {"id": "707120988", "price": 1.9778, "amount": 14.2, "side": "buy", "timestamp": 1765756267798}, {"id": "707120989", "price": 1.9778, "amount": 25.2, "side": "buy", "timestamp": 1765756267944}, {"id": "707120990", "price": 1.9777, "amount": 82.7, "side": "sell", "timestamp": 1765756268620}, {"id": "707120991", "price": 1.9777, "amount": 1613.0, "side": "sell", "timestamp": 1765756268967}, {"id": "707120992", "price": 1.9776, "amount": 114.0, "side": "sell", "timestamp": 1765756269590}, {"id": "707120993", "price": 1.9776, "amount": 171.5, "side": "sell", "timestamp": 1765756269960}, {"id": "707120994", "price": 1.9775, "amount": 127.6, "side": "sell", "timestamp": 1765756269962}, {"id": "707120995", "price": 1.9775, "amount": 14154.1, "side": "buy", "timestamp": 1765756270077}, {"id": "707120996", "price": 1.9775, "amount": 114.2, "side": "sell", "timestamp": 1765756270088}, {"id": "707120997", "price": 1.9776, "amount": 28.3, "side": "buy", "timestamp": 1765756270101}, {"id": "707120998", "price": 1.9777, "amount": 801.8, "side": "buy", "timestamp": 1765756270104}, {"id": "707120999", "price": 1.9778, "amount": 133.8, "side": "buy", "timestamp": 1765756270108}, {"id": "707121000", "price": 1.9777, "amount": 7.1, "side": "sell", "timestamp": 1765756270120}, {"id": "707121001", "price": 1.9778, "amount": 3758.5, "side": "buy", "timestamp": 1765756270176}, {"id": "707121002", "price": 1.9779, "amount": 35.3, "side": "buy", "timestamp": 1765756270337}, {"id": "707121003", "price": 1.9778, "amount": 111.6, "side": "sell", "timestamp": 1765756270697}, {"id": "707121004", "price": 1.9778, "amount": 5.0, "side": "sell", "timestamp": 1765756270953}, {"id": "707121005", "price": 1.9779, "amount": 8714.6, "side": "buy", "timestamp": 1765756271444}, {"id": "707121006", "price": 1.978, "amount": 734.8, "side": "buy", "timestamp": 1765756271462}, {"id": "707121007", "price": 1.9781, "amount": 36.3, "side": "buy", "timestamp": 1765756271462}, {"id": "707121008", "price": 1.978, "amount": 101.1, "side": "sell", "timestamp": 1765756271625}, {"id": "707121009", "price": 1.978, "amount": 14.2, "side": "sell", "timestamp": 1765756271876}, {"id": "707121010", "price": 1.9781, "amount": 729.1, "side": "buy", "timestamp": 1765756272305}, {"id": "707121011", "price": 1.978, "amount": 93.8, "side": "sell", "timestamp": 1765756272720}, {"id": "707121012", "price": 1.9781, "amount": 2123.0, "side": "buy", "timestamp": 1765756272801}, {"id": "707121013", "price": 1.9782, "amount": 1070.8, "side": "buy", "timestamp": 1765756272808}, {"id": "707121299", "price": 1.98, "amount": 1330.7, "side": "buy", "timestamp": 1765756322212}, {"id": "707121300", "price": 1.9801, "amount": 2149.3, "side": "buy", "timestamp": 1765756322233}, {"id": "707121301", "price": 1.9802, "amount": 156.0, "side": "buy", "timestamp": 1765756322259}, {"id": "707121302", "price": 1.9803, "amount": 137.9, "side": "buy", "timestamp": 1765756322259}, {"id": "707121303", "price": 1.9803, "amount": 5.6, "side": "sell", "timestamp": 1765756322463}, {"id": "707121304", "price": 1.9803, "amount": 126.8, "side": "sell", "timestamp": 1765756322813}, {"id": "707121305", "price": 1.9804, "amount": 2686.4, "side": "buy", "timestamp": 1765756323386}, {"id": "707121306", "price": 1.9805, "amount": 936.1, "side": "buy", "timestamp": 1765756323386}, {"id": "707121307", "price": 1.9806, "amount": 10933.7, "side": "buy", "timestamp": 1765756323386}, {"id": "707121308", "price": 1.9807, "amount": 810.0, "side": "buy", "timestamp": 1765756323539}, {"id": "707121309", "price": 1.9806, "amount": 75.4, "side": "sell", "timestamp": 1765756323897}, {"id": "707121310", "price": 1.9807, "amount": 971.2, "side": "buy", "timestamp": 1765756323979}, {"id": "707121311", "price": 1.9808, "amount": 11.6, "side": "buy", "timestamp": 1765756323982}, {"id": "707121312", "price": 1.9807, "amount": 1030.6, "side": "sell", "timestamp": 1765756324121}, {"id": "707121313", "price": 1.9807, "amount": 515.3, "side": "sell", "timestamp": 1765756324230}, {"id": "707121314", "price": 1.9806, "amount": 300.0, "side": "sell", "timestamp": 1765756324267}, {"id": "707121315", "price": 1.9807, "amount": 10.9, "side": "buy", "timestamp": 1765756324278}, {"id": "707121316", "price": 1.9806, "amount": 2300.0, "side": "sell", "timestamp": 1765756324279}, {"id": "707121317", "price": 1.9806, "amount": 800.0, "side": "sell", "timestamp": 1765756324380}, {"id": "707121318", "price": 1.9807, "amount": 1526.7, "side": "buy", "timestamp": 1765756324416}, {"id": "707121319", "price": 1.9806, "amount": 50.0, "side": "sell", "timestamp": 1765756324418}, {"id": "707121320", "price": 1.9807, "amount": 10471.5, "side": "buy", "timestamp": 1765756324418}, {"id": "707121321", "price": 1.9806, "amount": 200.0, "side": "sell", "timestamp": 1765756324420}, {"id": "707121322", "price": 1.9807, "amount": 1393.8, "side": "buy", "timestamp": 1765756324422}, {"id": "707121323", "price": 1.9806, "amount": 2054.5, "side": "sell", "timestamp": 1765756324424}, {"id": "707121324", "price": 1.9806, "amount": 2454.9, "side": "sell", "timestamp": 1765756324526}, {"id": "707121325", "price": 1.9806, "amount": 15.7, "side": "buy", "timestamp": 1765756324778}, {"id": "707121326", "price": 1.9806, "amount": 38.8, "side": "buy", "timestamp": 1765756324914}, {"id": "707121327", "price": 1.9805, "amount": 3.4, "side": "sell", "timestamp": 1765756324946}, {"id": "707121328", "price": 1.9806, "amount": 5.9, "side": "buy", "timestamp": 1765756324963}, {"id": "707121329", "price": 1.9805, "amount": 174.3, "side": "sell", "timestamp": 1765756324989}, {"id": "707121330", "price": 1.9806, "amount": 13.9, "side": "buy", "timestamp": 1765756324997}, {"id": "707121331", "price": 1.9806, "amount": 3.1, "side": "buy", "timestamp": 1765756325210}, {"id": "707121332", "price": 1.9806, "amount": 25.9, "side": "buy", "timestamp": 1765756325386}, {"id": "707121333", "price": 1.9805, "amount": 1469.2, "side": "sell", "timestamp": 1765756325426}, {"id": "707121334", "price": 1.9805, "amount": 9.5, "side": "buy", "timestamp": 1765756325565}, {"id": "707121335", "price": 1.9804, "amount": 296.7, "side": "sell", "timestamp": 1765756325567}, {"id": "707121336", "price": 1.9803, "amount": 358.2, "side": "sell", "timestamp": 1765756325581}, {"id": "707121337", "price": 1.9803, "amount": 229.1, "side": "buy", "timestamp": 1765756325722}, {"id": "707121338", "price": 1.9802, "amount": 796.9, "side": "sell", "timestamp": 1765756325725}, {"id": "707121339", "price": 1.9801, "amount": 1650.0, "side": "sell", "timestamp": 1765756325759}, {"id": "707121340", "price": 1.9802, "amount": 7.0, "side": "buy", "timestamp": 1765756325828}, {"id": "707121341", "price": 1.9801, "amount": 2300.0, "side": "sell", "timestamp": 1765756325829}, {"id": "707121342", "price": 1.9802, "amount": 10.1, "side": "buy", "timestamp": 1765756325961}, {"id": "707121343", "price": 1.9801, "amount": 175.7, "side": "sell", "timestamp": 1765756325975}, {"id": "707121344", "price": 1.9801, "amount": 154.6, "side": "sell", "timestamp": 1765756326371}, {"id": "707121345", "price": 1.9801, "amount": 516.3, "side": "buy", "timestamp": 1765756326906}, {"id": "707121346", "price": 1.98, "amount": 114.6, "side": "sell", "timestamp": 1765756327006}, {"id": "707121347", "price": 1.9801, "amount": 101.0, "side": "buy", "timestamp": 1765756327067}, {"id": "707121348", "price": 1.98, "amount": 7.3, "side": "sell", "timestamp": 1765756327508}, {"id": "707121618", "price": 1.9816, "amount": 217.7, "side": "buy", "timestamp": 1765756372872}, {"id": "707121619", "price": 1.9817, "amount": 17586.9, "side": "buy", "timestamp": 1765756372872}, {"id": "707121620", "price": 1.9818, "amount": 11307.6, "side": "buy", "timestamp": 1765756372872}, {"id": "707121621", "price": 1.9819, "amount": 8251.9, "side": "buy", "timestamp": 1765756372872}, {"id": "707121622", "price": 1.9818, "amount": 126.5, "side": "sell", "timestamp": 1765756372877}, {"id": "707121623", "price": 1.9818, "amount": 8387.0, "side": "sell", "timestamp": 1765756372999}, {"id": "707121624", "price": 1.9819, "amount": 4664.5, "side": "buy", "timestamp": 1765756373040}, {"id": "707121625", "price": 1.9819, "amount": 580.6, "side": "sell", "timestamp": 1765756373084}, {"id": "707121626", "price": 1.982, "amount": 4996.5, "side": "buy", "timestamp": 1765756373287}, {"id": "707121627", "price": 1.9819, "amount": 16030.9, "side": "sell", "timestamp": 1765756373327}, {"id": "707121628", "price": 1.9818, "amount": 4070.7, "side": "sell", "timestamp": 1765756373336}, {"id": "707121629", "price": 1.9817, "amount": 1842.7, "side": "sell", "timestamp": 1765756373336}, {"id": "707121630", "price": 1.9818, "amount": 9075.3, "side": "buy", "timestamp": 1765756373348}, {"id": "707121631", "price": 1.9817, "amount": 115.5, "side": "sell", "timestamp": 1765756373760}, {"id": "707121632", "price": 1.9818, "amount": 1617.4, "side": "buy", "timestamp": 1765756373790}, {"id": "707121633", "price": 1.9818, "amount": 134.4, "side": "buy", "timestamp": 1765756373937}, {"id": "707121634", "price": 1.9818, "amount": 15.1, "side": "buy", "timestamp": 1765756374300}, {"id": "707121635", "price": 1.9817, "amount": 12.5, "side": "sell", "timestamp": 1765756374356}, {"id": "707121636", "price": 1.9817, "amount": 190.9, "side": "sell", "timestamp": 1765756374812}, {"id": "707121637", "price": 1.9817, "amount": 4.0, "side": "sell", "timestamp": 1765756374992}, {"id": "707121638", "price": 1.9818, "amount": 27.2, "side": "buy", "timestamp": 1765756375017}, {"id": "707121639", "price": 1.9817, "amount": 28.6, "side": "sell", "timestamp": 1765756375133}, {"id": "707121640", "price": 1.9818, "amount": 1003.7, "side": "buy", "timestamp": 1765756375735}, {"id": "707121641", "price": 1.9817, "amount": 136.0, "side": "sell", "timestamp": 1765756375920}, {"id": "707121642", "price": 1.9818, "amount": 10.0, "side": "buy", "timestamp": 1765756376040}, {"id": "707121643", "price": 1.9818, "amount": 100.7, "side": "buy", "timestamp": 1765756376493}, {"id": "707121644", "price": 1.9817, "amount": 0.4, "side": "sell", "timestamp": 1765756376692}, {"id": "707121645", "price": 1.9817, "amount": 131.2, "side": "sell", "timestamp": 1765756376969}, {"id": "707121646", "price": 1.9818, "amount": 328.0, "side": "buy", "timestamp": 1765756377044}, {"id": "707121647", "price": 1.9817, "amount": 698.2, "side": "sell", "timestamp": 1765756377321}, {"id": "707121648", "price": 1.9818, "amount": 40.0, "side": "buy", "timestamp": 1765756377367}, {"id": "707121649", "price": 1.9817, "amount": 15.3, "side": "sell", "timestamp": 1765756377690}, {"id": "707121650", "price": 1.9816, "amount": 4022.0, "side": "sell", "timestamp": 1765756377949}, {"id": "707121651", "price": 1.9815, "amount": 1742.8, "side": "sell", "timestamp": 1765756377998}, {"id": "707121652", "price": 1.9815, "amount": 71.1, "side": "buy", "timestamp": 1765756378009}, {"id": "707121653", "price": 1.9814, "amount": 2351.7, "side": "sell", "timestamp": 1765756378019}, {"id": "707121654", "price": 1.9813, "amount": 1601.4, "side": "sell", "timestamp": 1765756378080}, {"id": "707121655", "price": 1.9812, "amount": 21.6, "side": "sell", "timestamp": 1765756378379}, {"id": "707121656", "price": 1.9813, "amount": 9.2, "side": "buy", "timestamp": 1765756378802}, {"id": "707121657", "price": 1.9812, "amount": 101.4, "side": "sell", "timestamp": 1765756379020}, {"id": "707121658", "price": 1.9812, "amount": 251.9, "side": "sell", "timestamp": 1765756380130}, {"id": "707121659", "price": 1.9812, "amount": 542.0, "side": "sell", "timestamp": 1765756380579}, {"id": "707121660", "price": 1.9812, "amount": 21.6, "side": "buy", "timestamp": 1765756381096}, {"id": "707121661", "price": 1.9811, "amount": 10.3, "side": "sell", "timestamp": 1765756381140}, {"id": "707121662", "price": 1.9811, "amount": 1950.0, "side": "sell", "timestamp": 1765756381320}, {"id": "707121663", "price": 1.981, "amount": 989.6, "side": "sell", "timestamp": 1765756381324}, {"id": "707121664", "price": 1.9811, "amount": 8256.4, "side": "buy", "timestamp": 1765756381354}, {"id": "707121665", "price": 1.9811, "amount": 174.1, "side": "sell", "timestamp": 1765756381701}, {"id": "707121666", "price": 1.981, "amount": 4.0, "side": "sell", "timestamp": 1765756381723}, {"id": "707121667", "price": 1.981, "amount": 234.2, "side": "sell", "timestamp": 1765756382274}, {"id": "707121818", "price": 1.9814, "amount": 412.0, "side": "sell", "timestamp": 1765756422844}, {"id": "707121819", "price": 1.9813, "amount": 504.8, "side": "sell", "timestamp": 1765756422971}, {"id": "707121820", "price": 1.9813, "amount": 7.1, "side": "sell", "timestamp": 1765756423133}, {"id": "707121821", "price": 1.9813, "amount": 118.6, "side": "sell", "timestamp": 1765756423263}, {"id": "707121822", "price": 1.9814, "amount": 102.3, "side": "buy", "timestamp": 1765756423297}, {"id": "707121823", "price": 1.9813, "amount": 426.2, "side": "sell", "timestamp": 1765756423337}, {"id": "707121824", "price": 1.9812, "amount": 335.1, "side": "sell", "timestamp": 1765756423498}, {"id": "707121825", "price": 1.9811, "amount": 529.3, "side": "sell", "timestamp": 1765756423757}, {"id": "707121826", "price": 1.9811, "amount": 5.6, "side": "sell", "timestamp": 1765756424226}, {"id": "707121827", "price": 1.9811, "amount": 248.8, "side": "sell", "timestamp": 1765756424334}, {"id": "707121828", "price": 1.9811, "amount": 4.1, "side": "sell", "timestamp": 1765756424533}, {"id": "707121829", "price": 1.9811, "amount": 249.5, "side": "sell", "timestamp": 1765756425432}, {"id": "707121830", "price": 1.9811, "amount": 13.2, "side": "sell", "timestamp": 1765756426201}, {"id": "707121831", "price": 1.9811, "amount": 232.8, "side": "sell", "timestamp": 1765756426436}, {"id": "707121832", "price": 1.9811, "amount": 21.5, "side": "sell", "timestamp": 1765756426818}, {"id": "707121833", "price": 1.9811, "amount": 276.8, "side": "sell", "timestamp": 1765756427680}, {"id": "707121834", "price": 1.9812, "amount": 457.6, "side": "buy", "timestamp": 1765756428124}, {"id": "707121835", "price": 1.9811, "amount": 5.8, "side": "sell", "timestamp": 1765756428228}, {"id": "707121836", "price": 1.9811, "amount": 166.9, "side": "sell", "timestamp": 1765756428668}, {"id": "707121837", "price": 1.9811, "amount": 7.1, "side": "sell", "timestamp": 1765756429014}, {"id": "707121838", "price": 1.9811, "amount": 10.6, "side": "sell", "timestamp": 1765756429131}, {"id": "707121839", "price": 1.9811, "amount": 252.7, "side": "sell", "timestamp": 1765756429264}, {"id": "707121840", "price": 1.9811, "amount": 157.8, "side": "sell", "timestamp": 1765756429686}, {"id": "707121841", "price": 1.9811, "amount": 6.8, "side": "sell", "timestamp": 1765756430252}, {"id": "707121842", "price": 1.9811, "amount": 251.7, "side": "sell", "timestamp": 1765756430912}, {"id": "707121843", "price": 1.9812, "amount": 86.8, "side": "buy", "timestamp": 1765756430965}, {"id": "707121844", "price": 1.9811, "amount": 20.0, "side": "sell", "timestamp": 1765756431737}, {"id": "707121845", "price": 1.9811, "amount": 221.3, "side": "sell", "timestamp": 1765756431872}, {"id": "707121846", "price": 1.9811, "amount": 6101.2, "side": "sell", "timestamp": 1765756432041}, {"id": "707121847", "price": 1.981, "amount": 12259.3, "side": "sell", "timestamp": 1765756432091}, {"id": "707121848", "price": 1.9809, "amount": 10.4, "side": "sell", "timestamp": 1765756432182}, {"id": "707121849", "price": 1.9809, "amount": 273.7, "side": "sell", "timestamp": 1765756432920}, {"id": "707121850", "price": 1.981, "amount": 5.0, "side": "buy", "timestamp": 1765756433124}, {"id": "707121851", "price": 1.9809, "amount": 162.0, "side": "sell", "timestamp": 1765756433485}, {"id": "707121852", "price": 1.9809, "amount": 1833.5, "side": "buy", "timestamp": 1765756433643}, {"id": "707121853", "price": 1.9808, "amount": 208.4, "side": "sell", "timestamp": 1765756433848}, {"id": "707121854", "price": 1.9807, "amount": 60.4, "side": "sell", "timestamp": 1765756433848}, {"id": "707121855", "price": 1.9807, "amount": 8.9, "side": "sell", "timestamp": 1765756434198}, {"id": "707121856", "price": 1.9807, "amount": 9.4, "side": "sell", "timestamp": 1765756434331}, {"id": "707121857", "price": 1.9807, "amount": 260.8, "side": "sell", "timestamp": 1765756434763}, {"id": "707121858", "price": 1.9807, "amount": 34.8, "side": "sell", "timestamp": 1765756435075}, {"id": "707121859", "price": 1.9807, "amount": 3.5, "side": "sell", "timestamp": 1765756435694}, {"id": "707121860", "price": 1.9807, "amount": 112.7, "side": "sell", "timestamp": 1765756435884}, {"id": "707121861", "price": 1.9807, "amount": 21.9, "side": "sell", "timestamp": 1765756436054}, {"id": "707121862", "price": 1.9808, "amount": 100.8, "side": "buy", "timestamp": 1765756436215}, {"id": "707121863", "price": 1.9807, "amount": 7.9, "side": "sell", "timestamp": 1765756436224}, {"id": "707121864", "price": 1.9807, "amount": 143.0, "side": "sell", "timestamp": 1765756436769}, {"id": "707121865", "price": 1.9806, "amount": 13681.7, "side": "sell", "timestamp": 1765756436820}, {"id": "707121866", "price": 1.9805, "amount": 211.2, "side": "sell", "timestamp": 1765756436835}, {"id": "707121867", "price": 1.9805, "amount": 96.3, "side": "sell", "timestamp": 1765756437109}, {"id": "707122040", "price": 1.9796, "amount": 212.3, "side": "sell", "timestamp": 1765756477638}, {"id": "707122041", "price": 1.9796, "amount": 107.9, "side": "sell", "timestamp": 1765756478688}, {"id": "707122042", "price": 1.9796, "amount": 5.0, "side": "sell", "timestamp": 1765756479475}, {"id": "707122043", "price": 1.9796, "amount": 158.4, "side": "sell", "timestamp": 1765756479620}, {"id": "707122044", "price": 1.9796, "amount": 2000.9, "side": "sell", "timestamp": 1765756479724}, {"id": "707122045", "price": 1.9795, "amount": 4534.6, "side": "sell", "timestamp": 1765756479726}, {"id": "707122046", "price": 1.9794, "amount": 60.7, "side": "sell", "timestamp": 1765756480034}, {"id": "707122047", "price": 1.9794, "amount": 7.1, "side": "sell", "timestamp": 1765756480147}, {"id": "707122048", "price": 1.9795, "amount": 1010.1, "side": "buy", "timestamp": 1765756480523}, {"id": "707122049", "price": 1.9794, "amount": 130.1, "side": "sell", "timestamp": 1765756480649}, {"id": "707122050", "price": 1.9795, "amount": 1463.0, "side": "buy", "timestamp": 1765756480680}, {"id": "707122051", "price": 1.9796, "amount": 430.2, "side": "buy", "timestamp": 1765756480896}, {"id": "707122052", "price": 1.9797, "amount": 172.9, "side": "buy", "timestamp": 1765756481146}, {"id": "707122053", "price": 1.9798, "amount": 25.7, "side": "buy", "timestamp": 1765756481158}, {"id": "707122054", "price": 1.9798, "amount": 15.3, "side": "sell", "timestamp": 1765756481170}, {"id": "707122055", "price": 1.9799, "amount": 55.6, "side": "buy", "timestamp": 1765756481176}, {"id": "707122056", "price": 1.9798, "amount": 140.7, "side": "sell", "timestamp": 1765756481620}, {"id": "707122057", "price": 1.9799, "amount": 174.0, "side": "buy", "timestamp": 1765756482598}, {"id": "707122058", "price": 1.98, "amount": 29.5, "side": "buy", "timestamp": 1765756482610}, {"id": "707122059", "price": 1.9799, "amount": 196.1, "side": "sell", "timestamp": 1765756482704}, {"id": "707122060", "price": 1.98, "amount": 204.0, "side": "buy", "timestamp": 1765756483080}, {"id": "707122061", "price": 1.9799, "amount": 12.3, "side": "sell", "timestamp": 1765756483162}, {"id": "707122062", "price": 1.9799, "amount": 2567.7, "side": "sell", "timestamp": 1765756483270}, {"id": "707122063", "price": 1.9799, "amount": 216.6, "side": "sell", "timestamp": 1765756483764}, {"id": "707122064", "price": 1.98, "amount": 15.8, "side": "buy", "timestamp": 1765756483929}, {"id": "707122065", "price": 1.9799, "amount": 296.5, "side": "sell", "timestamp": 1765756484731}, {"id": "707122066", "price": 1.9799, "amount": 60.2, "side": "sell", "timestamp": 1765756485457}, {"id": "707122067", "price": 1.9799, "amount": 147.5, "side": "sell", "timestamp": 1765756485883}, {"id": "707122068", "price": 1.9799, "amount": 9.8, "side": "sell", "timestamp": 1765756486177}, {"id": "707122069", "price": 1.9799, "amount": 5.0, "side": "sell", "timestamp": 1765756486332}, {"id": "707122070", "price": 1.9799, "amount": 2.7, "side": "sell", "timestamp": 1765756486583}, {"id": "707122071", "price": 1.9799, "amount": 197.6, "side": "sell", "timestamp": 1765756486938}, {"id": "707122072", "price": 1.98, "amount": 22.3, "side": "buy", "timestamp": 1765756487118}, {"id": "707122073", "price": 1.9799, "amount": 758.4, "side": "sell", "timestamp": 1765756487454}, {"id": "707122074", "price": 1.9798, "amount": 786.4, "side": "sell", "timestamp": 1765756487768}, {"id": "707122075", "price": 1.9797, "amount": 182.8, "side": "sell", "timestamp": 1765756487937}, {"id": "707122076", "price": 1.9797, "amount": 786.8, "side": "sell", "timestamp": 1765756488142}, {"id": "707122077", "price": 1.9796, "amount": 130.1, "side": "sell", "timestamp": 1765756488997}, {"id": "707122078", "price": 1.9796, "amount": 5.4, "side": "sell", "timestamp": 1765756489233}, {"id": "707122079", "price": 1.9796, "amount": 121.0, "side": "sell", "timestamp": 1765756489542}, {"id": "707122080", "price": 1.9797, "amount": 31.2, "side": "buy", "timestamp": 1765756489753}, {"id": "707122081", "price": 1.9797, "amount": 15.1, "side": "buy", "timestamp": 1765756489946}, {"id": "707122082", "price": 1.9796, "amount": 187.8, "side": "sell", "timestamp": 1765756489999}, {"id": "707122083", "price": 1.9796, "amount": 3.2, "side": "sell", "timestamp": 1765756490893}, {"id": "707122084", "price": 1.9796, "amount": 217.5, "side": "sell", "timestamp": 1765756491117}, {"id": "707122085", "price": 1.9796, "amount": 4.3, "side": "sell", "timestamp": 1765756491262}, {"id": "707122086", "price": 1.9796, "amount": 21.5, "side": "sell", "timestamp": 1765756491683}, {"id": "707122087", "price": 1.9797, "amount": 29.5, "side": "buy", "timestamp": 1765756492108}, {"id": "707122088", "price": 1.9796, "amount": 138.9, "side": "sell", "timestamp": 1765756492118}, {"id": "707122089", "price": 1.9797, "amount": 10.1, "side": "buy", "timestamp": 1765756492375}, {"id": "707122246", "price": 1.9795, "amount": 51.3, "side": "buy", "timestamp": 1765756534634}, {"id": "707122247", "price": 1.9795, "amount": 39.1, "side": "buy", "timestamp": 1765756535440}, {"id": "707122248", "price": 1.9794, "amount": 182.8, "side": "sell", "timestamp": 1765756535822}, {"id": "707122249", "price": 1.9795, "amount": 50.5, "side": "buy", "timestamp": 1765756536298}, {"id": "707122250", "price": 1.9794, "amount": 3.8, "side": "sell", "timestamp": 1765756536325}, {"id": "707122251", "price": 1.9794, "amount": 250.7, "side": "sell", "timestamp": 1765756536986}, {"id": "707122252", "price": 1.9794, "amount": 7.1, "side": "sell", "timestamp": 1765756537217}, {"id": "707122253", "price": 1.9795, "amount": 51.0, "side": "buy", "timestamp": 1765756537257}, {"id": "707122254", "price": 1.9794, "amount": 326.1, "side": "sell", "timestamp": 1765756537956}, {"id": "707122255", "price": 1.9795, "amount": 747.5, "side": "buy", "timestamp": 1765756537960}, {"id": "707122256", "price": 1.9794, "amount": 22.1, "side": "sell", "timestamp": 1765756538184}, {"id": "707122257", "price": 1.9794, "amount": 195.5, "side": "sell", "timestamp": 1765756538958}, {"id": "707122258", "price": 1.9794, "amount": 1188.9, "side": "sell", "timestamp": 1765756539386}, {"id": "707122259", "price": 1.9793, "amount": 279.8, "side": "sell", "timestamp": 1765756539925}, {"id": "707122260", "price": 1.9793, "amount": 7.1, "side": "sell", "timestamp": 1765756540066}, {"id": "707122261", "price": 1.9794, "amount": 38.9, "side": "buy", "timestamp": 1765756540087}, {"id": "707122262", "price": 1.9793, "amount": 3.9, "side": "sell", "timestamp": 1765756540797}, {"id": "707122263", "price": 1.9793, "amount": 290.9, "side": "sell", "timestamp": 1765756541023}, {"id": "707122264", "price": 1.9794, "amount": 547.4, "side": "buy", "timestamp": 1765756541348}, {"id": "707122265", "price": 1.9794, "amount": 297.3, "side": "sell", "timestamp": 1765756541725}, {"id": "707122266", "price": 1.9794, "amount": 127.9, "side": "sell", "timestamp": 1765756542054}, {"id": "707122267", "price": 1.9795, "amount": 52.6, "side": "buy", "timestamp": 1765756542189}, {"id": "707122268", "price": 1.9794, "amount": 471.2, "side": "sell", "timestamp": 1765756542524}, {"id": "707122269", "price": 1.9793, "amount": 295.3, "side": "sell", "timestamp": 1765756542766}, {"id": "707122270", "price": 1.9793, "amount": 280.3, "side": "sell", "timestamp": 1765756543072}, {"id": "707122271", "price": 1.9794, "amount": 35.2, "side": "buy", "timestamp": 1765756543731}, {"id": "707122272", "price": 1.9793, "amount": 293.4, "side": "sell", "timestamp": 1765756543749}, {"id": "707122273", "price": 1.9793, "amount": 239.7, "side": "sell", "timestamp": 1765756544024}, {"id": "707122274", "price": 1.9793, "amount": 26.6, "side": "sell", "timestamp": 1765756544153}, {"id": "707122275", "price": 1.9794, "amount": 49.3, "side": "buy", "timestamp": 1765756544402}, {"id": "707122276", "price": 1.9794, "amount": 291.5, "side": "sell", "timestamp": 1765756544819}, {"id": "707122277", "price": 1.9794, "amount": 142.8, "side": "sell", "timestamp": 1765756545120}, {"id": "707122278", "price": 1.9794, "amount": 606.6, "side": "sell", "timestamp": 1765756545470}, {"id": "707122279", "price": 1.9793, "amount": 4870.8, "side": "sell", "timestamp": 1765756545473}, {"id": "707122280", "price": 1.9792, "amount": 6079.0, "side": "sell", "timestamp": 1765756545476}, {"id": "707122281", "price": 1.9791, "amount": 9868.7, "side": "sell", "timestamp": 1765756545476}, {"id": "707122282", "price": 1.979, "amount": 21072.3, "side": "sell", "timestamp": 1765756545476}, {"id": "707122283", "price": 1.9789, "amount": 2502.3, "side": "sell", "timestamp": 1765756545518}, {"id": "707122284", "price": 1.979, "amount": 3727.8, "side": "buy", "timestamp": 1765756545606}, {"id": "707122285", "price": 1.9791, "amount": 147.4, "side": "buy", "timestamp": 1765756545782}, {"id": "707122286", "price": 1.979, "amount": 289.8, "side": "sell", "timestamp": 1765756545813}, {"id": "707122287", "price": 1.979, "amount": 176.0, "side": "sell", "timestamp": 1765756546131}, {"id": "707122288", "price": 1.979, "amount": 18157.6, "side": "sell", "timestamp": 1765756546469}, {"id": "707122289", "price": 1.979, "amount": 68.4, "side": "buy", "timestamp": 1765756546597}, {"id": "707122290", "price": 1.979, "amount": 2.9, "side": "sell", "timestamp": 1765756546658}, {"id": "707122291", "price": 1.979, "amount": 288.3, "side": "sell", "timestamp": 1765756546768}, {"id": "707122292", "price": 1.9791, "amount": 1939.0, "side": "buy", "timestamp": 1765756546941}, {"id": "707122293", "price": 1.9792, "amount": 43.1, "side": "buy", "timestamp": 1765756546977}, {"id": "707122294", "price": 1.9792, "amount": 132.9, "side": "sell", "timestamp": 1765756547073}, {"id": "707122295", "price": 1.9792, "amount": 7.6, "side": "sell", "timestamp": 1765756547518}, {"id": "707122458", "price": 1.9785, "amount": 3.0, "side": "sell", "timestamp": 1765756590868}, {"id": "707122459", "price": 1.9785, "amount": 4434.7, "side": "sell", "timestamp": 1765756591035}, {"id": "707122460", "price": 1.9785, "amount": 275.9, "side": "sell", "timestamp": 1765756591147}, {"id": "707122461", "price": 1.9785, "amount": 11.4, "side": "sell", "timestamp": 1765756591552}, {"id": "707122462", "price": 1.9785, "amount": 4.2, "side": "sell", "timestamp": 1765756591815}, {"id": "707122463", "price": 1.9785, "amount": 175.3, "side": "sell", "timestamp": 1765756592055}, {"id": "707122464", "price": 1.9785, "amount": 24.4, "side": "sell", "timestamp": 1765756592166}, {"id": "707122465", "price": 1.9785, "amount": 12.8, "side": "sell", "timestamp": 1765756592540}, {"id": "707122466", "price": 1.9785, "amount": 3.5, "side": "sell", "timestamp": 1765756592861}, {"id": "707122467", "price": 1.9785, "amount": 211.9, "side": "sell", "timestamp": 1765756593204}, {"id": "707122468", "price": 1.9785, "amount": 41.3, "side": "sell", "timestamp": 1765756593353}, {"id": "707122469", "price": 1.9785, "amount": 57.6, "side": "sell", "timestamp": 1765756593455}, {"id": "707122470", "price": 1.9785, "amount": 25.5, "side": "sell", "timestamp": 1765756593585}, {"id": "707122471", "price": 1.9785, "amount": 136.1, "side": "sell", "timestamp": 1765756594217}, {"id": "707122472", "price": 1.9784, "amount": 4283.9, "side": "sell", "timestamp": 1765756594225}, {"id": "707122473", "price": 1.9783, "amount": 11805.1, "side": "sell", "timestamp": 1765756594226}, {"id": "707122474", "price": 1.9782, "amount": 342.7, "side": "sell", "timestamp": 1765756594278}, {"id": "707122475", "price": 1.9781, "amount": 659.1, "side": "sell", "timestamp": 1765756594525}, {"id": "707122476", "price": 1.978, "amount": 10.2, "side": "sell", "timestamp": 1765756594691}, {"id": "707122477", "price": 1.978, "amount": 202.8, "side": "sell", "timestamp": 1765756594935}, {"id": "707122478", "price": 1.978, "amount": 106.0, "side": "sell", "timestamp": 1765756595037}, {"id": "707122479", "price": 1.9781, "amount": 60.0, "side": "buy", "timestamp": 1765756595093}, {"id": "707122480", "price": 1.978, "amount": 3593.5, "side": "sell", "timestamp": 1765756595145}, {"id": "707122481", "price": 1.978, "amount": 157.4, "side": "sell", "timestamp": 1765756595250}, {"id": "707122482", "price": 1.978, "amount": 7.7, "side": "sell", "timestamp": 1765756595408}, {"id": "707122483", "price": 1.978, "amount": 1651.5, "side": "sell", "timestamp": 1765756595681}, {"id": "707122484", "price": 1.978, "amount": 3526.5, "side": "buy", "timestamp": 1765756595694}, {"id": "707122485", "price": 1.978, "amount": 862.8, "side": "buy", "timestamp": 1765756596046}, {"id": "707122486", "price": 1.9779, "amount": 214.8, "side": "sell", "timestamp": 1765756596239}, {"id": "707122487", "price": 1.978, "amount": 3119.6, "side": "buy", "timestamp": 1765756596940}, {"id": "707122488", "price": 1.9781, "amount": 4083.1, "side": "buy", "timestamp": 1765756596953}, {"id": "707122489", "price": 1.9782, "amount": 4068.4, "side": "buy", "timestamp": 1765756596969}, {"id": "707122490", "price": 1.9783, "amount": 52.8, "side": "buy", "timestamp": 1765756596975}, {"id": "707122491", "price": 1.9784, "amount": 22.7, "side": "buy", "timestamp": 1765756596976}, {"id": "707122492", "price": 1.9783, "amount": 187.6, "side": "sell", "timestamp": 1765756597314}, {"id": "707122493", "price": 1.9783, "amount": 9.1, "side": "sell", "timestamp": 1765756597573}, {"id": "707122494", "price": 1.9783, "amount": 5731.0, "side": "sell", "timestamp": 1765756597798}, {"id": "707122495", "price": 1.9783, "amount": 45.2, "side": "sell", "timestamp": 1765756597902}, {"id": "707122496", "price": 1.9782, "amount": 188.4, "side": "sell", "timestamp": 1765756598277}, {"id": "707122497", "price": 1.9782, "amount": 3.0, "side": "sell", "timestamp": 1765756598861}, {"id": "707122498", "price": 1.9782, "amount": 202.9, "side": "sell", "timestamp": 1765756599358}, {"id": "707122499", "price": 1.9782, "amount": 337.6, "side": "sell", "timestamp": 1765756599971}, {"id": "707122500", "price": 1.9781, "amount": 6.5, "side": "sell", "timestamp": 1765756600243}, {"id": "707122501", "price": 1.9781, "amount": 112.7, "side": "sell", "timestamp": 1765756600364}, {"id": "707122502", "price": 1.9781, "amount": 3.6, "side": "sell", "timestamp": 1765756600876}, {"id": "707122503", "price": 1.9781, "amount": 8.4, "side": "sell", "timestamp": 1765756601131}, {"id": "707122504", "price": 1.9782, "amount": 1500.0, "side": "buy", "timestamp": 1765756601155}, {"id": "707122505", "price": 1.9781, "amount": 309.0, "side": "sell", "timestamp": 1765756601373}, {"id": "707122506", "price": 1.978, "amount": 138.8, "side": "sell", "timestamp": 1765756601785}, {"id": "707122507", "price": 1.9779, "amount": 142.1, "side": "sell", "timestamp": 1765756602002}, {"id": "707122706", "price": 1.976, "amount": 89.3, "side": "sell", "timestamp": 1765756646354}, {"id": "707122707", "price": 1.9761, "amount": 4159.0, "side": "buy", "timestamp": 1765756646518}, {"id": "707122708", "price": 1.9761, "amount": 4473.8, "side": "sell", "timestamp": 1765756646620}, {"id": "707122709", "price": 1.9761, "amount": 2548.2, "side": "sell", "timestamp": 1765756646750}, {"id": "707122710", "price": 1.9761, "amount": 2372.3, "side": "sell", "timestamp": 1765756646878}, {"id": "707122711", "price": 1.9761, "amount": 23.1, "side": "sell", "timestamp": 1765756647080}, {"id": "707122712", "price": 1.9761, "amount": 111.2, "side": "sell", "timestamp": 1765756647235}, {"id": "707122713", "price": 1.9762, "amount": 253.0, "side": "buy", "timestamp": 1765756647685}, {"id": "707122714", "price": 1.9761, "amount": 202.0, "side": "sell", "timestamp": 1765756648322}, {"id": "707122715", "price": 1.9762, "amount": 4954.6, "side": "buy", "timestamp": 1765756648528}, {"id": "707122716", "price": 1.9761, "amount": 2262.0, "side": "sell", "timestamp": 1765756648778}, {"id": "707122717", "price": 1.9762, "amount": 3.4, "side": "buy", "timestamp": 1765756649407}, {"id": "707122718", "price": 1.9761, "amount": 80.0, "side": "sell", "timestamp": 1765756649420}, {"id": "707122719", "price": 1.9762, "amount": 5477.1, "side": "buy", "timestamp": 1765756650010}, {"id": "707122720", "price": 1.9762, "amount": 70245.0, "side": "buy", "timestamp": 1765756650158}, {"id": "707122721", "price": 1.9763, "amount": 4928.4, "side": "buy", "timestamp": 1765756650160}, {"id": "707122722", "price": 1.9764, "amount": 116.8, "side": "buy", "timestamp": 1765756650160}, {"id": "707122723", "price": 1.9765, "amount": 5222.5, "side": "buy", "timestamp": 1765756650161}, {"id": "707122724", "price": 1.9766, "amount": 18389.3, "side": "buy", "timestamp": 1765756650161}, {"id": "707122725", "price": 1.9767, "amount": 4681.1, "side": "buy", "timestamp": 1765756650161}, {"id": "707122726", "price": 1.9768, "amount": 1426.4, "side": "buy", "timestamp": 1765756650185}, {"id": "707122727", "price": 1.9767, "amount": 9463.4, "side": "sell", "timestamp": 1765756650212}, {"id": "707122728", "price": 1.9768, "amount": 17.0, "side": "buy", "timestamp": 1765756650215}, {"id": "707122729", "price": 1.9766, "amount": 96.4, "side": "sell", "timestamp": 1765756650271}, {"id": "707122730", "price": 1.9766, "amount": 1234.8, "side": "sell", "timestamp": 1765756650386}, {"id": "707122731", "price": 1.9765, "amount": 619.7, "side": "sell", "timestamp": 1765756650472}, {"id": "707122732", "price": 1.9764, "amount": 28.9, "side": "sell", "timestamp": 1765756650484}, {"id": "707122733", "price": 1.9763, "amount": 955.3, "side": "sell", "timestamp": 1765756650500}, {"id": "707122734", "price": 1.9764, "amount": 7.4, "side": "buy", "timestamp": 1765756650803}, {"id": "707122735", "price": 1.9763, "amount": 413.8, "side": "sell", "timestamp": 1765756650901}, {"id": "707122736", "price": 1.9763, "amount": 125.5, "side": "sell", "timestamp": 1765756651371}, {"id": "707122737", "price": 1.9763, "amount": 213.1, "side": "sell", "timestamp": 1765756652414}, {"id": "707122738", "price": 1.9763, "amount": 2262.0, "side": "sell", "timestamp": 1765756652872}, {"id": "707122739", "price": 1.9764, "amount": 99.0, "side": "buy", "timestamp": 1765756652995}, {"id": "707122740", "price": 1.9765, "amount": 507.9, "side": "buy", "timestamp": 1765756652995}, {"id": "707122741", "price": 1.9764, "amount": 99.1, "side": "buy", "timestamp": 1765756653003}, {"id": "707122742", "price": 1.9764, "amount": 17.1, "side": "sell", "timestamp": 1765756653142}, {"id": "707122743", "price": 1.9764, "amount": 110.7, "side": "sell", "timestamp": 1765756653524}, {"id": "707122744", "price": 1.9764, "amount": 104.2, "side": "sell", "timestamp": 1765756653804}, {"id": "707122745", "price": 1.9764, "amount": 558.1, "side": "sell", "timestamp": 1765756654332}, {"id": "707122746", "price": 1.9763, "amount": 1815.2, "side": "sell", "timestamp": 1765756654332}, {"id": "707122747", "price": 1.9762, "amount": 3143.7, "side": "sell", "timestamp": 1765756654348}, {"id": "707122748", "price": 1.9761, "amount": 230.7, "side": "sell", "timestamp": 1765756654543}, {"id": "707122749", "price": 1.9762, "amount": 2.8, "side": "buy", "timestamp": 1765756654944}, {"id": "707122750", "price": 1.9761, "amount": 413.8, "side": "sell", "timestamp": 1765756655107}, {"id": "707122751", "price": 1.9761, "amount": 1391.2, "side": "sell", "timestamp": 1765756655632}, {"id": "707122752", "price": 1.976, "amount": 2408.7, "side": "sell", "timestamp": 1765756655689}, {"id": "707122753", "price": 1.9759, "amount": 2.7, "side": "sell", "timestamp": 1765756655997}, {"id": "707122754", "price": 1.9759, "amount": 2.7, "side": "sell", "timestamp": 1765756656464}, {"id": "707122755", "price": 1.9759, "amount": 258.4, "side": "sell", "timestamp": 1765756656655}, {"id": "707122887", "price": 1.9749, "amount": 11.5, "side": "sell", "timestamp": 1765756691904}, {"id": "707122888", "price": 1.9749, "amount": 21.6, "side": "sell", "timestamp": 1765756692312}, {"id": "707122889", "price": 1.9749, "amount": 12.7, "side": "sell", "timestamp": 1765756692459}, {"id": "707122890", "price": 1.9749, "amount": 25.5, "side": "sell", "timestamp": 1765756693547}, {"id": "707122891", "price": 1.975, "amount": 11.9, "side": "buy", "timestamp": 1765756693562}, {"id": "707122892", "price": 1.9749, "amount": 62.6, "side": "sell", "timestamp": 1765756693574}, {"id": "707122893", "price": 1.9749, "amount": 36.4, "side": "sell", "timestamp": 1765756693678}, {"id": "707122894", "price": 1.975, "amount": 30.6, "side": "buy", "timestamp": 1765756693776}, {"id": "707122895", "price": 1.975, "amount": 192.8, "side": "buy", "timestamp": 1765756693912}, {"id": "707122896", "price": 1.9749, "amount": 1991.1, "side": "sell", "timestamp": 1765756694022}, {"id": "707122897", "price": 1.975, "amount": 33.9, "side": "buy", "timestamp": 1765756694134}, {"id": "707122898", "price": 1.9749, "amount": 37.9, "side": "sell", "timestamp": 1765756694501}, {"id": "707122899", "price": 1.975, "amount": 78.0, "side": "buy", "timestamp": 1765756694661}, {"id": "707122900", "price": 1.9749, "amount": 1515.1, "side": "sell", "timestamp": 1765756695037}, {"id": "707122901", "price": 1.9749, "amount": 4.3, "side": "sell", "timestamp": 1765756695574}, {"id": "707122902", "price": 1.975, "amount": 1436.0, "side": "buy", "timestamp": 1765756695853}, {"id": "707122903", "price": 1.975, "amount": 3.1, "side": "sell", "timestamp": 1765756696596}, {"id": "707122904", "price": 1.9751, "amount": 206.0, "side": "buy", "timestamp": 1765756697565}, {"id": "707122905", "price": 1.9751, "amount": 234.4, "side": "buy", "timestamp": 1765756697763}, {"id": "707122906", "price": 1.975, "amount": 47.0, "side": "sell", "timestamp": 1765756698106}, {"id": "707122907", "price": 1.975, "amount": 15.0, "side": "sell", "timestamp": 1765756699016}, {"id": "707122908", "price": 1.975, "amount": 8.5, "side": "sell", "timestamp": 1765756699298}, {"id": "707122909", "price": 1.9751, "amount": 60.5, "side": "buy", "timestamp": 1765756700119}, {"id": "707122910", "price": 1.975, "amount": 20.5, "side": "sell", "timestamp": 1765756701258}, {"id": "707122911", "price": 1.975, "amount": 3.2, "side": "sell", "timestamp": 1765756701892}, {"id": "707122912", "price": 1.9751, "amount": 632.3, "side": "buy", "timestamp": 1765756702611}, {"id": "707122913", "price": 1.9751, "amount": 783.0, "side": "sell", "timestamp": 1765756702973}, {"id": "707122914", "price": 1.9752, "amount": 2204.0, "side": "buy", "timestamp": 1765756703251}, {"id": "707122915", "price": 1.9753, "amount": 247.0, "side": "buy", "timestamp": 1765756703292}, {"id": "707122916", "price": 1.9754, "amount": 1888.6, "side": "buy", "timestamp": 1765756703335}, {"id": "707122917", "price": 1.9754, "amount": 426.8, "side": "sell", "timestamp": 1765756703361}, {"id": "707122918", "price": 1.9755, "amount": 187.3, "side": "buy", "timestamp": 1765756703398}, {"id": "707122919", "price": 1.9756, "amount": 8.0, "side": "buy", "timestamp": 1765756703613}, {"id": "707122920", "price": 1.9756, "amount": 100.6, "side": "buy", "timestamp": 1765756703841}, {"id": "707122921", "price": 1.9755, "amount": 5.1, "side": "sell", "timestamp": 1765756704185}, {"id": "707122922", "price": 1.9756, "amount": 1854.1, "side": "buy", "timestamp": 1765756704762}, {"id": "707122923", "price": 1.9755, "amount": 8.4, "side": "sell", "timestamp": 1765756704871}, {"id": "707122924", "price": 1.9756, "amount": 95.1, "side": "buy", "timestamp": 1765756704892}, {"id": "707122925", "price": 1.9755, "amount": 2.6, "side": "sell", "timestamp": 1765756706233}, {"id": "707122926", "price": 1.9756, "amount": 369.3, "side": "buy", "timestamp": 1765756706856}, {"id": "707122927", "price": 1.9756, "amount": 835.2, "side": "buy", "timestamp": 1765756707274}, {"id": "707122928", "price": 1.9756, "amount": 3.0, "side": "buy", "timestamp": 1765756707509}, {"id": "707122929", "price": 1.9755, "amount": 2.6, "side": "sell", "timestamp": 1765756707522}, {"id": "707122930", "price": 1.9755, "amount": 6.2, "side": "sell", "timestamp": 1765756708218}, {"id": "707122931", "price": 1.9756, "amount": 8.5, "side": "buy", "timestamp": 1765756709481}, {"id": "707122932", "price": 1.9755, "amount": 54.6, "side": "sell", "timestamp": 1765756710236}, {"id": "707122933", "price": 1.9755, "amount": 7.0, "side": "sell", "timestamp": 1765756710598}, {"id": "707122934", "price": 1.9755, "amount": 126.7, "side": "sell", "timestamp": 1765756711101}, {"id": "707122935", "price": 1.9755, "amount": 3.1, "side": "sell", "timestamp": 1765756711323}, {"id": "707122936", "price": 1.9755, "amount": 9.7, "side": "sell", "timestamp": 1765756712207}, {"id": "707123036", "price": 1.9759, "amount": 2421.5, "side": "buy", "timestamp": 1765756751741}, {"id": "707123037", "price": 1.976, "amount": 2717.1, "side": "buy", "timestamp": 1765756751741}, {"id": "707123038", "price": 1.9761, "amount": 17378.7, "side": "buy", "timestamp": 1765756751741}, {"id": "707123039", "price": 1.9762, "amount": 5627.9, "side": "buy", "timestamp": 1765756751741}, {"id": "707123040", "price": 1.9761, "amount": 1455.3, "side": "sell", "timestamp": 1765756751764}, {"id": "707123041", "price": 1.9761, "amount": 10.3, "side": "buy", "timestamp": 1765756751877}, {"id": "707123042", "price": 1.9762, "amount": 1733.5, "side": "buy", "timestamp": 1765756751928}, {"id": "707123043", "price": 1.9762, "amount": 704.2, "side": "buy", "timestamp": 1765756752887}, {"id": "707123044", "price": 1.9762, "amount": 2028.5, "side": "buy", "timestamp": 1765756752994}, {"id": "707123045", "price": 1.9761, "amount": 189.9, "side": "sell", "timestamp": 1765756753974}, {"id": "707123046", "price": 1.9761, "amount": 255.9, "side": "sell", "timestamp": 1765756754441}, {"id": "707123047", "price": 1.9761, "amount": 17.6, "side": "sell", "timestamp": 1765756755649}, {"id": "707123048", "price": 1.9762, "amount": 202.7, "side": "buy", "timestamp": 1765756756368}, {"id": "707123049", "price": 1.9763, "amount": 90.0, "side": "buy", "timestamp": 1765756756368}, {"id": "707123050", "price": 1.9764, "amount": 12.1, "side": "buy", "timestamp": 1765756756368}, {"id": "707123051", "price": 1.9763, "amount": 3.2, "side": "sell", "timestamp": 1765756756408}, {"id": "707123052", "price": 1.9764, "amount": 18.2, "side": "buy", "timestamp": 1765756756794}, {"id": "707123053", "price": 1.9763, "amount": 21.6, "side": "sell", "timestamp": 1765756756913}, {"id": "707123054", "price": 1.9763, "amount": 7.1, "side": "sell", "timestamp": 1765756757063}, {"id": "707123055", "price": 1.9764, "amount": 52.0, "side": "buy", "timestamp": 1765756757933}, {"id": "707123056", "price": 1.9763, "amount": 11.8, "side": "sell", "timestamp": 1765756759635}, {"id": "707123057", "price": 1.9763, "amount": 7.1, "side": "sell", "timestamp": 1765756760084}, {"id": "707123058", "price": 1.9764, "amount": 1181.7, "side": "buy", "timestamp": 1765756760190}, {"id": "707123059", "price": 1.9765, "amount": 113.3, "side": "buy", "timestamp": 1765756760194}, {"id": "707123060", "price": 1.9765, "amount": 25.0, "side": "sell", "timestamp": 1765756760216}, {"id": "707123061", "price": 1.9766, "amount": 4.3, "side": "buy", "timestamp": 1765756760249}, {"id": "707123062", "price": 1.9765, "amount": 805.5, "side": "sell", "timestamp": 1765756760298}, {"id": "707123063", "price": 1.9766, "amount": 53.9, "side": "buy", "timestamp": 1765756760399}, {"id": "707123064", "price": 1.9765, "amount": 27.4, "side": "sell", "timestamp": 1765756760463}, {"id": "707123065", "price": 1.9766, "amount": 23.1, "side": "buy", "timestamp": 1765756760479}, {"id": "707123066", "price": 1.9765, "amount": 27.4, "side": "sell", "timestamp": 1765756760497}, {"id": "707123067", "price": 1.9765, "amount": 219.2, "side": "sell", "timestamp": 1765756761077}, {"id": "707123068", "price": 1.9765, "amount": 5.7, "side": "sell", "timestamp": 1765756762177}, {"id": "707123069", "price": 1.9765, "amount": 23.1, "side": "sell", "timestamp": 1765756762329}, {"id": "707123070", "price": 1.9766, "amount": 27.3, "side": "buy", "timestamp": 1765756762331}, {"id": "707123071", "price": 1.9765, "amount": 7.1, "side": "sell", "timestamp": 1765756763105}, {"id": "707123072", "price": 1.9765, "amount": 6118.3, "side": "sell", "timestamp": 1765756763640}, {"id": "707123073", "price": 1.9764, "amount": 5842.4, "side": "sell", "timestamp": 1765756763651}, {"id": "707123074", "price": 1.9763, "amount": 11829.9, "side": "sell", "timestamp": 1765756763651}, {"id": "707123075", "price": 1.9763, "amount": 50.2, "side": "buy", "timestamp": 1765756764098}, {"id": "707123076", "price": 1.9762, "amount": 2000.0, "side": "sell", "timestamp": 1765756764915}, {"id": "707123077", "price": 1.9763, "amount": 721.7, "side": "buy", "timestamp": 1765756764988}, {"id": "707123078", "price": 1.9762, "amount": 123.0, "side": "sell", "timestamp": 1765756765684}, {"id": "707123079", "price": 1.9762, "amount": 7.1, "side": "sell", "timestamp": 1765756766133}, {"id": "707123080", "price": 1.9762, "amount": 931.6, "side": "sell", "timestamp": 1765756766392}, {"id": "707123081", "price": 1.9761, "amount": 2125.2, "side": "sell", "timestamp": 1765756766402}, {"id": "707123082", "price": 1.976, "amount": 81.1, "side": "sell", "timestamp": 1765756766538}, {"id": "707123083", "price": 1.976, "amount": 1453.9, "side": "sell", "timestamp": 1765756767010}, {"id": "707123084", "price": 1.9759, "amount": 627.0, "side": "sell", "timestamp": 1765756767130}, {"id": "707123085", "price": 1.9758, "amount": 6.5, "side": "sell", "timestamp": 1765756767348}]