[{"symbol": "DOGEUSDT", "bids": [[0.13832, 276013.0], [0.13831, 90442.0], [0.1383, 437798.0], [0.13829, 707266.0], [0.13828, 931006.0], [0.13827, 430197.0], [0.13826, 332956.0], [0.13825, 394455.0], [0.13824, 403080.0], [0.13823, 431978.0], [0.13822, 729019.0], [0.13821, 515960.0], [0.1382, 1301586.0], [0.13819, 563701.0], [0.13818, 949605.0], [0.13817, 627541.0], [0.13816, 417935.0], [0.13815, 285471.0], [0.13814, 385220.0], [0.13813, 1230445.0]], "asks": [[0.13833, 179599.0], [0.13834, 170766.0], [0.13835, 320109.0], [0.13836, 666931.0], [0.13837, 819727.0], [0.13838, 529440.0], [0.13839, 544977.0], [0.1384, 583550.0], [0.13841, 656547.0], [0.13842, 590049.0], [0.13843, 592395.0], [0.13844, 497859.0], [0.13845, 484920.0], [0.13846, 286292.0], [0.13847, 262428.0], [0.13848, 407219.0], [0.13849, 494977.0], [0.1385, 709645.0], [0.13851, 562879.0], [0.13852, 466944.0]], "timestamp": "2025-12-13T08:59:33.765353+00:00"}, {"symbol": "DOGEUSDT", "bids": [[0.1384, 53731.0], [0.13839, 354401.0], [0.13838, 501917.0], [0.13837, 482941.0], [0.13836, 374122.0], [0.13835, 691858.0], [0.13834, 777656.0], [0.13833, 755415.0], [0.13832, 372890.0], [0.13831, 487305.0], [0.1383, 458302.0], [0.13829, 488322.0], [0.13828, 549598.0], [0.13827, 1266891.0], [0.13826, 832538.0], [0.13825, 449495.0], [0.13824, 303749.0], [0.13823, 470823.0], [0.13822, 687271.0], [0.13821, 686563.0]], "asks": [[0.13841, 272724.0], [0.13842, 209247.0], [0.13843, 381849.0], [0.13844, 388975.0], [0.13845, 967745.0], [0.13846, 379699.0], [0.13847, 360168.0], [0.13848, 324547.0], [0.13849, 517298.0], [0.1385, 519017.0], [0.13851, 485521.0], [0.13852, 709738.0], [0.13853, 523023.0], [0.13854, 447307.0], [0.13855, 624616.0], [0.13856, 779564.0], [0.13857, 1149168.0], [0.13858, 657816.0], [0.13859, 857198.0], [0.1386, 1189629.0]], "timestamp": "2025-12-13T09:00:28.453844+00:00"}, {"symbol": "DOGEUSDT", "bids": [[0.13839, 482458.0], [0.13838, 122499.0], [0.13837, 232679.0], [0.13836, 406515.0], [0.13835, 930528.0], [0.13834, 744588.0], [0.13833, 816204.0], [0.13832, 403032.0], [0.13831, 554249.0], [0.1383, 525954.0], [0.13829, 572649.0], [0.13828, 553303.0], [0.13827, 604130.0], [0.13826, 1627335.0], [0.13825, 319799.0], [0.13824, 412652.0], [0.13823, 377241.0], [0.13822, 1262518.0], [0.13821, 491023.0], [0.1382, 451909.0]], "asks": [[0.1384, 5039.0], [0.13841, 148578.0], [0.13842, 236473.0], [0.13843, 349196.0], [0.13844, 526623.0], [0.13845, 793059.0], [0.13846, 415967.0], [0.13847, 437908.0], [0.13848, 442423.0], [0.13849, 776760.0], [0.1385, 422939.0], [0.13851, 529055.0], [0.13852, 556401.0], [0.13853, 406581.0], [0.13854, 567164.0], [0.13855, 487984.0], [0.13856, 534322.0], [0.13857, 830646.0], [0.13858, 644751.0], [0.13859, 962529.0]], "timestamp": "2025-12-13T09:01:22.822718+00:00"}, {"symbol": "DOGEUSDT", "bids": [[0.13848, 195954.0], [0.13847, 318232.0], [0.13846, 593689.0], [0.13845, 700730.0], [0.13844, 646907.0], [0.13843, 771621.0], [0.13842, 686515.0], [0.13841, 505712.0], [0.1384, 604981.0], [0.13839, 312521.0], [0.13838, 282862.0], [0.13837, 292224.0], [0.13836, 305114.0], [0.13835, 478798.0], [0.13834, 1387031.0], [0.13833, 246033.0], [0.13832, 257274.0], [0.13831, 901634.0], [0.1383, 719918.0], [0.13829, 576074.0]], "asks": [[0.13849, 112878.0], [0.1385, 170574.0], [0.13851, 253444.0], [0.13852, 363266.0], [0.13853, 542172.0], [0.13854, 681445.0], [0.13855, 592094.0], [0.13856, 602537.0], [0.13857, 493955.0], [0.13858, 503294.0], [0.13859, 367355.0], [0.1386, 597895.0], [0.13861, 731945.0], [0.13862, 454126.0], [0.13863, 427869.0], [0.13864, 674806.0], [0.13865, 1029365.0], [0.13866, 1214668.0], [0.13867, 733406.0], [0.13868, 1404653.0]], "timestamp": "2025-12-13T09:02:17.095028+00:00"}, {"symbol": "DOGEUSDT", "bids": [[0.13845, 225073.0], [0.13844, 383571.0], [0.13843, 603433.0], [0.13842, 647557.0], [0.13841, 511875.0], [0.1384, 764032.0], [0.13839, 414547.0], [0.13838, 480846.0], [0.13837, 383599.0], [0.13836, 321271.0], [0.13835, 418774.0], [0.13834, 705536.0], [0.13833, 926638.0], [0.13832, 332020.0], [0.13831, 1016861.0], [0.1383, 673914.0], [0.13829, 603506.0], [0.13828, 1295378.0], [0.13827, 1207159.0], [0.13826, 721410.0]], "asks": [[0.13846, 107879.0], [0.13847, 244755.0], [0.13848, 364000.0], [0.13849, 634989.0], [0.1385, 568400.0], [0.13851, 382865.0], [0.13852, 548452.0], [0.13853, 415300.0], [0.13854, 547825.0], [0.13855, 486100.0], [0.13856, 535930.0], [0.13857, 482649.0], [0.13858, 596272.0], [0.13859, 515098.0], [0.1386, 374971.0], [0.13861, 575206.0], [0.13862, 608207.0], [0.13863, 398372.0], [0.13864, 628896.0], [0.13865, 920334.0]], "timestamp": "2025-12-13T09:03:11.674919+00:00"}, {"symbol": "DOGEUSDT", "bids": [[0.13844, 198441.0], [0.13843, 297649.0], [0.13842, 422351.0], [0.13841, 542076.0], [0.1384, 818135.0], [0.13839, 428711.0], [0.13838, 390250.0], [0.13837, 489406.0], [0.13836, 346200.0], [0.13835, 466500.0], [0.13834, 560613.0], [0.13833, 293951.0], [0.13832, 1108717.0], [0.13831, 887088.0], [0.1383, 805110.0], [0.13829, 599187.0], [0.13828, 1273567.0], [0.13827, 1235236.0], [0.13826, 720172.0], [0.13825, 1502807.0]], "asks": [[0.13845, 125811.0], [0.13846, 296747.0], [0.13847, 491898.0], [0.13848, 473234.0], [0.13849, 846971.0], [0.1385, 516298.0], [0.13851, 477470.0], [0.13852, 632392.0], [0.13853, 447963.0], [0.13854, 404513.0], [0.13855, 577364.0], [0.13856, 607401.0], [0.13857, 1278875.0], [0.13858, 455778.0], [0.13859, 328980.0], [0.1386, 370121.0], [0.13861, 810704.0], [0.13862, 495945.0], [0.13863, 295482.0], [0.13864, 658210.0]], "timestamp": "2025-12-13T09:04:05.950753+00:00"}, {"symbol": "DOGEUSDT", "bids": [[0.13841, 25466.0], [0.1384, 95205.0], [0.13839, 295213.0], [0.13838, 246534.0], [0.13837, 722312.0], [0.13836, 545965.0], [0.13835, 572689.0], [0.13834, 707607.0], [0.13833, 327951.0], [0.13832, 305028.0], [0.13831, 452271.0], [0.1383, 607929.0], [0.13829, 1246116.0], [0.13828, 574278.0], [0.13827, 874785.0], [0.13826, 685751.0], [0.13825, 420491.0], [0.13824, 1168408.0], [0.13823, 304629.0], [0.13822, 745742.0]], "asks": [[0.13842, 551397.0], [0.13843, 578021.0], [0.13844, 484555.0], [0.13845, 762043.0], [0.13846, 757596.0], [0.13847, 545914.0], [0.13848, 657060.0], [0.13849, 558489.0], [0.1385, 494301.0], [0.13851, 449136.0], [0.13852, 680842.0], [0.13853, 509244.0], [0.13854, 419872.0], [0.13855, 516004.0], [0.13856, 658722.0], [0.13857, 1537122.0], [0.13858, 380372.0], [0.13859, 238763.0], [0.1386, 387566.0], [0.13861, 882819.0]], "timestamp": "2025-12-13T09:04:59.841525+00:00"}, {"symbol": "DOGEUSDT", "bids": [[0.13842, 361903.0], [0.13841, 271370.0], [0.1384, 394884.0], [0.13839, 397376.0], [0.13838, 376219.0], [0.13837, 609374.0], [0.13836, 477170.0], [0.13835, 486772.0], [0.13834, 547462.0], [0.13833, 234436.0], [0.13832, 319226.0], [0.13831, 540539.0], [0.1383, 590627.0], [0.13829, 517321.0], [0.13828, 606901.0], [0.13827, 966742.0], [0.13826, 1203275.0], [0.13825, 336280.0], [0.13824, 328330.0], [0.13823, 398267.0]], "asks": [[0.13843, 46277.0], [0.13844, 225586.0], [0.13845, 532416.0], [0.13846, 592267.0], [0.13847, 685389.0], [0.13848, 659509.0], [0.13849, 573440.0], [0.1385, 656656.0], [0.13851, 1130374.0], [0.13852, 556242.0], [0.13853, 641085.0], [0.13854, 438022.0], [0.13855, 620196.0], [0.13856, 589135.0], [0.13857, 769227.0], [0.13858, 382569.0], [0.13859, 447702.0], [0.1386, 555801.0], [0.13861, 872451.0], [0.13862, 749830.0]], "timestamp": "2025-12-13T09:05:54.288117+00:00"}, {"symbol": "DOGEUSDT", "bids": [[0.13849, 216664.0], [0.13848, 36222.0], [0.13847, 331672.0], [0.13846, 440716.0], [0.13845, 715780.0], [0.13844, 1109243.0], [0.13843, 987739.0], [0.13842, 861821.0], [0.13841, 312637.0], [0.1384, 468895.0], [0.13839, 355192.0], [0.13838, 236740.0], [0.13837, 309120.0], [0.13836, 511811.0], [0.13835, 1206189.0], [0.13834, 739505.0], [0.13833, 329252.0], [0.13832, 767447.0], [0.13831, 620168.0], [0.1383, 649092.0]], "asks": [[0.1385, 279716.0], [0.13851, 214671.0], [0.13852, 367773.0], [0.13853, 575423.0], [0.13854, 664139.0], [0.13855, 470965.0], [0.13856, 646569.0], [0.13857, 551347.0], [0.13858, 548339.0], [0.13859, 396308.0], [0.1386, 654108.0], [0.13861, 666232.0], [0.13862, 485784.0], [0.13863, 403262.0], [0.13864, 565805.0], [0.13865, 754938.0], [0.13866, 567141.0], [0.13867, 974456.0], [0.13868, 1443466.0], [0.13869, 462025.0]], "timestamp": "2025-12-13T09:06:48.843693+00:00"}, {"symbol": "DOGEUSDT", "bids": [[0.13846, 124459.0], [0.13845, 282399.0], [0.13844, 625062.0], [0.13843, 542382.0], [0.13842, 802959.0], [0.13841, 625084.0], [0.1384, 498505.0], [0.13839, 351596.0], [0.13838, 486343.0], [0.13837, 310120.0], [0.13836, 489626.0], [0.13835, 1289628.0], [0.13834, 624159.0], [0.13833, 467528.0], [0.13832, 798691.0], [0.13831, 620614.0], [0.1383, 538998.0], [0.13829, 615894.0], [0.13828, 1281470.0], [0.13827, 1056326.0]], "asks": [[0.13847, 248441.0], [0.13848, 206638.0], [0.13849, 761197.0], [0.1385, 779181.0], [0.13851, 697494.0], [0.13852, 1012627.0], [0.13853, 409968.0], [0.13854, 368827.0], [0.13855, 486689.0], [0.13856, 567591.0], [0.13857, 506558.0], [0.13858, 697261.0], [0.13859, 310824.0], [0.1386, 525065.0], [0.13861, 647167.0], [0.13862, 248092.0], [0.13863, 256792.0], [0.13864, 557436.0], [0.13865, 833844.0], [0.13866, 761504.0]], "timestamp": "2025-12-13T09:07:43.038009+00:00"}, {"symbol": "DOGEUSDT", "bids": [[0.13845, 193535.0], [0.13844, 467039.0], [0.13843, 435610.0], [0.13842, 715333.0], [0.13841, 529527.0], [0.1384, 603531.0], [0.13839, 406931.0], [0.13838, 445083.0], [0.13837, 377949.0], [0.13836, 390269.0], [0.13835, 633619.0], [0.13834, 758804.0], [0.13833, 1152907.0], [0.13832, 780798.0], [0.13831, 750246.0], [0.1383, 666497.0], [0.13829, 486837.0], [0.13828, 476647.0], [0.13827, 1175796.0], [0.13826, 1457480.0]], "asks": [[0.13846, 106080.0], [0.13847, 162512.0], [0.13848, 450359.0], [0.13849, 841414.0], [0.1385, 1076717.0], [0.13851, 623262.0], [0.13852, 1018461.0], [0.13853, 429167.0], [0.13854, 336542.0], [0.13855, 483078.0], [0.13856, 758786.0], [0.13857, 582641.0], [0.13858, 634078.0], [0.13859, 293026.0], [0.1386, 332238.0], [0.13861, 667059.0], [0.13862, 379486.0], [0.13863, 302431.0], [0.13864, 498386.0], [0.13865, 786536.0]], "timestamp": "2025-12-13T09:08:37.413681+00:00"}, {"symbol": "DOGEUSDT", "bids": [[0.13847, 339563.0], [0.13846, 470515.0], [0.13845, 655227.0], [0.13844, 826060.0], [0.13843, 708882.0], [0.13842, 634636.0], [0.13841, 216320.0], [0.1384, 413035.0], [0.13839, 319241.0], [0.13838, 570238.0], [0.13837, 470059.0], [0.13836, 1085478.0], [0.13835, 404270.0], [0.13834, 730050.0], [0.13833, 354992.0], [0.13832, 773858.0], [0.13831, 620517.0], [0.1383, 558214.0], [0.13829, 612160.0], [0.13828, 1190481.0]], "asks": [[0.13848, 109397.0], [0.13849, 217671.0], [0.1385, 296726.0], [0.13851, 388335.0], [0.13852, 1052902.0], [0.13853, 496192.0], [0.13854, 497782.0], [0.13855, 512863.0], [0.13856, 623249.0], [0.13857, 623060.0], [0.13858, 650799.0], [0.13859, 387347.0], [0.1386, 442567.0], [0.13861, 416647.0], [0.13862, 258361.0], [0.13863, 305330.0], [0.13864, 682753.0], [0.13865, 804881.0], [0.13866, 637531.0], [0.13867, 397046.0]], "timestamp": "2025-12-13T09:09:31.378802+00:00"}, {"symbol": "DOGEUSDT", "bids": [[0.13848, 140699.0], [0.13847, 235645.0], [0.13846, 762121.0], [0.13845, 319723.0], [0.13844, 540915.0], [0.13843, 807674.0], [0.13842, 436759.0], [0.13841, 406193.0], [0.1384, 465267.0], [0.13839, 222577.0], [0.13838, 478335.0], [0.13837, 1013683.0], [0.13836, 415436.0], [0.13835, 636281.0], [0.13834, 726695.0], [0.13833, 410436.0], [0.13832, 665781.0], [0.13831, 583065.0], [0.1383, 516205.0], [0.13829, 1233515.0]], "asks": [[0.13849, 114589.0], [0.1385, 166304.0], [0.13851, 406482.0], [0.13852, 816413.0], [0.13853, 621153.0], [0.13854, 502317.0], [0.13855, 447621.0], [0.13856, 432379.0], [0.13857, 418119.0], [0.13858, 677250.0], [0.13859, 600423.0], [0.1386, 431727.0], [0.13861, 430171.0], [0.13862, 304736.0], [0.13863, 281846.0], [0.13864, 584996.0], [0.13865, 776114.0], [0.13866, 673226.0], [0.13867, 607447.0], [0.13868, 1521274.0]], "timestamp": "2025-12-13T09:10:25.599977+00:00"}, {"symbol": "DOGEUSDT", "bids": [[0.13846, 248159.0], [0.13845, 219364.0], [0.13844, 294293.0], [0.13843, 514894.0], [0.13842, 364561.0], [0.13841, 573568.0], [0.1384, 716697.0], [0.13839, 404633.0], [0.13838, 501985.0], [0.13837, 370951.0], [0.13836, 1132562.0], [0.13835, 536419.0], [0.13834, 719520.0], [0.13833, 363817.0], [0.13832, 665470.0], [0.13831, 695142.0], [0.1383, 423230.0], [0.13829, 542540.0], [0.13828, 625401.0], [0.13827, 1765445.0]], "asks": [[0.13847, 93893.0], [0.13848, 193893.0], [0.13849, 293523.0], [0.1385, 321472.0], [0.13851, 850576.0], [0.13852, 875019.0], [0.13853, 442770.0], [0.13854, 426268.0], [0.13855, 486314.0], [0.13856, 498604.0], [0.13857, 594121.0], [0.13858, 671066.0], [0.13859, 371791.0], [0.1386, 339326.0], [0.13861, 372902.0], [0.13862, 256517.0], [0.13863, 303955.0], [0.13864, 682167.0], [0.13865, 813854.0], [0.13866, 668503.0]], "timestamp": "2025-12-13T09:11:19.923921+00:00"}, {"symbol": "DOGEUSDT", "bids": [[0.13845, 218978.0], [0.13844, 101157.0], [0.13843, 288662.0], [0.13842, 205609.0], [0.13841, 476420.0], [0.1384, 896048.0], [0.13839, 467676.0], [0.13838, 383234.0], [0.13837, 323335.0], [0.13836, 408051.0], [0.13835, 641830.0], [0.13834, 620267.0], [0.13833, 475625.0], [0.13832, 1433359.0], [0.13831, 449259.0], [0.1383, 534029.0], [0.13829, 542301.0], [0.13828, 588005.0], [0.13827, 1825693.0], [0.13826, 728237.0]], "asks": [[0.13846, 228901.0], [0.13847, 265056.0], [0.13848, 345080.0], [0.13849, 506878.0], [0.1385, 440246.0], [0.13851, 733130.0], [0.13852, 882487.0], [0.13853, 391073.0], [0.13854, 366225.0], [0.13855, 682135.0], [0.13856, 510258.0], [0.13857, 471846.0], [0.13858, 634503.0], [0.13859, 305433.0], [0.1386, 604852.0], [0.13861, 667675.0], [0.13862, 385104.0], [0.13863, 329195.0], [0.13864, 521985.0], [0.13865, 615016.0]], "timestamp": "2025-12-13T09:12:14.209820+00:00"}, {"symbol": "DOGEUSDT", "bids": [[0.13856, 59554.0], [0.13855, 134919.0], [0.13854, 380451.0], [0.13853, 620041.0], [0.13852, 770473.0], [0.13851, 701760.0], [0.1385, 549498.0], [0.13849, 741721.0], [0.13848, 522949.0], [0.13847, 760176.0], [0.13846, 440865.0], [0.13845, 217212.0], [0.13844, 397739.0], [0.13843, 1143904.0], [0.13842, 486035.0], [0.13841, 739580.0], [0.1384, 753892.0], [0.13839, 236776.0], [0.13838, 584730.0], [0.13837, 447743.0]], "asks": [[0.13857, 319431.0], [0.13858, 128575.0], [0.13859, 295236.0], [0.1386, 391925.0], [0.13861, 581686.0], [0.13862, 596045.0], [0.13863, 294408.0], [0.13864, 379347.0], [0.13865, 507246.0], [0.13866, 404076.0], [0.13867, 234817.0], [0.13868, 623820.0], [0.13869, 329869.0], [0.1387, 455215.0], [0.13871, 309199.0], [0.13872, 842325.0], [0.13873, 1595079.0], [0.13874, 572597.0], [0.13875, 478135.0], [0.13876, 656610.0]], "timestamp": "2025-12-13T09:13:07.752684+00:00"}, {"symbol": "DOGEUSDT", "bids": [[0.13851, 201908.0], [0.1385, 457699.0], [0.13849, 334860.0], [0.13848, 266489.0], [0.13847, 587035.0], [0.13846, 653037.0], [0.13845, 463568.0], [0.13844, 328667.0], [0.13843, 387983.0], [0.13842, 365762.0], [0.13841, 410572.0], [0.1384, 620035.0], [0.13839, 597047.0], [0.13838, 1253727.0], [0.13837, 638160.0], [0.13836, 684272.0], [0.13835, 532559.0], [0.13834, 483352.0], [0.13833, 253399.0], [0.13832, 359723.0]], "asks": [[0.13852, 146863.0], [0.13853, 240257.0], [0.13854, 424374.0], [0.13855, 716479.0], [0.13856, 749538.0], [0.13857, 669318.0], [0.13858, 319716.0], [0.13859, 392883.0], [0.1386, 771261.0], [0.13861, 494443.0], [0.13862, 480580.0], [0.13863, 300070.0], [0.13864, 376485.0], [0.13865, 768802.0], [0.13866, 382041.0], [0.13867, 443570.0], [0.13868, 426343.0], [0.13869, 314510.0], [0.1387, 744029.0], [0.13871, 342091.0]], "timestamp": "2025-12-13T09:14:02.026857+00:00"}, {"symbol": "DOGEUSDT", "bids": [[0.13839, 508042.0], [0.13838, 271884.0], [0.13837, 232724.0], [0.13836, 376916.0], [0.13835, 706466.0], [0.13834, 689493.0], [0.13833, 326325.0], [0.13832, 335627.0], [0.13831, 409132.0], [0.1383, 528840.0], [0.13829, 681188.0], [0.13828, 1356448.0], [0.13827, 859674.0], [0.13826, 326292.0], [0.13825, 399487.0], [0.13824, 412357.0], [0.13823, 628697.0], [0.13822, 1531781.0], [0.13821, 567199.0], [0.1382, 212058.0]], "asks": [[0.1384, 12151.0], [0.13841, 50459.0], [0.13842, 167805.0], [0.13843, 501226.0], [0.13844, 599182.0], [0.13845, 716533.0], [0.13846, 893984.0], [0.13847, 681236.0], [0.13848, 379041.0], [0.13849, 664919.0], [0.1385, 472394.0], [0.13851, 336631.0], [0.13852, 268577.0], [0.13853, 401290.0], [0.13854, 189940.0], [0.13855, 429494.0], [0.13856, 495536.0], [0.13857, 545051.0], [0.13858, 416245.0], [0.13859, 466022.0]], "timestamp": "2025-12-13T09:14:56.400382+00:00"}, {"symbol": "DOGEUSDT", "bids": [[0.13829, 46825.0], [0.13828, 83847.0], [0.13827, 140322.0], [0.13826, 281601.0], [0.13825, 622938.0], [0.13824, 399730.0], [0.13823, 559346.0], [0.13822, 627788.0], [0.13821, 196926.0], [0.1382, 270390.0], [0.13819, 425772.0], [0.13818, 441813.0], [0.13817, 618355.0], [0.13816, 1032001.0], [0.13815, 822307.0], [0.13814, 247174.0], [0.13813, 636373.0], [0.13812, 874036.0], [0.13811, 957366.0], [0.1381, 455692.0]], "asks": [[0.1383, 294456.0], [0.13831, 234405.0], [0.13832, 405862.0], [0.13833, 452632.0], [0.13834, 700750.0], [0.13835, 612836.0], [0.13836, 559257.0], [0.13837, 566754.0], [0.13838, 329477.0], [0.13839, 571271.0], [0.1384, 514382.0], [0.13841, 383848.0], [0.13842, 202520.0], [0.13843, 237047.0], [0.13844, 302811.0], [0.13845, 466458.0], [0.13846, 568168.0], [0.13847, 920150.0], [0.13848, 1080479.0], [0.13849, 993982.0]], "timestamp": "2025-12-13T09:15:50.161911+00:00"}, {"symbol": "DOGEUSDT", "bids": [[0.13832, 23856.0], [0.13831, 142119.0], [0.1383, 356837.0], [0.13829, 506171.0], [0.13828, 492606.0], [0.13827, 518918.0], [0.13826, 417501.0], [0.13825, 446516.0], [0.13824, 201239.0], [0.13823, 477110.0], [0.13822, 756380.0], [0.13821, 448874.0], [0.1382, 907308.0], [0.13819, 512048.0], [0.13818, 390185.0], [0.13817, 698070.0], [0.13816, 680249.0], [0.13815, 929763.0], [0.13814, 345458.0], [0.13813, 1380567.0]], "asks": [[0.13833, 161095.0], [0.13834, 151912.0], [0.13835, 301264.0], [0.13836, 372217.0], [0.13837, 707237.0], [0.13838, 380743.0], [0.13839, 801814.0], [0.1384, 523560.0], [0.13841, 654598.0], [0.13842, 317772.0], [0.13843, 288562.0], [0.13844, 438917.0], [0.13845, 450911.0], [0.13846, 480092.0], [0.13847, 921012.0], [0.13848, 1112968.0], [0.13849, 988998.0], [0.1385, 645218.0], [0.13851, 1064506.0], [0.13852, 820706.0]], "timestamp": "2025-12-13T09:16:44.541214+00:00"}, {"symbol": "DOGEUSDT", "bids": [[0.13829, 307511.0], [0.13828, 159234.0], [0.13827, 245465.0], [0.13826, 485838.0], [0.13825, 573909.0], [0.13824, 446204.0], [0.13823, 479046.0], [0.13822, 766135.0], [0.13821, 339513.0], [0.1382, 374172.0], [0.13819, 1034185.0], [0.13818, 307052.0], [0.13817, 532121.0], [0.13816, 550728.0], [0.13815, 835322.0], [0.13814, 379505.0], [0.13813, 794273.0], [0.13812, 654556.0], [0.13811, 336028.0], [0.1381, 1198243.0]], "asks": [[0.1383, 25581.0], [0.13831, 76232.0], [0.13832, 369148.0], [0.13833, 288526.0], [0.13834, 382172.0], [0.13835, 523516.0], [0.13836, 655398.0], [0.13837, 503841.0], [0.13838, 367512.0], [0.13839, 611289.0], [0.1384, 461066.0], [0.13841, 484319.0], [0.13842, 312582.0], [0.13843, 422675.0], [0.13844, 291329.0], [0.13845, 445868.0], [0.13846, 502481.0], [0.13847, 886349.0], [0.13848, 1023844.0], [0.13849, 961179.0]], "timestamp": "2025-12-13T09:17:38.194344+00:00"}, {"symbol": "DOGEUSDT", "bids": [[0.13834, 158826.0], [0.13833, 241387.0], [0.13832, 416684.0], [0.13831, 700690.0], [0.1383, 826933.0], [0.13829, 510656.0], [0.13828, 506027.0], [0.13827, 327222.0], [0.13826, 315437.0], [0.13825, 382129.0], [0.13824, 370138.0], [0.13823, 1060582.0], [0.13822, 790771.0], [0.13821, 257158.0], [0.1382, 321602.0], [0.13819, 865347.0], [0.13818, 471980.0], [0.13817, 540559.0], [0.13816, 798062.0], [0.13815, 369779.0]], "asks": [[0.13835, 18246.0], [0.13836, 85670.0], [0.13837, 252606.0], [0.13838, 452843.0], [0.13839, 783266.0], [0.1384, 456221.0], [0.13841, 461847.0], [0.13842, 288921.0], [0.13843, 349338.0], [0.13844, 359919.0], [0.13845, 860928.0], [0.13846, 549207.0], [0.13847, 523369.0], [0.13848, 256254.0], [0.13849, 404979.0], [0.1385, 446815.0], [0.13851, 309932.0], [0.13852, 580397.0], [0.13853, 583281.0], [0.13854, 630930.0]], "timestamp": "2025-12-13T09:18:31.444809+00:00"}, {"symbol": "DOGEUSDT", "bids": [[0.13837, 75681.0], [0.13836, 182927.0], [0.13835, 195187.0], [0.13834, 455021.0], [0.13833, 421723.0], [0.13832, 796385.0], [0.13831, 863318.0], [0.1383, 610322.0], [0.13829, 464314.0], [0.13828, 304388.0], [0.13827, 351956.0], [0.13826, 549174.0], [0.13825, 1092235.0], [0.13824, 382437.0], [0.13823, 405422.0], [0.13822, 689303.0], [0.13821, 448964.0], [0.1382, 505804.0], [0.13819, 1029679.0], [0.13818, 241570.0]], "asks": [[0.13838, 250709.0], [0.13839, 170840.0], [0.1384, 261789.0], [0.13841, 401783.0], [0.13842, 525794.0], [0.13843, 490433.0], [0.13844, 335698.0], [0.13845, 467093.0], [0.13846, 606632.0], [0.13847, 261149.0], [0.13848, 341350.0], [0.13849, 408430.0], [0.1385, 380891.0], [0.13851, 277812.0], [0.13852, 589973.0], [0.13853, 722973.0], [0.13854, 357549.0], [0.13855, 653397.0], [0.13856, 903862.0], [0.13857, 1093518.0]], "timestamp": "2025-12-13T09:19:24.831603+00:00"}, {"symbol": "DOGEUSDT", "bids": [[0.13839, 23608.0], [0.13838, 23788.0], [0.13837, 201632.0], [0.13836, 318406.0], [0.13835, 703943.0], [0.13834, 485872.0], [0.13833, 458408.0], [0.13832, 568490.0], [0.13831, 407684.0], [0.1383, 389594.0], [0.13829, 448001.0], [0.13828, 776837.0], [0.13827, 1009834.0], [0.13826, 241154.0], [0.13825, 486890.0], [0.13824, 357319.0], [0.13823, 746360.0], [0.13822, 1195713.0], [0.13821, 432607.0], [0.1382, 348314.0]], "asks": [[0.1384, 495991.0], [0.13841, 584050.0], [0.13842, 560719.0], [0.13843, 557669.0], [0.13844, 490449.0], [0.13845, 362598.0], [0.13846, 311268.0], [0.13847, 390363.0], [0.13848, 524586.0], [0.13849, 357789.0], [0.1385, 565420.0], [0.13851, 451266.0], [0.13852, 388323.0], [0.13853, 227502.0], [0.13854, 302848.0], [0.13855, 552524.0], [0.13856, 263169.0], [0.13857, 586115.0], [0.13858, 586491.0], [0.13859, 342679.0]], "timestamp": "2025-12-13T09:20:18.452762+00:00"}, {"symbol": "DOGEUSDT", "bids": [[0.13834, 101816.0], [0.13833, 110154.0], [0.13832, 195802.0], [0.13831, 354687.0], [0.1383, 633606.0], [0.13829, 656128.0], [0.13828, 448507.0], [0.13827, 532220.0], [0.13826, 466569.0], [0.13825, 373469.0], [0.13824, 261925.0], [0.13823, 524320.0], [0.13822, 1038051.0], [0.13821, 456569.0], [0.1382, 745167.0], [0.13819, 661402.0], [0.13818, 485359.0], [0.13817, 1022288.0], [0.13816, 776416.0], [0.13815, 379830.0]], "asks": [[0.13835, 89894.0], [0.13836, 172945.0], [0.13837, 290300.0], [0.13838, 458675.0], [0.13839, 817548.0], [0.1384, 728487.0], [0.13841, 698408.0], [0.13842, 758171.0], [0.13843, 287123.0], [0.13844, 391055.0], [0.13845, 343641.0], [0.13846, 353350.0], [0.13847, 500040.0], [0.13848, 688350.0], [0.13849, 541765.0], [0.1385, 614074.0], [0.13851, 415406.0], [0.13852, 593515.0], [0.13853, 233298.0], [0.13854, 409104.0]], "timestamp": "2025-12-13T09:21:13.042212+00:00"}, {"symbol": "DOGEUSDT", "bids": [[0.13829, 23665.0], [0.13828, 58088.0], [0.13827, 169623.0], [0.13826, 372225.0], [0.13825, 824411.0], [0.13824, 619595.0], [0.13823, 648494.0], [0.13822, 676207.0], [0.13821, 327958.0], [0.1382, 444775.0], [0.13819, 440464.0], [0.13818, 501706.0], [0.13817, 437707.0], [0.13816, 1086734.0], [0.13815, 926982.0], [0.13814, 460829.0], [0.13813, 572601.0], [0.13812, 881372.0], [0.13811, 1092745.0], [0.1381, 1013119.0]], "asks": [[0.1383, 444575.0], [0.13831, 377337.0], [0.13832, 440211.0], [0.13833, 731607.0], [0.13834, 655913.0], [0.13835, 366673.0], [0.13836, 480197.0], [0.13837, 524368.0], [0.13838, 424928.0], [0.13839, 453245.0], [0.1384, 429140.0], [0.13841, 378368.0], [0.13842, 596721.0], [0.13843, 326852.0], [0.13844, 164755.0], [0.13845, 327874.0], [0.13846, 790514.0], [0.13847, 864648.0], [0.13848, 831514.0], [0.13849, 513043.0]], "timestamp": "2025-12-13T09:22:07.817274+00:00"}, {"symbol": "DOGEUSDT", "bids": [[0.1383, 172470.0], [0.13829, 233682.0], [0.13828, 227494.0], [0.13827, 831137.0], [0.13826, 789278.0], [0.13825, 609934.0], [0.13824, 469591.0], [0.13823, 464862.0], [0.13822, 697919.0], [0.13821, 517457.0], [0.1382, 769291.0], [0.13819, 502721.0], [0.13818, 496880.0], [0.13817, 284796.0], [0.13816, 1485624.0], [0.13815, 1409786.0], [0.13814, 325368.0], [0.13813, 710609.0], [0.13812, 649778.0], [0.13811, 879521.0]], "asks": [[0.13831, 137209.0], [0.13832, 301639.0], [0.13833, 449317.0], [0.13834, 384491.0], [0.13835, 712373.0], [0.13836, 1852253.0], [0.13837, 504123.0], [0.13838, 362287.0], [0.13839, 357435.0], [0.1384, 213600.0], [0.13841, 275148.0], [0.13842, 576719.0], [0.13843, 367280.0], [0.13844, 168588.0], [0.13845, 346028.0], [0.13846, 603563.0], [0.13847, 892538.0], [0.13848, 709273.0], [0.13849, 491938.0], [0.1385, 536405.0]], "timestamp": "2025-12-13T09:23:02.499644+00:00"}, {"symbol": "DOGEUSDT", "bids": [[0.13832, 158072.0], [0.13831, 338298.0], [0.1383, 399982.0], [0.13829, 574660.0], [0.13828, 613073.0], [0.13827, 857177.0], [0.13826, 877688.0], [0.13825, 576925.0], [0.13824, 327586.0], [0.13823, 412838.0], [0.13822, 696563.0], [0.13821, 604113.0], [0.1382, 882704.0], [0.13819, 539225.0], [0.13818, 1230236.0], [0.13817, 283186.0], [0.13816, 485458.0], [0.13815, 579050.0], [0.13814, 513359.0], [0.13813, 1408265.0]], "asks": [[0.13833, 116650.0], [0.13834, 269377.0], [0.13835, 660932.0], [0.13836, 1618562.0], [0.13837, 369871.0], [0.13838, 414226.0], [0.13839, 571400.0], [0.1384, 219566.0], [0.13841, 263704.0], [0.13842, 536198.0], [0.13843, 367582.0], [0.13844, 342692.0], [0.13845, 384383.0], [0.13846, 548893.0], [0.13847, 958808.0], [0.13848, 589169.0], [0.13849, 474962.0], [0.1385, 465765.0], [0.13851, 425046.0], [0.13852, 801171.0]], "timestamp": "2025-12-13T09:23:57.491358+00:00"}, {"symbol": "DOGEUSDT", "bids": [[0.13831, 225419.0], [0.1383, 324208.0], [0.13829, 294345.0], [0.13828, 380874.0], [0.13827, 617868.0], [0.13826, 922952.0], [0.13825, 745213.0], [0.13824, 384667.0], [0.13823, 518048.0], [0.13822, 766742.0], [0.13821, 387850.0], [0.1382, 478470.0], [0.13819, 1352833.0], [0.13818, 375924.0], [0.13817, 456888.0], [0.13816, 949154.0], [0.13815, 578596.0], [0.13814, 325779.0], [0.13813, 699410.0], [0.13812, 704162.0]], "asks": [[0.13832, 121629.0], [0.13833, 131895.0], [0.13834, 238074.0], [0.13835, 690290.0], [0.13836, 1707898.0], [0.13837, 353839.0], [0.13838, 440561.0], [0.13839, 569539.0], [0.1384, 318857.0], [0.13841, 306729.0], [0.13842, 605594.0], [0.13843, 424960.0], [0.13844, 289247.0], [0.13845, 286958.0], [0.13846, 355618.0], [0.13847, 798464.0], [0.13848, 348529.0], [0.13849, 375084.0], [0.1385, 400815.0], [0.13851, 407161.0]], "timestamp": "2025-12-13T09:24:52.478844+00:00"}, {"symbol": "DOGEUSDT", "bids": [[0.13826, 13754.0], [0.13825, 79747.0], [0.13824, 209448.0], [0.13823, 534354.0], [0.13822, 663350.0], [0.13821, 627036.0], [0.1382, 497468.0], [0.13819, 684775.0], [0.13818, 720495.0], [0.13817, 494809.0], [0.13816, 530933.0], [0.13815, 520871.0], [0.13814, 554384.0], [0.13813, 603583.0], [0.13812, 1249252.0], [0.13811, 693595.0], [0.1381, 342422.0], [0.13809, 990298.0], [0.13808, 699184.0], [0.13807, 537135.0]], "asks": [[0.13827, 459217.0], [0.13828, 229643.0], [0.13829, 465450.0], [0.1383, 664446.0], [0.13831, 782040.0], [0.13832, 513143.0], [0.13833, 297954.0], [0.13834, 463927.0], [0.13835, 748656.0], [0.13836, 1703492.0], [0.13837, 242381.0], [0.13838, 480551.0], [0.13839, 371124.0], [0.1384, 509688.0], [0.13841, 589098.0], [0.13842, 1178850.0], [0.13843, 628477.0], [0.13844, 305937.0], [0.13845, 308246.0], [0.13846, 465441.0]], "timestamp": "2025-12-13T09:25:47.263159+00:00"}, {"symbol": "DOGEUSDT", "bids": [[0.13829, 127951.0], [0.13828, 237899.0], [0.13827, 370570.0], [0.13826, 634206.0], [0.13825, 1056440.0], [0.13824, 835411.0], [0.13823, 498177.0], [0.13822, 666895.0], [0.13821, 351261.0], [0.1382, 295006.0], [0.13819, 582266.0], [0.13818, 683665.0], [0.13817, 1502923.0], [0.13816, 436608.0], [0.13815, 692193.0], [0.13814, 509295.0], [0.13813, 465306.0], [0.13812, 662144.0], [0.13811, 192514.0], [0.1381, 480324.0]], "asks": [[0.1383, 134685.0], [0.13831, 235899.0], [0.13832, 330505.0], [0.13833, 408739.0], [0.13834, 592546.0], [0.13835, 901986.0], [0.13836, 1813082.0], [0.13837, 256170.0], [0.13838, 403690.0], [0.13839, 453668.0], [0.1384, 655910.0], [0.13841, 565420.0], [0.13842, 843343.0], [0.13843, 565060.0], [0.13844, 314213.0], [0.13845, 291983.0], [0.13846, 341945.0], [0.13847, 498687.0], [0.13848, 421318.0], [0.13849, 558599.0]], "timestamp": "2025-12-13T09:26:41.842800+00:00"}, {"symbol": "DOGEUSDT", "bids": [[0.13827, 41114.0], [0.13826, 44710.0], [0.13825, 523142.0], [0.13824, 695607.0], [0.13823, 486415.0], [0.13822, 753478.0], [0.13821, 462011.0], [0.1382, 300842.0], [0.13819, 486402.0], [0.13818, 545423.0], [0.13817, 599817.0], [0.13816, 644122.0], [0.13815, 889530.0], [0.13814, 493040.0], [0.13813, 1268682.0], [0.13812, 791599.0], [0.13811, 192514.0], [0.1381, 551588.0], [0.13809, 1411323.0], [0.13808, 499662.0]], "asks": [[0.13828, 250049.0], [0.13829, 308621.0], [0.1383, 338158.0], [0.13831, 270380.0], [0.13832, 570424.0], [0.13833, 416334.0], [0.13834, 503611.0], [0.13835, 556320.0], [0.13836, 259246.0], [0.13837, 256513.0], [0.13838, 430057.0], [0.13839, 415831.0], [0.1384, 554800.0], [0.13841, 464565.0], [0.13842, 752595.0], [0.13843, 552035.0], [0.13844, 305421.0], [0.13845, 250796.0], [0.13846, 353440.0], [0.13847, 628202.0]], "timestamp": "2025-12-13T09:27:36.427825+00:00"}, {"symbol": "DOGEUSDT", "bids": [[0.13827, 123668.0], [0.13826, 88427.0], [0.13825, 624405.0], [0.13824, 622069.0], [0.13823, 494665.0], [0.13822, 802738.0], [0.13821, 460747.0], [0.1382, 356573.0], [0.13819, 475956.0], [0.13818, 562507.0], [0.13817, 619831.0], [0.13816, 673159.0], [0.13815, 866093.0], [0.13814, 499648.0], [0.13813, 1253343.0], [0.13812, 792101.0], [0.13811, 192471.0], [0.1381, 317994.0], [0.13809, 663667.0], [0.13808, 615869.0]], "asks": [[0.13828, 306487.0], [0.13829, 166528.0], [0.1383, 371159.0], [0.13831, 233047.0], [0.13832, 551497.0], [0.13833, 431980.0], [0.13834, 533768.0], [0.13835, 590612.0], [0.13836, 261345.0], [0.13837, 318039.0], [0.13838, 498147.0], [0.13839, 396399.0], [0.1384, 368257.0], [0.13841, 393650.0], [0.13842, 623010.0], [0.13843, 500624.0], [0.13844, 314373.0], [0.13845, 262939.0], [0.13846, 435162.0], [0.13847, 677960.0]], "timestamp": "2025-12-13T09:28:30.508004+00:00"}, {"symbol": "DOGEUSDT", "bids": [[0.13818, 75679.0], [0.13817, 72516.0], [0.13816, 275791.0], [0.13815, 472572.0], [0.13814, 735442.0], [0.13813, 696988.0], [0.13812, 580419.0], [0.13811, 410197.0], [0.1381, 695378.0], [0.13809, 628315.0], [0.13808, 647506.0], [0.13807, 920800.0], [0.13806, 467707.0], [0.13805, 274588.0], [0.13804, 626381.0], [0.13803, 1487288.0], [0.13802, 551387.0], [0.13801, 1050969.0], [0.138, 1115362.0], [0.13799, 1506312.0]], "asks": [[0.13819, 414013.0], [0.1382, 163760.0], [0.13821, 617018.0], [0.13822, 1674390.0], [0.13823, 568144.0], [0.13824, 555877.0], [0.13825, 614431.0], [0.13826, 809762.0], [0.13827, 451507.0], [0.13828, 264999.0], [0.13829, 518978.0], [0.1383, 472287.0], [0.13831, 186678.0], [0.13832, 437660.0], [0.13833, 269152.0], [0.13834, 520627.0], [0.13835, 757045.0], [0.13836, 390040.0], [0.13837, 1067532.0], [0.13838, 995146.0]], "timestamp": "2025-12-13T09:29:24.725214+00:00"}, {"symbol": "DOGEUSDT", "bids": [[0.13823, 342177.0], [0.13822, 403683.0], [0.13821, 537851.0], [0.1382, 715435.0], [0.13819, 958327.0], [0.13818, 470873.0], [0.13817, 428076.0], [0.13816, 360880.0], [0.13815, 391355.0], [0.13814, 883399.0], [0.13813, 1621853.0], [0.13812, 489546.0], [0.13811, 850508.0], [0.1381, 374454.0], [0.13809, 399144.0], [0.13808, 582063.0], [0.13807, 321733.0], [0.13806, 282485.0], [0.13805, 268287.0], [0.13804, 589259.0]], "asks": [[0.13824, 15836.0], [0.13825, 84433.0], [0.13826, 309341.0], [0.13827, 224497.0], [0.13828, 316842.0], [0.13829, 638210.0], [0.1383, 443816.0], [0.13831, 300445.0], [0.13832, 420274.0], [0.13833, 357945.0], [0.13834, 344922.0], [0.13835, 383380.0], [0.13836, 365260.0], [0.13837, 852122.0], [0.13838, 666775.0], [0.13839, 370591.0], [0.1384, 438352.0], [0.13841, 365593.0], [0.13842, 763545.0], [0.13843, 303788.0]], "timestamp": "2025-12-13T09:30:18.244382+00:00"}, {"symbol": "DOGEUSDT", "bids": [[0.13825, 162108.0], [0.13824, 332116.0], [0.13823, 396254.0], [0.13822, 728045.0], [0.13821, 991229.0], [0.1382, 859070.0], [0.13819, 527148.0], [0.13818, 615123.0], [0.13817, 514743.0], [0.13816, 315938.0], [0.13815, 427367.0], [0.13814, 585272.0], [0.13813, 699050.0], [0.13812, 1380895.0], [0.13811, 776714.0], [0.1381, 418417.0], [0.13809, 533305.0], [0.13808, 586644.0], [0.13807, 459798.0], [0.13806, 928161.0]], "asks": [[0.13826, 58662.0], [0.13827, 449079.0], [0.13828, 352594.0], [0.13829, 246246.0], [0.1383, 482162.0], [0.13831, 426985.0], [0.13832, 499756.0], [0.13833, 247481.0], [0.13834, 371384.0], [0.13835, 434030.0], [0.13836, 435347.0], [0.13837, 709414.0], [0.13838, 654181.0], [0.13839, 432659.0], [0.1384, 251293.0], [0.13841, 611852.0], [0.13842, 938405.0], [0.13843, 942075.0], [0.13844, 235980.0], [0.13845, 565182.0]], "timestamp": "2025-12-13T09:31:12.182135+00:00"}, {"symbol": "DOGEUSDT", "bids": [[0.13824, 295430.0], [0.13823, 232052.0], [0.13822, 309771.0], [0.13821, 611523.0], [0.1382, 978770.0], [0.13819, 603351.0], [0.13818, 598530.0], [0.13817, 496321.0], [0.13816, 322459.0], [0.13815, 357560.0], [0.13814, 670429.0], [0.13813, 740194.0], [0.13812, 827920.0], [0.13811, 1532510.0], [0.1381, 446032.0], [0.13809, 535034.0], [0.13808, 477974.0], [0.13807, 441729.0], [0.13806, 1020798.0], [0.13805, 1045645.0]], "asks": [[0.13825, 222256.0], [0.13826, 249264.0], [0.13827, 342364.0], [0.13828, 470752.0], [0.13829, 559341.0], [0.1383, 518045.0], [0.13831, 362553.0], [0.13832, 479266.0], [0.13833, 335668.0], [0.13834, 368100.0], [0.13835, 379914.0], [0.13836, 394690.0], [0.13837, 213863.0], [0.13838, 361910.0], [0.13839, 257125.0], [0.1384, 265168.0], [0.13841, 693222.0], [0.13842, 701181.0], [0.13843, 248638.0], [0.13844, 374492.0]], "timestamp": "2025-12-13T09:32:05.352179+00:00"}, {"symbol": "DOGEUSDT", "bids": [[0.13818, 72042.0], [0.13817, 134444.0], [0.13816, 172850.0], [0.13815, 481319.0], [0.13814, 836733.0], [0.13813, 893911.0], [0.13812, 568770.0], [0.13811, 331837.0], [0.1381, 562777.0], [0.13809, 459076.0], [0.13808, 467618.0], [0.13807, 898498.0], [0.13806, 774651.0], [0.13805, 1102796.0], [0.13804, 570645.0], [0.13803, 1028355.0], [0.13802, 1030134.0], [0.13801, 485339.0], [0.138, 1643820.0], [0.13799, 764080.0]], "asks": [[0.13819, 583390.0], [0.1382, 332336.0], [0.13821, 387284.0], [0.13822, 559947.0], [0.13823, 575971.0], [0.13824, 493516.0], [0.13825, 392843.0], [0.13826, 682814.0], [0.13827, 591519.0], [0.13828, 468076.0], [0.13829, 372098.0], [0.1383, 567163.0], [0.13831, 352408.0], [0.13832, 385526.0], [0.13833, 522446.0], [0.13834, 564325.0], [0.13835, 350169.0], [0.13836, 251146.0], [0.13837, 704556.0], [0.13838, 344503.0]], "timestamp": "2025-12-13T09:32:58.986699+00:00"}, {"symbol": "DOGEUSDT", "bids": [[0.13816, 485928.0], [0.13815, 482141.0], [0.13814, 423196.0], [0.13813, 531724.0], [0.13812, 480199.0], [0.13811, 417535.0], [0.1381, 470403.0], [0.13809, 465389.0], [0.13808, 528755.0], [0.13807, 441438.0], [0.13806, 396589.0], [0.13805, 491599.0], [0.13804, 1211654.0], [0.13803, 496299.0], [0.13802, 468106.0], [0.13801, 732630.0], [0.138, 1030354.0], [0.13799, 803859.0], [0.13798, 400594.0], [0.13797, 550291.0]], "asks": [[0.13817, 25153.0], [0.13818, 180411.0], [0.13819, 460145.0], [0.1382, 579771.0], [0.13821, 618651.0], [0.13822, 370564.0], [0.13823, 406726.0], [0.13824, 392338.0], [0.13825, 311272.0], [0.13826, 555212.0], [0.13827, 353779.0], [0.13828, 495260.0], [0.13829, 505753.0], [0.1383, 734023.0], [0.13831, 540359.0], [0.13832, 1057122.0], [0.13833, 674877.0], [0.13834, 624271.0], [0.13835, 331020.0], [0.13836, 394294.0]], "timestamp": "2025-12-13T09:33:53.154416+00:00"}, {"symbol": "DOGEUSDT", "bids": [[0.1382, 254068.0], [0.13819, 317422.0], [0.13818, 344581.0], [0.13817, 477298.0], [0.13816, 1011392.0], [0.13815, 578602.0], [0.13814, 424474.0], [0.13813, 331105.0], [0.13812, 438197.0], [0.13811, 396718.0], [0.1381, 463289.0], [0.13809, 439041.0], [0.13808, 899362.0], [0.13807, 1367513.0], [0.13806, 390148.0], [0.13805, 358119.0], [0.13804, 399513.0], [0.13803, 448321.0], [0.13802, 1104974.0], [0.13801, 831194.0]], "asks": [[0.13821, 53661.0], [0.13822, 158429.0], [0.13823, 331759.0], [0.13824, 732048.0], [0.13825, 742135.0], [0.13826, 590859.0], [0.13827, 317122.0], [0.13828, 310015.0], [0.13829, 388613.0], [0.1383, 503880.0], [0.13831, 245203.0], [0.13832, 416240.0], [0.13833, 568935.0], [0.13834, 377054.0], [0.13835, 410058.0], [0.13836, 480030.0], [0.13837, 568126.0], [0.13838, 449870.0], [0.13839, 455206.0], [0.1384, 542727.0]], "timestamp": "2025-12-13T09:34:47.020035+00:00"}, {"symbol": "DOGEUSDT", "bids": [[0.13824, 445125.0], [0.13823, 398108.0], [0.13822, 424295.0], [0.13821, 323864.0], [0.1382, 502345.0], [0.13819, 547815.0], [0.13818, 596414.0], [0.13817, 762009.0], [0.13816, 646190.0], [0.13815, 185116.0], [0.13814, 444424.0], [0.13813, 433945.0], [0.13812, 662323.0], [0.13811, 952081.0], [0.1381, 265141.0], [0.13809, 388698.0], [0.13808, 947549.0], [0.13807, 529783.0], [0.13806, 632560.0], [0.13805, 960414.0]], "asks": [[0.13825, 4661.0], [0.13826, 130200.0], [0.13827, 184021.0], [0.13828, 219342.0], [0.13829, 697442.0], [0.1383, 686898.0], [0.13831, 284106.0], [0.13832, 530289.0], [0.13833, 349777.0], [0.13834, 412308.0], [0.13835, 405732.0], [0.13836, 421191.0], [0.13837, 465921.0], [0.13838, 988207.0], [0.13839, 377718.0], [0.1384, 630589.0], [0.13841, 669889.0], [0.13842, 1052330.0], [0.13843, 1307204.0], [0.13844, 978220.0]], "timestamp": "2025-12-13T09:35:40.355669+00:00"}, {"symbol": "DOGEUSDT", "bids": [[0.1383, 155138.0], [0.13829, 158465.0], [0.13828, 299628.0], [0.13827, 613508.0], [0.13826, 651203.0], [0.13825, 770960.0], [0.13824, 525036.0], [0.13823, 321879.0], [0.13822, 512207.0], [0.13821, 393646.0], [0.1382, 372350.0], [0.13819, 692558.0], [0.13818, 960402.0], [0.13817, 458798.0], [0.13816, 813955.0], [0.13815, 687583.0], [0.13814, 983996.0], [0.13813, 383071.0], [0.13812, 517014.0], [0.13811, 922561.0]], "asks": [[0.13831, 241483.0], [0.13832, 339830.0], [0.13833, 222461.0], [0.13834, 404319.0], [0.13835, 586841.0], [0.13836, 417202.0], [0.13837, 502190.0], [0.13838, 404474.0], [0.13839, 321493.0], [0.1384, 340183.0], [0.13841, 350368.0], [0.13842, 531075.0], [0.13843, 491184.0], [0.13844, 426803.0], [0.13845, 873284.0], [0.13846, 419375.0], [0.13847, 593151.0], [0.13848, 566749.0], [0.13849, 626124.0], [0.1385, 847336.0]], "timestamp": "2025-12-13T09:36:33.761224+00:00"}, {"symbol": "DOGEUSDT", "bids": [[0.13835, 260687.0], [0.13834, 350563.0], [0.13833, 563349.0], [0.13832, 388575.0], [0.13831, 643515.0], [0.1383, 413274.0], [0.13829, 427879.0], [0.13828, 408555.0], [0.13827, 486408.0], [0.13826, 561774.0], [0.13825, 457746.0], [0.13824, 374028.0], [0.13823, 1114995.0], [0.13822, 576063.0], [0.13821, 876387.0], [0.1382, 670252.0], [0.13819, 429785.0], [0.13818, 233636.0], [0.13817, 455291.0], [0.13816, 318800.0]], "asks": [[0.13836, 105856.0], [0.13837, 122332.0], [0.13838, 352812.0], [0.13839, 189773.0], [0.1384, 276652.0], [0.13841, 444951.0], [0.13842, 636095.0], [0.13843, 534380.0], [0.13844, 363032.0], [0.13845, 280555.0], [0.13846, 540527.0], [0.13847, 465740.0], [0.13848, 489292.0], [0.13849, 1150084.0], [0.1385, 732836.0], [0.13851, 607243.0], [0.13852, 783954.0], [0.13853, 703989.0], [0.13854, 993785.0], [0.13855, 1489434.0]], "timestamp": "2025-12-13T09:37:26.990942+00:00"}, {"symbol": "DOGEUSDT", "bids": [[0.1384, 6738.0], [0.13839, 156454.0], [0.13838, 195069.0], [0.13837, 634553.0], [0.13836, 659654.0], [0.13835, 644150.0], [0.13834, 580902.0], [0.13833, 643038.0], [0.13832, 407085.0], [0.13831, 302793.0], [0.1383, 544338.0], [0.13829, 369215.0], [0.13828, 1261742.0], [0.13827, 786695.0], [0.13826, 441819.0], [0.13825, 590636.0], [0.13824, 285307.0], [0.13823, 554348.0], [0.13822, 1261474.0], [0.13821, 1002059.0]], "asks": [[0.13841, 398226.0], [0.13842, 422639.0], [0.13843, 346664.0], [0.13844, 407227.0], [0.13845, 529480.0], [0.13846, 624727.0], [0.13847, 626909.0], [0.13848, 447240.0], [0.13849, 343018.0], [0.1385, 410247.0], [0.13851, 321797.0], [0.13852, 380056.0], [0.13853, 381647.0], [0.13854, 373976.0], [0.13855, 1049367.0], [0.13856, 364533.0], [0.13857, 489925.0], [0.13858, 571656.0], [0.13859, 716398.0], [0.1386, 1089256.0]], "timestamp": "2025-12-13T09:38:20.424265+00:00"}, {"symbol": "DOGEUSDT", "bids": [[0.13839, 13037.0], [0.13838, 157665.0], [0.13837, 356267.0], [0.13836, 694062.0], [0.13835, 554057.0], [0.13834, 646306.0], [0.13833, 369820.0], [0.13832, 381679.0], [0.13831, 335029.0], [0.1383, 631447.0], [0.13829, 303476.0], [0.13828, 385161.0], [0.13827, 986042.0], [0.13826, 389319.0], [0.13825, 637047.0], [0.13824, 288980.0], [0.13823, 563470.0], [0.13822, 1233586.0], [0.13821, 1005128.0], [0.1382, 568642.0]], "asks": [[0.1384, 511875.0], [0.13841, 451765.0], [0.13842, 543857.0], [0.13843, 280305.0], [0.13844, 682817.0], [0.13845, 545422.0], [0.13846, 450630.0], [0.13847, 339228.0], [0.13848, 480288.0], [0.13849, 358464.0], [0.1385, 468528.0], [0.13851, 464847.0], [0.13852, 423624.0], [0.13853, 347014.0], [0.13854, 312288.0], [0.13855, 666441.0], [0.13856, 391695.0], [0.13857, 461452.0], [0.13858, 511325.0], [0.13859, 443997.0]], "timestamp": "2025-12-13T09:39:13.775719+00:00"}, {"symbol": "DOGEUSDT", "bids": [[0.13839, 339942.0], [0.13838, 181076.0], [0.13837, 366823.0], [0.13836, 503355.0], [0.13835, 617353.0], [0.13834, 730638.0], [0.13833, 513532.0], [0.13832, 341018.0], [0.13831, 398285.0], [0.1383, 677395.0], [0.13829, 510088.0], [0.13828, 1068003.0], [0.13827, 978551.0], [0.13826, 386097.0], [0.13825, 578648.0], [0.13824, 211869.0], [0.13823, 380565.0], [0.13822, 511553.0], [0.13821, 1088398.0], [0.1382, 1290767.0]], "asks": [[0.1384, 91397.0], [0.13841, 79221.0], [0.13842, 218673.0], [0.13843, 348213.0], [0.13844, 925518.0], [0.13845, 504196.0], [0.13846, 556471.0], [0.13847, 317631.0], [0.13848, 456366.0], [0.13849, 339946.0], [0.1385, 503746.0], [0.13851, 533685.0], [0.13852, 390595.0], [0.13853, 455122.0], [0.13854, 988161.0], [0.13855, 921536.0], [0.13856, 376647.0], [0.13857, 452062.0], [0.13858, 534571.0], [0.13859, 439220.0]], "timestamp": "2025-12-13T09:40:07.778877+00:00"}, {"symbol": "DOGEUSDT", "bids": [[0.13842, 40596.0], [0.13841, 86743.0], [0.1384, 237929.0], [0.13839, 213254.0], [0.13838, 385321.0], [0.13837, 713893.0], [0.13836, 473698.0], [0.13835, 697876.0], [0.13834, 568384.0], [0.13833, 386997.0], [0.13832, 308469.0], [0.13831, 335111.0], [0.1383, 1443194.0], [0.13829, 526984.0], [0.13828, 380261.0], [0.13827, 733510.0], [0.13826, 389573.0], [0.13825, 681887.0], [0.13824, 273255.0], [0.13823, 333026.0]], "asks": [[0.13843, 429853.0], [0.13844, 630698.0], [0.13845, 340450.0], [0.13846, 386301.0], [0.13847, 753258.0], [0.13848, 570961.0], [0.13849, 567747.0], [0.1385, 510771.0], [0.13851, 464428.0], [0.13852, 470904.0], [0.13853, 568555.0], [0.13854, 404400.0], [0.13855, 498381.0], [0.13856, 402628.0], [0.13857, 1044890.0], [0.13858, 449872.0], [0.13859, 685509.0], [0.1386, 1026197.0], [0.13861, 1238305.0], [0.13862, 760673.0]], "timestamp": "2025-12-13T09:41:01.706388+00:00"}, {"symbol": "DOGEUSDT", "bids": [[0.13841, 608923.0], [0.1384, 191098.0], [0.13839, 292737.0], [0.13838, 341440.0], [0.13837, 564874.0], [0.13836, 486000.0], [0.13835, 875977.0], [0.13834, 523179.0], [0.13833, 355989.0], [0.13832, 322923.0], [0.13831, 449066.0], [0.1383, 619364.0], [0.13829, 366272.0], [0.13828, 1331115.0], [0.13827, 732738.0], [0.13826, 388229.0], [0.13825, 550522.0], [0.13824, 295002.0], [0.13823, 447708.0], [0.13822, 536453.0]], "asks": [[0.13842, 15224.0], [0.13843, 184242.0], [0.13844, 542792.0], [0.13845, 378549.0], [0.13846, 555484.0], [0.13847, 517941.0], [0.13848, 688859.0], [0.13849, 499200.0], [0.1385, 437565.0], [0.13851, 360554.0], [0.13852, 365303.0], [0.13853, 586048.0], [0.13854, 335794.0], [0.13855, 1369798.0], [0.13856, 257471.0], [0.13857, 371636.0], [0.13858, 465934.0], [0.13859, 462457.0], [0.1386, 1115611.0], [0.13861, 1263170.0]], "timestamp": "2025-12-13T09:41:55.774271+00:00"}, {"symbol": "DOGEUSDT", "bids": [[0.13839, 224128.0], [0.13838, 182970.0], [0.13837, 307576.0], [0.13836, 385957.0], [0.13835, 901552.0], [0.13834, 513115.0], [0.13833, 509694.0], [0.13832, 476410.0], [0.13831, 323806.0], [0.1383, 606732.0], [0.13829, 438643.0], [0.13828, 1316560.0], [0.13827, 864668.0], [0.13826, 388129.0], [0.13825, 563993.0], [0.13824, 292856.0], [0.13823, 444950.0], [0.13822, 609830.0], [0.13821, 1702213.0], [0.1382, 520416.0]], "asks": [[0.1384, 28491.0], [0.13841, 241319.0], [0.13842, 404435.0], [0.13843, 686244.0], [0.13844, 945805.0], [0.13845, 425927.0], [0.13846, 420857.0], [0.13847, 322351.0], [0.13848, 481504.0], [0.13849, 324730.0], [0.1385, 471923.0], [0.13851, 620314.0], [0.13852, 1094565.0], [0.13853, 320077.0], [0.13854, 341640.0], [0.13855, 945306.0], [0.13856, 253986.0], [0.13857, 373170.0], [0.13858, 570240.0], [0.13859, 457803.0]], "timestamp": "2025-12-13T09:42:49.739775+00:00"}, {"symbol": "DOGEUSDT", "bids": [[0.13839, 405817.0], [0.13838, 414536.0], [0.13837, 377459.0], [0.13836, 412342.0], [0.13835, 930947.0], [0.13834, 489512.0], [0.13833, 593852.0], [0.13832, 321817.0], [0.13831, 328038.0], [0.1383, 522253.0], [0.13829, 454246.0], [0.13828, 1218217.0], [0.13827, 769955.0], [0.13826, 690699.0], [0.13825, 280034.0], [0.13824, 242284.0], [0.13823, 335256.0], [0.13822, 705592.0], [0.13821, 973002.0], [0.1382, 545410.0]], "asks": [[0.1384, 3426.0], [0.13841, 97543.0], [0.13842, 171813.0], [0.13843, 523073.0], [0.13844, 510627.0], [0.13845, 628882.0], [0.13846, 373564.0], [0.13847, 391224.0], [0.13848, 574306.0], [0.13849, 328293.0], [0.1385, 476032.0], [0.13851, 575116.0], [0.13852, 993063.0], [0.13853, 533295.0], [0.13854, 349653.0], [0.13855, 854009.0], [0.13856, 624509.0], [0.13857, 398177.0], [0.13858, 739089.0], [0.13859, 477131.0]], "timestamp": "2025-12-13T09:43:44.323951+00:00"}, {"symbol": "DOGEUSDT", "bids": [[0.13836, 53014.0], [0.13835, 113546.0], [0.13834, 225984.0], [0.13833, 421334.0], [0.13832, 334958.0], [0.13831, 661445.0], [0.1383, 425498.0], [0.13829, 338913.0], [0.13828, 662575.0], [0.13827, 302719.0], [0.13826, 1071480.0], [0.13825, 346252.0], [0.13824, 505245.0], [0.13823, 449979.0], [0.13822, 606812.0], [0.13821, 826282.0], [0.1382, 769575.0], [0.13819, 534368.0], [0.13818, 220070.0], [0.13817, 462194.0]], "asks": [[0.13837, 422936.0], [0.13838, 427179.0], [0.13839, 666120.0], [0.1384, 581703.0], [0.13841, 611621.0], [0.13842, 375057.0], [0.13843, 507107.0], [0.13844, 441760.0], [0.13845, 384306.0], [0.13846, 357812.0], [0.13847, 543920.0], [0.13848, 511687.0], [0.13849, 495053.0], [0.1385, 1222962.0], [0.13851, 316178.0], [0.13852, 326339.0], [0.13853, 443499.0], [0.13854, 365728.0], [0.13855, 851046.0], [0.13856, 806690.0]], "timestamp": "2025-12-13T09:44:38.184309+00:00"}, {"symbol": "DOGEUSDT", "bids": [[0.13836, 110480.0], [0.13835, 381971.0], [0.13834, 273045.0], [0.13833, 276397.0], [0.13832, 534939.0], [0.13831, 673138.0], [0.1383, 538351.0], [0.13829, 403533.0], [0.13828, 439176.0], [0.13827, 266059.0], [0.13826, 377536.0], [0.13825, 500208.0], [0.13824, 1255752.0], [0.13823, 389361.0], [0.13822, 717086.0], [0.13821, 853039.0], [0.1382, 580187.0], [0.13819, 262245.0], [0.13818, 350894.0], [0.13817, 457398.0]], "asks": [[0.13837, 227102.0], [0.13838, 325359.0], [0.13839, 375375.0], [0.1384, 394376.0], [0.13841, 571469.0], [0.13842, 630343.0], [0.13843, 642588.0], [0.13844, 561036.0], [0.13845, 535918.0], [0.13846, 505245.0], [0.13847, 773653.0], [0.13848, 496802.0], [0.13849, 434872.0], [0.1385, 1218460.0], [0.13851, 551353.0], [0.13852, 326916.0], [0.13853, 438357.0], [0.13854, 327936.0], [0.13855, 624985.0], [0.13856, 696470.0]], "timestamp": "2025-12-13T09:45:32.353151+00:00"}, {"symbol": "DOGEUSDT", "bids": [[0.13836, 232699.0], [0.13835, 683356.0], [0.13834, 391400.0], [0.13833, 202805.0], [0.13832, 583922.0], [0.13831, 512747.0], [0.1383, 609841.0], [0.13829, 375229.0], [0.13828, 460711.0], [0.13827, 287459.0], [0.13826, 361573.0], [0.13825, 1089611.0], [0.13824, 599718.0], [0.13823, 501361.0], [0.13822, 614234.0], [0.13821, 844533.0], [0.1382, 583076.0], [0.13819, 249321.0], [0.13818, 218889.0], [0.13817, 493587.0]], "asks": [[0.13837, 121710.0], [0.13838, 154565.0], [0.13839, 255352.0], [0.1384, 371335.0], [0.13841, 506395.0], [0.13842, 512876.0], [0.13843, 801585.0], [0.13844, 615767.0], [0.13845, 602568.0], [0.13846, 530148.0], [0.13847, 847041.0], [0.13848, 489019.0], [0.13849, 473980.0], [0.1385, 508164.0], [0.13851, 1194488.0], [0.13852, 300032.0], [0.13853, 484525.0], [0.13854, 318951.0], [0.13855, 905445.0], [0.13856, 1426111.0]], "timestamp": "2025-12-13T09:46:26.523175+00:00"}, {"symbol": "DOGEUSDT", "bids": [[0.13831, 89108.0], [0.1383, 60718.0], [0.13829, 178491.0], [0.13828, 253068.0], [0.13827, 403333.0], [0.13826, 757080.0], [0.13825, 422780.0], [0.13824, 248443.0], [0.13823, 257882.0], [0.13822, 443551.0], [0.13821, 437868.0], [0.1382, 1004811.0], [0.13819, 728194.0], [0.13818, 287265.0], [0.13817, 408907.0], [0.13816, 542565.0], [0.13815, 588406.0], [0.13814, 773251.0], [0.13813, 391301.0], [0.13812, 592213.0]], "asks": [[0.13832, 350857.0], [0.13833, 369944.0], [0.13834, 573598.0], [0.13835, 773384.0], [0.13836, 603778.0], [0.13837, 952831.0], [0.13838, 663140.0], [0.13839, 543349.0], [0.1384, 770479.0], [0.13841, 766735.0], [0.13842, 360952.0], [0.13843, 726844.0], [0.13844, 732928.0], [0.13845, 366429.0], [0.13846, 345818.0], [0.13847, 1301149.0], [0.13848, 651870.0], [0.13849, 400834.0], [0.1385, 984361.0], [0.13851, 271609.0]], "timestamp": "2025-12-13T09:47:20.700552+00:00"}, {"symbol": "DOGEUSDT", "bids": [[0.13826, 231515.0], [0.13825, 156624.0], [0.13824, 162565.0], [0.13823, 310450.0], [0.13822, 388096.0], [0.13821, 543588.0], [0.1382, 733422.0], [0.13819, 392222.0], [0.13818, 319433.0], [0.13817, 575959.0], [0.13816, 497280.0], [0.13815, 1306777.0], [0.13814, 355484.0], [0.13813, 463494.0], [0.13812, 625607.0], [0.13811, 1155588.0], [0.1381, 507659.0], [0.13809, 231573.0], [0.13808, 427749.0], [0.13807, 906172.0]], "asks": [[0.13827, 197444.0], [0.13828, 650156.0], [0.13829, 709185.0], [0.1383, 738268.0], [0.13831, 973319.0], [0.13832, 507183.0], [0.13833, 497107.0], [0.13834, 605762.0], [0.13835, 603505.0], [0.13836, 483345.0], [0.13837, 534648.0], [0.13838, 478776.0], [0.13839, 461845.0], [0.1384, 492714.0], [0.13841, 392639.0], [0.13842, 1165853.0], [0.13843, 545039.0], [0.13844, 911207.0], [0.13845, 782709.0], [0.13846, 802147.0]], "timestamp": "2025-12-13T09:48:14.454994+00:00"}, {"symbol": "DOGEUSDT", "bids": [[0.13833, 34530.0], [0.13832, 213750.0], [0.13831, 468875.0], [0.1383, 545106.0], [0.13829, 651331.0], [0.13828, 541802.0], [0.13827, 905327.0], [0.13826, 491093.0], [0.13825, 346950.0], [0.13824, 256116.0], [0.13823, 338777.0], [0.13822, 1066673.0], [0.13821, 486732.0], [0.1382, 473361.0], [0.13819, 709210.0], [0.13818, 219946.0], [0.13817, 526698.0], [0.13816, 411064.0], [0.13815, 460687.0], [0.13814, 239498.0]], "asks": [[0.13834, 221306.0], [0.13835, 225702.0], [0.13836, 305690.0], [0.13837, 509306.0], [0.13838, 573049.0], [0.13839, 601559.0], [0.1384, 788632.0], [0.13841, 424558.0], [0.13842, 397587.0], [0.13843, 624645.0], [0.13844, 779403.0], [0.13845, 691068.0], [0.13846, 586310.0], [0.13847, 604439.0], [0.13848, 743432.0], [0.13849, 1065228.0], [0.1385, 1045821.0], [0.13851, 1146113.0], [0.13852, 389651.0], [0.13853, 555351.0]], "timestamp": "2025-12-13T09:49:08.336050+00:00"}, {"symbol": "DOGEUSDT", "bids": [[0.13838, 391613.0], [0.13837, 233568.0], [0.13836, 444176.0], [0.13835, 575832.0], [0.13834, 902355.0], [0.13833, 469112.0], [0.13832, 613001.0], [0.13831, 539538.0], [0.1383, 571821.0], [0.13829, 259780.0], [0.13828, 252666.0], [0.13827, 441932.0], [0.13826, 1127458.0], [0.13825, 503297.0], [0.13824, 530407.0], [0.13823, 639461.0], [0.13822, 342943.0], [0.13821, 516597.0], [0.1382, 560679.0], [0.13819, 429564.0]], "asks": [[0.13839, 75573.0], [0.1384, 173555.0], [0.13841, 174129.0], [0.13842, 257497.0], [0.13843, 633471.0], [0.13844, 656714.0], [0.13845, 561228.0], [0.13846, 416122.0], [0.13847, 485098.0], [0.13848, 626198.0], [0.13849, 539043.0], [0.1385, 593454.0], [0.13851, 602606.0], [0.13852, 1090824.0], [0.13853, 466637.0], [0.13854, 833178.0], [0.13855, 813379.0], [0.13856, 467347.0], [0.13857, 868517.0], [0.13858, 1143037.0]], "timestamp": "2025-12-13T09:50:01.771805+00:00"}, {"symbol": "DOGEUSDT", "bids": [[0.13843, 143285.0], [0.13842, 475320.0], [0.13841, 376339.0], [0.1384, 538538.0], [0.13839, 946932.0], [0.13838, 594589.0], [0.13837, 565987.0], [0.13836, 655787.0], [0.13835, 576141.0], [0.13834, 425106.0], [0.13833, 385651.0], [0.13832, 368385.0], [0.13831, 1143935.0], [0.1383, 485483.0], [0.13829, 273323.0], [0.13828, 445984.0], [0.13827, 988756.0], [0.13826, 487930.0], [0.13825, 700932.0], [0.13824, 1084566.0]], "asks": [[0.13844, 146384.0], [0.13845, 149645.0], [0.13846, 208626.0], [0.13847, 307859.0], [0.13848, 704033.0], [0.13849, 645914.0], [0.1385, 562049.0], [0.13851, 714064.0], [0.13852, 384983.0], [0.13853, 318022.0], [0.13854, 446968.0], [0.13855, 430742.0], [0.13856, 450466.0], [0.13857, 1328884.0], [0.13858, 618000.0], [0.13859, 608535.0], [0.1386, 981094.0], [0.13861, 1339447.0], [0.13862, 668433.0], [0.13863, 842306.0]], "timestamp": "2025-12-13T09:50:55.941426+00:00"}, {"symbol": "DOGEUSDT", "bids": [[0.13835, 33019.0], [0.13834, 159009.0], [0.13833, 318143.0], [0.13832, 341017.0], [0.13831, 663098.0], [0.1383, 531735.0], [0.13829, 537255.0], [0.13828, 464161.0], [0.13827, 717148.0], [0.13826, 299400.0], [0.13825, 439268.0], [0.13824, 242310.0], [0.13823, 528942.0], [0.13822, 1594021.0], [0.13821, 514113.0], [0.1382, 509395.0], [0.13819, 350550.0], [0.13818, 553603.0], [0.13817, 1088859.0], [0.13816, 430337.0]], "asks": [[0.13836, 257333.0], [0.13837, 352537.0], [0.13838, 431121.0], [0.13839, 516135.0], [0.1384, 702173.0], [0.13841, 592057.0], [0.13842, 616372.0], [0.13843, 685416.0], [0.13844, 816937.0], [0.13845, 744715.0], [0.13846, 407291.0], [0.13847, 392410.0], [0.13848, 397260.0], [0.13849, 226803.0], [0.1385, 648225.0], [0.13851, 1437599.0], [0.13852, 769092.0], [0.13853, 486542.0], [0.13854, 458608.0], [0.13855, 692148.0]], "timestamp": "2025-12-13T09:51:50.319388+00:00"}, {"symbol": "DOGEUSDT", "bids": [[0.13834, 170777.0], [0.13833, 360423.0], [0.13832, 264743.0], [0.13831, 422310.0], [0.1383, 651634.0], [0.13829, 537446.0], [0.13828, 641995.0], [0.13827, 573035.0], [0.13826, 396376.0], [0.13825, 606272.0], [0.13824, 319157.0], [0.13823, 401352.0], [0.13822, 1637721.0], [0.13821, 603093.0], [0.1382, 214993.0], [0.13819, 219722.0], [0.13818, 502708.0], [0.13817, 378336.0], [0.13816, 628183.0], [0.13815, 1840975.0]], "asks": [[0.13835, 116399.0], [0.13836, 216123.0], [0.13837, 333780.0], [0.13838, 416080.0], [0.13839, 862282.0], [0.1384, 850608.0], [0.13841, 728410.0], [0.13842, 661525.0], [0.13843, 1198850.0], [0.13844, 355627.0], [0.13845, 483465.0], [0.13846, 306918.0], [0.13847, 487080.0], [0.13848, 421045.0], [0.13849, 1175768.0], [0.1385, 942651.0], [0.13851, 832048.0], [0.13852, 774540.0], [0.13853, 532086.0], [0.13854, 504600.0]], "timestamp": "2025-12-13T09:52:44.562930+00:00"}, {"symbol": "DOGEUSDT", "bids": [[0.13833, 132248.0], [0.13832, 144480.0], [0.13831, 250387.0], [0.1383, 498469.0], [0.13829, 766594.0], [0.13828, 594123.0], [0.13827, 525009.0], [0.13826, 385759.0], [0.13825, 509939.0], [0.13824, 319998.0], [0.13823, 559263.0], [0.13822, 902535.0], [0.13821, 644891.0], [0.1382, 887757.0], [0.13819, 241323.0], [0.13818, 476439.0], [0.13817, 528801.0], [0.13816, 534212.0], [0.13815, 1220431.0], [0.13814, 1037077.0]], "asks": [[0.13834, 177515.0], [0.13835, 130832.0], [0.13836, 292405.0], [0.13837, 370006.0], [0.13838, 713277.0], [0.13839, 730388.0], [0.1384, 655144.0], [0.13841, 775163.0], [0.13842, 679990.0], [0.13843, 458839.0], [0.13844, 416103.0], [0.13845, 580405.0], [0.13846, 311393.0], [0.13847, 496191.0], [0.13848, 1031825.0], [0.13849, 514907.0], [0.1385, 909921.0], [0.13851, 789323.0], [0.13852, 733587.0], [0.13853, 526289.0]], "timestamp": "2025-12-13T09:53:38.964144+00:00"}, {"symbol": "DOGEUSDT", "bids": [[0.13832, 120085.0], [0.13831, 404603.0], [0.1383, 318891.0], [0.13829, 424605.0], [0.13828, 764471.0], [0.13827, 487607.0], [0.13826, 407897.0], [0.13825, 500150.0], [0.13824, 311941.0], [0.13823, 413570.0], [0.13822, 352773.0], [0.13821, 602738.0], [0.1382, 968812.0], [0.13819, 484645.0], [0.13818, 379720.0], [0.13817, 975615.0], [0.13816, 413746.0], [0.13815, 577886.0], [0.13814, 236049.0], [0.13813, 266049.0]], "asks": [[0.13833, 83465.0], [0.13834, 172577.0], [0.13835, 308236.0], [0.13836, 369341.0], [0.13837, 358538.0], [0.13838, 554904.0], [0.13839, 824865.0], [0.1384, 777602.0], [0.13841, 641347.0], [0.13842, 328261.0], [0.13843, 444324.0], [0.13844, 499061.0], [0.13845, 537502.0], [0.13846, 911899.0], [0.13847, 388327.0], [0.13848, 339560.0], [0.13849, 532110.0], [0.1385, 852405.0], [0.13851, 705054.0], [0.13852, 528253.0]], "timestamp": "2025-12-13T09:54:32.929689+00:00"}, {"symbol": "DOGEUSDT", "bids": [[0.13828, 263117.0], [0.13827, 188236.0], [0.13826, 506907.0], [0.13825, 404957.0], [0.13824, 862894.0], [0.13823, 519401.0], [0.13822, 545295.0], [0.13821, 403504.0], [0.1382, 302603.0], [0.13819, 298347.0], [0.13818, 491136.0], [0.13817, 731283.0], [0.13816, 505645.0], [0.13815, 908992.0], [0.13814, 1023825.0], [0.13813, 758620.0], [0.13812, 715070.0], [0.13811, 491965.0], [0.1381, 1145826.0], [0.13809, 264773.0]], "asks": [[0.13829, 100014.0], [0.1383, 261332.0], [0.13831, 335504.0], [0.13832, 357227.0], [0.13833, 735457.0], [0.13834, 517244.0], [0.13835, 568949.0], [0.13836, 523984.0], [0.13837, 437431.0], [0.13838, 497658.0], [0.13839, 702169.0], [0.1384, 413344.0], [0.13841, 642054.0], [0.13842, 528043.0], [0.13843, 1437294.0], [0.13844, 1030958.0], [0.13845, 458200.0], [0.13846, 728522.0], [0.13847, 375308.0], [0.13848, 417603.0]], "timestamp": "2025-12-13T09:55:27.304420+00:00"}, {"symbol": "DOGEUSDT", "bids": [[0.13825, 44749.0], [0.13824, 122721.0], [0.13823, 246429.0], [0.13822, 394188.0], [0.13821, 844837.0], [0.1382, 454216.0], [0.13819, 454384.0], [0.13818, 494584.0], [0.13817, 627695.0], [0.13816, 398919.0], [0.13815, 194649.0], [0.13814, 574007.0], [0.13813, 1546844.0], [0.13812, 478749.0], [0.13811, 297944.0], [0.1381, 247514.0], [0.13809, 292927.0], [0.13808, 493878.0], [0.13807, 1378256.0], [0.13806, 724695.0]], "asks": [[0.13826, 201592.0], [0.13827, 211583.0], [0.13828, 385851.0], [0.13829, 403087.0], [0.1383, 541090.0], [0.13831, 837746.0], [0.13832, 479793.0], [0.13833, 697538.0], [0.13834, 402602.0], [0.13835, 786116.0], [0.13836, 509899.0], [0.13837, 420321.0], [0.13838, 654380.0], [0.13839, 1254862.0], [0.1384, 447061.0], [0.13841, 971534.0], [0.13842, 769977.0], [0.13843, 537174.0], [0.13844, 337391.0], [0.13845, 473555.0]], "timestamp": "2025-12-13T09:56:20.882833+00:00"}, {"symbol": "DOGEUSDT", "bids": [[0.13837, 90761.0], [0.13836, 177703.0], [0.13835, 267425.0], [0.13834, 304345.0], [0.13833, 593312.0], [0.13832, 482298.0], [0.13831, 644041.0], [0.1383, 572494.0], [0.13829, 448983.0], [0.13828, 331161.0], [0.13827, 418762.0], [0.13826, 543439.0], [0.13825, 948346.0], [0.13824, 260003.0], [0.13823, 201493.0], [0.13822, 490014.0], [0.13821, 1020219.0], [0.1382, 358855.0], [0.13819, 411450.0], [0.13818, 555732.0]], "asks": [[0.13838, 407720.0], [0.13839, 519486.0], [0.1384, 487696.0], [0.13841, 307259.0], [0.13842, 530476.0], [0.13843, 524317.0], [0.13844, 737945.0], [0.13845, 523537.0], [0.13846, 453662.0], [0.13847, 1258946.0], [0.13848, 383662.0], [0.13849, 363365.0], [0.1385, 402357.0], [0.13851, 645310.0], [0.13852, 344019.0], [0.13853, 1132377.0], [0.13854, 541432.0], [0.13855, 630957.0], [0.13856, 1241135.0], [0.13857, 833416.0]], "timestamp": "2025-12-13T09:57:14.313673+00:00"}, {"symbol": "DOGEUSDT", "bids": [[0.13838, 293333.0], [0.13837, 155974.0], [0.13836, 455349.0], [0.13835, 336105.0], [0.13834, 693920.0], [0.13833, 525660.0], [0.13832, 354227.0], [0.13831, 562746.0], [0.1383, 305053.0], [0.13829, 211932.0], [0.13828, 323923.0], [0.13827, 424277.0], [0.13826, 1275348.0], [0.13825, 192179.0], [0.13824, 229121.0], [0.13823, 363554.0], [0.13822, 730201.0], [0.13821, 905135.0], [0.1382, 445341.0], [0.13819, 227781.0]], "asks": [[0.13839, 198734.0], [0.1384, 191474.0], [0.13841, 335927.0], [0.13842, 290431.0], [0.13843, 509328.0], [0.13844, 408487.0], [0.13845, 723912.0], [0.13846, 405491.0], [0.13847, 541889.0], [0.13848, 606182.0], [0.13849, 1108975.0], [0.1385, 465398.0], [0.13851, 593605.0], [0.13852, 417529.0], [0.13853, 1048778.0], [0.13854, 485949.0], [0.13855, 588790.0], [0.13856, 1347442.0], [0.13857, 1561333.0], [0.13858, 518338.0]], "timestamp": "2025-12-13T09:58:08.381620+00:00"}, {"symbol": "DOGEUSDT", "bids": [[0.13832, 29725.0], [0.13831, 94031.0], [0.1383, 189278.0], [0.13829, 356750.0], [0.13828, 783755.0], [0.13827, 497180.0], [0.13826, 749913.0], [0.13825, 351605.0], [0.13824, 478336.0], [0.13823, 489746.0], [0.13822, 489786.0], [0.13821, 808331.0], [0.1382, 1187976.0], [0.13819, 412368.0], [0.13818, 360338.0], [0.13817, 713008.0], [0.13816, 1398661.0], [0.13815, 902030.0], [0.13814, 226198.0], [0.13813, 336900.0]], "asks": [[0.13833, 544807.0], [0.13834, 408958.0], [0.13835, 337202.0], [0.13836, 438862.0], [0.13837, 748917.0], [0.13838, 348893.0], [0.13839, 640543.0], [0.1384, 644008.0], [0.13841, 388304.0], [0.13842, 350761.0], [0.13843, 694204.0], [0.13844, 566132.0], [0.13845, 638970.0], [0.13846, 1004177.0], [0.13847, 420409.0], [0.13848, 278511.0], [0.13849, 254629.0], [0.1385, 523415.0], [0.13851, 827633.0], [0.13852, 291350.0]], "timestamp": "2025-12-13T09:59:02.756789+00:00"}, {"symbol": "DOGEUSDT", "bids": [[0.13831, 234185.0], [0.1383, 185203.0], [0.13829, 307412.0], [0.13828, 418388.0], [0.13827, 935992.0], [0.13826, 523669.0], [0.13825, 532367.0], [0.13824, 220145.0], [0.13823, 312817.0], [0.13822, 560550.0], [0.13821, 1174608.0], [0.1382, 379431.0], [0.13819, 481589.0], [0.13818, 387873.0], [0.13817, 1105450.0], [0.13816, 565152.0], [0.13815, 186198.0], [0.13814, 240969.0], [0.13813, 535123.0], [0.13812, 1341761.0]], "asks": [[0.13832, 121861.0], [0.13833, 270745.0], [0.13834, 133957.0], [0.13835, 447123.0], [0.13836, 408977.0], [0.13837, 629205.0], [0.13838, 525917.0], [0.13839, 686561.0], [0.1384, 592866.0], [0.13841, 475777.0], [0.13842, 400623.0], [0.13843, 761460.0], [0.13844, 628093.0], [0.13845, 1339145.0], [0.13846, 513378.0], [0.13847, 659011.0], [0.13848, 418250.0], [0.13849, 265469.0], [0.1385, 487880.0], [0.13851, 758642.0]], "timestamp": "2025-12-13T09:59:56.824650+00:00"}, {"symbol": "DOGEUSDT", "bids": [[0.13833, 502373.0], [0.13832, 216309.0], [0.13831, 559266.0], [0.1383, 368667.0], [0.13829, 649200.0], [0.13828, 494405.0], [0.13827, 375869.0], [0.13826, 435161.0], [0.13825, 353149.0], [0.13824, 231290.0], [0.13823, 645860.0], [0.13822, 1215939.0], [0.13821, 725672.0], [0.1382, 430638.0], [0.13819, 307297.0], [0.13818, 532226.0], [0.13817, 1077024.0], [0.13816, 454493.0], [0.13815, 211907.0], [0.13814, 426365.0]], "asks": [[0.13834, 76588.0], [0.13835, 152816.0], [0.13836, 397362.0], [0.13837, 461159.0], [0.13838, 455635.0], [0.13839, 587332.0], [0.1384, 417955.0], [0.13841, 471072.0], [0.13842, 765721.0], [0.13843, 583263.0], [0.13844, 553977.0], [0.13845, 707323.0], [0.13846, 672505.0], [0.13847, 1465891.0], [0.13848, 393835.0], [0.13849, 285077.0], [0.1385, 623612.0], [0.13851, 778008.0], [0.13852, 620678.0], [0.13853, 1101679.0]], "timestamp": "2025-12-13T10:00:50.892631+00:00"}, {"symbol": "DOGEUSDT", "bids": [[0.13837, 512555.0], [0.13836, 462379.0], [0.13835, 1025940.0], [0.13834, 740583.0], [0.13833, 718412.0], [0.13832, 679844.0], [0.13831, 897869.0], [0.1383, 561946.0], [0.13829, 370923.0], [0.13828, 382644.0], [0.13827, 326210.0], [0.13826, 301809.0], [0.13825, 620337.0], [0.13824, 1144507.0], [0.13823, 493393.0], [0.13822, 480955.0], [0.13821, 882017.0], [0.1382, 263929.0], [0.13819, 316737.0], [0.13818, 573690.0]], "asks": [[0.13838, 163624.0], [0.13839, 248413.0], [0.1384, 145843.0], [0.13841, 428694.0], [0.13842, 480986.0], [0.13843, 420746.0], [0.13844, 679852.0], [0.13845, 2134353.0], [0.13846, 954301.0], [0.13847, 433177.0], [0.13848, 349879.0], [0.13849, 326811.0], [0.1385, 478612.0], [0.13851, 721846.0], [0.13852, 620954.0], [0.13853, 1272399.0], [0.13854, 649862.0], [0.13855, 512360.0], [0.13856, 922480.0], [0.13857, 1629097.0]], "timestamp": "2025-12-13T10:01:45.370136+00:00"}, {"symbol": "DOGEUSDT", "bids": [[0.13835, 642583.0], [0.13834, 832261.0], [0.13833, 461009.0], [0.13832, 564197.0], [0.13831, 1159330.0], [0.1383, 492075.0], [0.13829, 333663.0], [0.13828, 326035.0], [0.13827, 269604.0], [0.13826, 257965.0], [0.13825, 535627.0], [0.13824, 1132877.0], [0.13823, 703450.0], [0.13822, 595562.0], [0.13821, 752060.0], [0.1382, 369705.0], [0.13819, 333030.0], [0.13818, 531473.0], [0.13817, 763462.0], [0.13816, 1142733.0]], "asks": [[0.13836, 20857.0], [0.13837, 125667.0], [0.13838, 271969.0], [0.13839, 377472.0], [0.1384, 402405.0], [0.13841, 466405.0], [0.13842, 625355.0], [0.13843, 492322.0], [0.13844, 547369.0], [0.13845, 1978389.0], [0.13846, 1019220.0], [0.13847, 408256.0], [0.13848, 353475.0], [0.13849, 239710.0], [0.1385, 512947.0], [0.13851, 991997.0], [0.13852, 1175062.0], [0.13853, 297215.0], [0.13854, 497471.0], [0.13855, 612937.0]], "timestamp": "2025-12-13T10:02:39.336307+00:00"}, {"symbol": "DOGEUSDT", "bids": [[0.1384, 367904.0], [0.13839, 319145.0], [0.13838, 917618.0], [0.13837, 297186.0], [0.13836, 1025225.0], [0.13835, 668427.0], [0.13834, 365071.0], [0.13833, 615336.0], [0.13832, 648933.0], [0.13831, 752304.0], [0.1383, 264906.0], [0.13829, 584778.0], [0.13828, 534220.0], [0.13827, 1036656.0], [0.13826, 366034.0], [0.13825, 810107.0], [0.13824, 294303.0], [0.13823, 345565.0], [0.13822, 552873.0], [0.13821, 335331.0]], "asks": [[0.13841, 130720.0], [0.13842, 196073.0], [0.13843, 189129.0], [0.13844, 331909.0], [0.13845, 532610.0], [0.13846, 957122.0], [0.13847, 607618.0], [0.13848, 582132.0], [0.13849, 1692341.0], [0.1385, 431380.0], [0.13851, 474304.0], [0.13852, 369002.0], [0.13853, 286491.0], [0.13854, 445709.0], [0.13855, 749644.0], [0.13856, 927968.0], [0.13857, 1326767.0], [0.13858, 619610.0], [0.13859, 700055.0], [0.1386, 792421.0]], "timestamp": "2025-12-13T10:03:34.120564+00:00"}, {"symbol": "DOGEUSDT", "bids": [[0.13843, 204679.0], [0.13842, 411759.0], [0.13841, 877904.0], [0.1384, 519830.0], [0.13839, 1115405.0], [0.13838, 1029916.0], [0.13837, 603940.0], [0.13836, 475529.0], [0.13835, 545224.0], [0.13834, 314918.0], [0.13833, 526467.0], [0.13832, 741574.0], [0.13831, 1054091.0], [0.1383, 1142820.0], [0.13829, 387554.0], [0.13828, 319714.0], [0.13827, 639384.0], [0.13826, 425706.0], [0.13825, 820263.0], [0.13824, 292783.0]], "asks": [[0.13844, 87496.0], [0.13845, 265141.0], [0.13846, 516951.0], [0.13847, 426274.0], [0.13848, 528757.0], [0.13849, 439420.0], [0.1385, 667215.0], [0.13851, 637762.0], [0.13852, 2154451.0], [0.13853, 245231.0], [0.13854, 406550.0], [0.13855, 411559.0], [0.13856, 285212.0], [0.13857, 523070.0], [0.13858, 532142.0], [0.13859, 781248.0], [0.1386, 1020418.0], [0.13861, 767180.0], [0.13862, 1848268.0], [0.13863, 530602.0]], "timestamp": "2025-12-13T10:04:28.804248+00:00"}, {"symbol": "DOGEUSDT", "bids": [[0.13843, 326988.0], [0.13842, 550690.0], [0.13841, 753535.0], [0.1384, 693568.0], [0.13839, 795289.0], [0.13838, 826294.0], [0.13837, 519096.0], [0.13836, 561392.0], [0.13835, 721955.0], [0.13834, 568157.0], [0.13833, 729875.0], [0.13832, 851792.0], [0.13831, 2229663.0], [0.1383, 233099.0], [0.13829, 432687.0], [0.13828, 277586.0], [0.13827, 494961.0], [0.13826, 362462.0], [0.13825, 1113053.0], [0.13824, 236229.0]], "asks": [[0.13844, 98344.0], [0.13845, 347436.0], [0.13846, 541506.0], [0.13847, 321811.0], [0.13848, 556488.0], [0.13849, 400452.0], [0.1385, 621100.0], [0.13851, 454386.0], [0.13852, 341645.0], [0.13853, 620485.0], [0.13854, 2584563.0], [0.13855, 328896.0], [0.13856, 385322.0], [0.13857, 408326.0], [0.13858, 428286.0], [0.13859, 649783.0], [0.1386, 709432.0], [0.13861, 574148.0], [0.13862, 1448284.0], [0.13863, 514568.0]], "timestamp": "2025-12-13T10:05:23.178469+00:00"}, {"symbol": "DOGEUSDT", "bids": [[0.13845, 234685.0], [0.13844, 330502.0], [0.13843, 739437.0], [0.13842, 571038.0], [0.13841, 1110845.0], [0.1384, 611943.0], [0.13839, 487850.0], [0.13838, 412523.0], [0.13837, 592242.0], [0.13836, 656219.0], [0.13835, 673829.0], [0.13834, 714991.0], [0.13833, 1674032.0], [0.13832, 702589.0], [0.13831, 1087479.0], [0.1383, 228126.0], [0.13829, 433098.0], [0.13828, 277623.0], [0.13827, 506546.0], [0.13826, 409707.0]], "asks": [[0.13846, 296885.0], [0.13847, 121218.0], [0.13848, 196518.0], [0.13849, 292394.0], [0.1385, 672114.0], [0.13851, 391938.0], [0.13852, 568897.0], [0.13853, 367805.0], [0.13854, 413627.0], [0.13855, 739478.0], [0.13856, 2471135.0], [0.13857, 532321.0], [0.13858, 498808.0], [0.13859, 555626.0], [0.1386, 456945.0], [0.13861, 526170.0], [0.13862, 635363.0], [0.13863, 1155011.0], [0.13864, 823804.0], [0.13865, 938757.0]], "timestamp": "2025-12-13T10:06:17.049045+00:00"}, {"symbol": "DOGEUSDT", "bids": [[0.13849, 206674.0], [0.13848, 394225.0], [0.13847, 606114.0], [0.13846, 871746.0], [0.13845, 994760.0], [0.13844, 790461.0], [0.13843, 561475.0], [0.13842, 604428.0], [0.13841, 621391.0], [0.1384, 491492.0], [0.13839, 663263.0], [0.13838, 1392987.0], [0.13837, 696677.0], [0.13836, 521101.0], [0.13835, 763640.0], [0.13834, 278332.0], [0.13833, 630479.0], [0.13832, 825793.0], [0.13831, 651476.0], [0.1383, 359716.0]], "asks": [[0.1385, 186530.0], [0.13851, 129498.0], [0.13852, 175007.0], [0.13853, 296754.0], [0.13854, 468922.0], [0.13855, 651911.0], [0.13856, 304190.0], [0.13857, 682083.0], [0.13858, 472774.0], [0.13859, 578625.0], [0.1386, 2736542.0], [0.13861, 384878.0], [0.13862, 430247.0], [0.13863, 570848.0], [0.13864, 407641.0], [0.13865, 628276.0], [0.13866, 698086.0], [0.13867, 1048369.0], [0.13868, 2332385.0], [0.13869, 1429160.0]], "timestamp": "2025-12-13T10:07:11.040112+00:00"}, {"symbol": "DOGEUSDT", "bids": [[0.13841, 15200.0], [0.1384, 75521.0], [0.13839, 133302.0], [0.13838, 415633.0], [0.13837, 929552.0], [0.13836, 636875.0], [0.13835, 569812.0], [0.13834, 439794.0], [0.13833, 689469.0], [0.13832, 773099.0], [0.13831, 1043934.0], [0.1383, 765528.0], [0.13829, 517983.0], [0.13828, 447105.0], [0.13827, 1126429.0], [0.13826, 588608.0], [0.13825, 372641.0], [0.13824, 382403.0], [0.13823, 998430.0], [0.13822, 674133.0]], "asks": [[0.13842, 384199.0], [0.13843, 265691.0], [0.13844, 436902.0], [0.13845, 431489.0], [0.13846, 622800.0], [0.13847, 884904.0], [0.13848, 787110.0], [0.13849, 554585.0], [0.1385, 457377.0], [0.13851, 823916.0], [0.13852, 2768390.0], [0.13853, 471867.0], [0.13854, 547979.0], [0.13855, 572829.0], [0.13856, 360678.0], [0.13857, 1546344.0], [0.13858, 429469.0], [0.13859, 238169.0], [0.1386, 321722.0], [0.13861, 413163.0]], "timestamp": "2025-12-13T10:08:05.319600+00:00"}, {"symbol": "DOGEUSDT", "bids": [[0.13844, 70902.0], [0.13843, 114895.0], [0.13842, 414721.0], [0.13841, 512794.0], [0.1384, 1032012.0], [0.13839, 1110643.0], [0.13838, 873837.0], [0.13837, 627948.0], [0.13836, 550054.0], [0.13835, 517520.0], [0.13834, 344000.0], [0.13833, 679344.0], [0.13832, 720387.0], [0.13831, 805175.0], [0.1383, 685714.0], [0.13829, 1182733.0], [0.13828, 290649.0], [0.13827, 466222.0], [0.13826, 760588.0], [0.13825, 403768.0]], "asks": [[0.13845, 387920.0], [0.13846, 271737.0], [0.13847, 500039.0], [0.13848, 722411.0], [0.13849, 714149.0], [0.1385, 606192.0], [0.13851, 961903.0], [0.13852, 2745343.0], [0.13853, 445127.0], [0.13854, 518272.0], [0.13855, 693671.0], [0.13856, 336090.0], [0.13857, 551596.0], [0.13858, 567624.0], [0.13859, 1220998.0], [0.1386, 358772.0], [0.13861, 443770.0], [0.13862, 786344.0], [0.13863, 478552.0], [0.13864, 431068.0]], "timestamp": "2025-12-13T10:09:00.063721+00:00"}, {"symbol": "DOGEUSDT", "bids": [[0.13844, 56514.0], [0.13843, 108413.0], [0.13842, 309779.0], [0.13841, 402607.0], [0.1384, 1099233.0], [0.13839, 1091705.0], [0.13838, 940277.0], [0.13837, 515166.0], [0.13836, 529834.0], [0.13835, 543150.0], [0.13834, 514411.0], [0.13833, 821588.0], [0.13832, 767142.0], [0.13831, 695551.0], [0.1383, 676254.0], [0.13829, 289818.0], [0.13828, 343053.0], [0.13827, 372988.0], [0.13826, 902442.0], [0.13825, 1097613.0]], "asks": [[0.13845, 662022.0], [0.13846, 285298.0], [0.13847, 227380.0], [0.13848, 577863.0], [0.13849, 643195.0], [0.1385, 562131.0], [0.13851, 505686.0], [0.13852, 375328.0], [0.13853, 558489.0], [0.13854, 922452.0], [0.13855, 2857849.0], [0.13856, 329608.0], [0.13857, 526455.0], [0.13858, 423249.0], [0.13859, 223823.0], [0.1386, 322695.0], [0.13861, 456084.0], [0.13862, 1502157.0], [0.13863, 439349.0], [0.13864, 476878.0]], "timestamp": "2025-12-13T10:09:54.234047+00:00"}, {"symbol": "DOGEUSDT", "bids": [[0.13841, 362205.0], [0.1384, 437607.0], [0.13839, 571762.0], [0.13838, 674812.0], [0.13837, 1189304.0], [0.13836, 603220.0], [0.13835, 451572.0], [0.13834, 402245.0], [0.13833, 666520.0], [0.13832, 706743.0], [0.13831, 908472.0], [0.1383, 465051.0], [0.13829, 610252.0], [0.13828, 400405.0], [0.13827, 1336674.0], [0.13826, 1357211.0], [0.13825, 433093.0], [0.13824, 159510.0], [0.13823, 360189.0], [0.13822, 1395568.0]], "asks": [[0.13842, 74852.0], [0.13843, 163881.0], [0.13844, 286677.0], [0.13845, 814170.0], [0.13846, 447941.0], [0.13847, 493727.0], [0.13848, 691516.0], [0.13849, 773396.0], [0.1385, 363833.0], [0.13851, 385214.0], [0.13852, 300023.0], [0.13853, 767554.0], [0.13854, 2146568.0], [0.13855, 557654.0], [0.13856, 392595.0], [0.13857, 1473487.0], [0.13858, 457478.0], [0.13859, 227927.0], [0.1386, 475091.0], [0.13861, 425076.0]], "timestamp": "2025-12-13T10:10:48.828229+00:00"}, {"symbol": "DOGEUSDT", "bids": [[0.13847, 495237.0], [0.13846, 424355.0], [0.13845, 523069.0], [0.13844, 637084.0], [0.13843, 947540.0], [0.13842, 601562.0], [0.13841, 703010.0], [0.1384, 541744.0], [0.13839, 665307.0], [0.13838, 661304.0], [0.13837, 575139.0], [0.13836, 291397.0], [0.13835, 732763.0], [0.13834, 1144513.0], [0.13833, 424898.0], [0.13832, 618251.0], [0.13831, 1073753.0], [0.1383, 826271.0], [0.13829, 291180.0], [0.13828, 219425.0]], "asks": [[0.13848, 96476.0], [0.13849, 184732.0], [0.1385, 237447.0], [0.13851, 514648.0], [0.13852, 1285687.0], [0.13853, 502898.0], [0.13854, 704888.0], [0.13855, 558863.0], [0.13856, 263398.0], [0.13857, 446601.0], [0.13858, 295286.0], [0.13859, 437498.0], [0.1386, 1071447.0], [0.13861, 511232.0], [0.13862, 770130.0], [0.13863, 558892.0], [0.13864, 1202572.0], [0.13865, 828085.0], [0.13866, 835218.0], [0.13867, 1226192.0]], "timestamp": "2025-12-13T10:11:42.371145+00:00"}, {"symbol": "DOGEUSDT", "bids": [[0.13844, 280658.0], [0.13843, 284684.0], [0.13842, 395078.0], [0.13841, 536880.0], [0.1384, 841993.0], [0.13839, 614580.0], [0.13838, 742285.0], [0.13837, 532268.0], [0.13836, 344413.0], [0.13835, 394007.0], [0.13834, 343420.0], [0.13833, 529329.0], [0.13832, 758379.0], [0.13831, 1966421.0], [0.1383, 817985.0], [0.13829, 298444.0], [0.13828, 220797.0], [0.13827, 403150.0], [0.13826, 536262.0], [0.13825, 531703.0]], "asks": [[0.13845, 207318.0], [0.13846, 369747.0], [0.13847, 591451.0], [0.13848, 696460.0], [0.13849, 520590.0], [0.1385, 538347.0], [0.13851, 535649.0], [0.13852, 407840.0], [0.13853, 1008598.0], [0.13854, 489824.0], [0.13855, 608536.0], [0.13856, 212843.0], [0.13857, 456949.0], [0.13858, 972634.0], [0.13859, 193754.0], [0.1386, 377619.0], [0.13861, 505335.0], [0.13862, 743802.0], [0.13863, 557223.0], [0.13864, 1317920.0]], "timestamp": "2025-12-13T10:12:35.979691+00:00"}, {"symbol": "DOGEUSDT", "bids": [[0.13846, 185980.0], [0.13845, 432171.0], [0.13844, 241959.0], [0.13843, 522455.0], [0.13842, 1050070.0], [0.13841, 508801.0], [0.1384, 530648.0], [0.13839, 581670.0], [0.13838, 475290.0], [0.13837, 460907.0], [0.13836, 414656.0], [0.13835, 595528.0], [0.13834, 818771.0], [0.13833, 758771.0], [0.13832, 1158800.0], [0.13831, 719332.0], [0.1383, 523412.0], [0.13829, 322180.0], [0.13828, 477721.0], [0.13827, 1127850.0]], "asks": [[0.13847, 187348.0], [0.13848, 320550.0], [0.13849, 277257.0], [0.1385, 389148.0], [0.13851, 594987.0], [0.13852, 455597.0], [0.13853, 511422.0], [0.13854, 785230.0], [0.13855, 777415.0], [0.13856, 1255927.0], [0.13857, 619328.0], [0.13858, 427369.0], [0.13859, 1096139.0], [0.1386, 356436.0], [0.13861, 452000.0], [0.13862, 780579.0], [0.13863, 412060.0], [0.13864, 434707.0], [0.13865, 827418.0], [0.13866, 996778.0]], "timestamp": "2025-12-13T10:13:30.812823+00:00"}, {"symbol": "DOGEUSDT", "bids": [[0.13846, 73845.0], [0.13845, 223195.0], [0.13844, 217092.0], [0.13843, 470758.0], [0.13842, 991324.0], [0.13841, 468941.0], [0.1384, 528573.0], [0.13839, 601471.0], [0.13838, 466846.0], [0.13837, 405554.0], [0.13836, 529189.0], [0.13835, 677375.0], [0.13834, 1022984.0], [0.13833, 1281788.0], [0.13832, 393852.0], [0.13831, 722256.0], [0.1383, 522873.0], [0.13829, 318254.0], [0.13828, 426954.0], [0.13827, 1136075.0]], "asks": [[0.13847, 226767.0], [0.13848, 282749.0], [0.13849, 374699.0], [0.1385, 435663.0], [0.13851, 575379.0], [0.13852, 517388.0], [0.13853, 568573.0], [0.13854, 883611.0], [0.13855, 673543.0], [0.13856, 529913.0], [0.13857, 2188014.0], [0.13858, 297471.0], [0.13859, 256136.0], [0.1386, 358884.0], [0.13861, 523079.0], [0.13862, 1517852.0], [0.13863, 293136.0], [0.13864, 255121.0], [0.13865, 594015.0], [0.13866, 887315.0]], "timestamp": "2025-12-13T10:14:25.018743+00:00"}, {"symbol": "DOGEUSDT", "bids": [[0.13853, 72684.0], [0.13852, 173364.0], [0.13851, 364901.0], [0.1385, 805660.0], [0.13849, 1186090.0], [0.13848, 535291.0], [0.13847, 633057.0], [0.13846, 460815.0], [0.13845, 500694.0], [0.13844, 397446.0], [0.13843, 450637.0], [0.13842, 481955.0], [0.13841, 1195244.0], [0.1384, 288491.0], [0.13839, 497030.0], [0.13838, 793948.0], [0.13837, 500517.0], [0.13836, 656196.0], [0.13835, 363458.0], [0.13834, 472369.0]], "asks": [[0.13854, 352723.0], [0.13855, 277575.0], [0.13856, 236815.0], [0.13857, 399029.0], [0.13858, 657478.0], [0.13859, 1492813.0], [0.1386, 569485.0], [0.13861, 579096.0], [0.13862, 353022.0], [0.13863, 422594.0], [0.13864, 572508.0], [0.13865, 686942.0], [0.13866, 679661.0], [0.13867, 310765.0], [0.13868, 421916.0], [0.13869, 668477.0], [0.1387, 1275289.0], [0.13871, 821965.0], [0.13872, 683615.0], [0.13873, 814314.0]], "timestamp": "2025-12-13T10:15:18.956245+00:00"}, {"symbol": "DOGEUSDT", "bids": [[0.13854, 116211.0], [0.13853, 160377.0], [0.13852, 484152.0], [0.13851, 638094.0], [0.1385, 833918.0], [0.13849, 834702.0], [0.13848, 376435.0], [0.13847, 527602.0], [0.13846, 393693.0], [0.13845, 506329.0], [0.13844, 752547.0], [0.13843, 1551851.0], [0.13842, 359653.0], [0.13841, 323913.0], [0.1384, 376935.0], [0.13839, 392741.0], [0.13838, 467182.0], [0.13837, 1103886.0], [0.13836, 642221.0], [0.13835, 359563.0]], "asks": [[0.13855, 224619.0], [0.13856, 458790.0], [0.13857, 473875.0], [0.13858, 524179.0], [0.13859, 532824.0], [0.1386, 545882.0], [0.13861, 688914.0], [0.13862, 574942.0], [0.13863, 503945.0], [0.13864, 455811.0], [0.13865, 638898.0], [0.13866, 429515.0], [0.13867, 641143.0], [0.13868, 1953811.0], [0.13869, 205315.0], [0.1387, 530747.0], [0.13871, 582440.0], [0.13872, 1451468.0], [0.13873, 383431.0], [0.13874, 772649.0]], "timestamp": "2025-12-13T10:16:12.533754+00:00"}, {"symbol": "DOGEUSDT", "bids": [[0.13856, 82776.0], [0.13855, 422596.0], [0.13854, 361520.0], [0.13853, 455331.0], [0.13852, 972617.0], [0.13851, 512578.0], [0.1385, 481929.0], [0.13849, 772610.0], [0.13848, 438430.0], [0.13847, 392417.0], [0.13846, 429669.0], [0.13845, 1289807.0], [0.13844, 622425.0], [0.13843, 839755.0], [0.13842, 581566.0], [0.13841, 573895.0], [0.1384, 279444.0], [0.13839, 392422.0], [0.13838, 353553.0], [0.13837, 508432.0]], "asks": [[0.13857, 301138.0], [0.13858, 218657.0], [0.13859, 294637.0], [0.1386, 426028.0], [0.13861, 560554.0], [0.13862, 662903.0], [0.13863, 517439.0], [0.13864, 575867.0], [0.13865, 1355838.0], [0.13866, 519136.0], [0.13867, 572529.0], [0.13868, 460531.0], [0.13869, 306244.0], [0.1387, 555351.0], [0.13871, 450859.0], [0.13872, 708631.0], [0.13873, 1164547.0], [0.13874, 794672.0], [0.13875, 1278779.0], [0.13876, 664811.0]], "timestamp": "2025-12-13T10:17:06.732081+00:00"}, {"symbol": "DOGEUSDT", "bids": [[0.13861, 198737.0], [0.1386, 207137.0], [0.13859, 469205.0], [0.13858, 785783.0], [0.13857, 713434.0], [0.13856, 497872.0], [0.13855, 580994.0], [0.13854, 666310.0], [0.13853, 340035.0], [0.13852, 451059.0], [0.13851, 1243481.0], [0.1385, 478221.0], [0.13849, 485003.0], [0.13848, 454580.0], [0.13847, 861601.0], [0.13846, 521616.0], [0.13845, 461090.0], [0.13844, 270594.0], [0.13843, 280203.0], [0.13842, 490810.0]], "asks": [[0.13862, 134183.0], [0.13863, 278193.0], [0.13864, 221491.0], [0.13865, 260368.0], [0.13866, 424525.0], [0.13867, 421432.0], [0.13868, 728882.0], [0.13869, 614416.0], [0.1387, 388060.0], [0.13871, 476307.0], [0.13872, 468126.0], [0.13873, 371102.0], [0.13874, 414573.0], [0.13875, 367822.0], [0.13876, 500380.0], [0.13877, 1136357.0], [0.13878, 906515.0], [0.13879, 961844.0], [0.1388, 863863.0], [0.13881, 478811.0]], "timestamp": "2025-12-13T10:18:00.435720+00:00"}, {"symbol": "DOGEUSDT", "bids": [[0.13862, 281986.0], [0.13861, 272977.0], [0.1386, 504243.0], [0.13859, 553750.0], [0.13858, 597831.0], [0.13857, 466299.0], [0.13856, 577817.0], [0.13855, 468820.0], [0.13854, 455996.0], [0.13853, 283891.0], [0.13852, 1107834.0], [0.13851, 446098.0], [0.1385, 404582.0], [0.13849, 589935.0], [0.13848, 406177.0], [0.13847, 863845.0], [0.13846, 550896.0], [0.13845, 466180.0], [0.13844, 289365.0], [0.13843, 381149.0]], "asks": [[0.13863, 68534.0], [0.13864, 175932.0], [0.13865, 222790.0], [0.13866, 358475.0], [0.13867, 633457.0], [0.13868, 779153.0], [0.13869, 515642.0], [0.1387, 561570.0], [0.13871, 995145.0], [0.13872, 395857.0], [0.13873, 412957.0], [0.13874, 407256.0], [0.13875, 352400.0], [0.13876, 307842.0], [0.13877, 386359.0], [0.13878, 1313048.0], [0.13879, 650399.0], [0.1388, 837048.0], [0.13881, 593379.0], [0.13882, 562238.0]], "timestamp": "2025-12-13T10:18:54.638293+00:00"}, {"symbol": "DOGEUSDT", "bids": [[0.13863, 84413.0], [0.13862, 211310.0], [0.13861, 421655.0], [0.1386, 552920.0], [0.13859, 747898.0], [0.13858, 422237.0], [0.13857, 450810.0], [0.13856, 364159.0], [0.13855, 293363.0], [0.13854, 487030.0], [0.13853, 932439.0], [0.13852, 432297.0], [0.13851, 605366.0], [0.1385, 503321.0], [0.13849, 496063.0], [0.13848, 456989.0], [0.13847, 718771.0], [0.13846, 556188.0], [0.13845, 661535.0], [0.13844, 1766335.0]], "asks": [[0.13864, 250033.0], [0.13865, 365769.0], [0.13866, 217154.0], [0.13867, 362210.0], [0.13868, 765203.0], [0.13869, 425576.0], [0.1387, 623455.0], [0.13871, 535156.0], [0.13872, 651592.0], [0.13873, 1243068.0], [0.13874, 482939.0], [0.13875, 408185.0], [0.13876, 450165.0], [0.13877, 328504.0], [0.13878, 607085.0], [0.13879, 714241.0], [0.1388, 1594883.0], [0.13881, 542968.0], [0.13882, 536189.0], [0.13883, 571728.0]], "timestamp": "2025-12-13T10:19:49.118456+00:00"}, {"symbol": "DOGEUSDT", "bids": [[0.13875, 200900.0], [0.13874, 165445.0], [0.13873, 238636.0], [0.13872, 563249.0], [0.13871, 926359.0], [0.1387, 820688.0], [0.13869, 431605.0], [0.13868, 396258.0], [0.13867, 586370.0], [0.13866, 282080.0], [0.13865, 404888.0], [0.13864, 1023109.0], [0.13863, 356559.0], [0.13862, 733383.0], [0.13861, 458888.0], [0.1386, 921864.0], [0.13859, 370659.0], [0.13858, 352303.0], [0.13857, 239277.0], [0.13856, 379544.0]], "asks": [[0.13876, 873758.0], [0.13877, 163118.0], [0.13878, 171390.0], [0.13879, 227490.0], [0.1388, 281208.0], [0.13881, 439611.0], [0.13882, 650647.0], [0.13883, 345188.0], [0.13884, 506426.0], [0.13885, 312059.0], [0.13886, 319506.0], [0.13887, 356422.0], [0.13888, 587181.0], [0.13889, 475565.0], [0.1389, 527013.0], [0.13891, 1193811.0], [0.13892, 1536729.0], [0.13893, 465948.0], [0.13894, 491253.0], [0.13895, 826268.0]], "timestamp": "2025-12-13T10:20:43.253507+00:00"}, {"symbol": "DOGEUSDT", "bids": [[0.13876, 163610.0], [0.13875, 112627.0], [0.13874, 281557.0], [0.13873, 257945.0], [0.13872, 507148.0], [0.13871, 410554.0], [0.1387, 433737.0], [0.13869, 531646.0], [0.13868, 463303.0], [0.13867, 586773.0], [0.13866, 363639.0], [0.13865, 1014142.0], [0.13864, 386884.0], [0.13863, 947053.0], [0.13862, 465772.0], [0.13861, 728131.0], [0.1386, 720520.0], [0.13859, 545784.0], [0.13858, 331582.0], [0.13857, 251400.0]], "asks": [[0.13877, 110727.0], [0.13878, 334915.0], [0.13879, 476833.0], [0.1388, 489957.0], [0.13881, 897920.0], [0.13882, 716476.0], [0.13883, 1049897.0], [0.13884, 854358.0], [0.13885, 771102.0], [0.13886, 523657.0], [0.13887, 388817.0], [0.13888, 269101.0], [0.13889, 569387.0], [0.1389, 1037686.0], [0.13891, 458237.0], [0.13892, 556443.0], [0.13893, 1781477.0], [0.13894, 439550.0], [0.13895, 708658.0], [0.13896, 372424.0]], "timestamp": "2025-12-13T10:21:37.935704+00:00"}, {"symbol": "DOGEUSDT", "bids": [[0.13865, 8130.0], [0.13864, 24125.0], [0.13863, 175427.0], [0.13862, 311667.0], [0.13861, 877755.0], [0.1386, 516439.0], [0.13859, 560440.0], [0.13858, 619588.0], [0.13857, 402587.0], [0.13856, 430844.0], [0.13855, 684411.0], [0.13854, 1456166.0], [0.13853, 835381.0], [0.13852, 436979.0], [0.13851, 980979.0], [0.1385, 578453.0], [0.13849, 437566.0], [0.13848, 247644.0], [0.13847, 411206.0], [0.13846, 860251.0]], "asks": [[0.13866, 625430.0], [0.13867, 242427.0], [0.13868, 343816.0], [0.13869, 590549.0], [0.1387, 882709.0], [0.13871, 597437.0], [0.13872, 474073.0], [0.13873, 417062.0], [0.13874, 433870.0], [0.13875, 491231.0], [0.13876, 342219.0], [0.13877, 403365.0], [0.13878, 539328.0], [0.13879, 1112177.0], [0.1388, 501677.0], [0.13881, 380090.0], [0.13882, 543648.0], [0.13883, 652191.0], [0.13884, 408407.0], [0.13885, 356164.0]], "timestamp": "2025-12-13T10:22:32.106398+00:00"}, {"symbol": "DOGEUSDT", "bids": [[0.13871, 108721.0], [0.1387, 204540.0], [0.13869, 209983.0], [0.13868, 305214.0], [0.13867, 628097.0], [0.13866, 688738.0], [0.13865, 682171.0], [0.13864, 730589.0], [0.13863, 534191.0], [0.13862, 870623.0], [0.13861, 454042.0], [0.1386, 452595.0], [0.13859, 546333.0], [0.13858, 1392829.0], [0.13857, 319622.0], [0.13856, 546453.0], [0.13855, 323373.0], [0.13854, 526336.0], [0.13853, 665752.0], [0.13852, 534083.0]], "asks": [[0.13872, 349673.0], [0.13873, 166449.0], [0.13874, 319924.0], [0.13875, 526277.0], [0.13876, 675872.0], [0.13877, 511466.0], [0.13878, 497955.0], [0.13879, 503487.0], [0.1388, 472948.0], [0.13881, 435958.0], [0.13882, 475067.0], [0.13883, 422281.0], [0.13884, 381632.0], [0.13885, 945612.0], [0.13886, 796827.0], [0.13887, 480131.0], [0.13888, 699948.0], [0.13889, 1131247.0], [0.1389, 551136.0], [0.13891, 567357.0]], "timestamp": "2025-12-13T10:23:26.104361+00:00"}, {"symbol": "DOGEUSDT", "bids": [[0.13872, 202047.0], [0.13871, 387028.0], [0.1387, 595290.0], [0.13869, 344512.0], [0.13868, 791922.0], [0.13867, 716149.0], [0.13866, 706368.0], [0.13865, 621599.0], [0.13864, 660915.0], [0.13863, 446129.0], [0.13862, 603365.0], [0.13861, 501627.0], [0.1386, 1257400.0], [0.13859, 407976.0], [0.13858, 512919.0], [0.13857, 779931.0], [0.13856, 556952.0], [0.13855, 344435.0], [0.13854, 613451.0], [0.13853, 973490.0]], "asks": [[0.13873, 132333.0], [0.13874, 231654.0], [0.13875, 257450.0], [0.13876, 301248.0], [0.13877, 597371.0], [0.13878, 451926.0], [0.13879, 377246.0], [0.1388, 472358.0], [0.13881, 339795.0], [0.13882, 455625.0], [0.13883, 454070.0], [0.13884, 465772.0], [0.13885, 439576.0], [0.13886, 720592.0], [0.13887, 990932.0], [0.13888, 575648.0], [0.13889, 431983.0], [0.1389, 606010.0], [0.13891, 616501.0], [0.13892, 969750.0]], "timestamp": "2025-12-13T10:24:20.856982+00:00"}, {"symbol": "DOGEUSDT", "bids": [[0.13875, 277491.0], [0.13874, 294543.0], [0.13873, 606382.0], [0.13872, 521547.0], [0.13871, 1089755.0], [0.1387, 945147.0], [0.13869, 589612.0], [0.13868, 455674.0], [0.13867, 432510.0], [0.13866, 494588.0], [0.13865, 530110.0], [0.13864, 1315593.0], [0.13863, 282734.0], [0.13862, 390303.0], [0.13861, 829090.0], [0.1386, 421220.0], [0.13859, 424395.0], [0.13858, 320886.0], [0.13857, 433119.0], [0.13856, 1276826.0]], "asks": [[0.13876, 26173.0], [0.13877, 92360.0], [0.13878, 190734.0], [0.13879, 306839.0], [0.1388, 665301.0], [0.13881, 441406.0], [0.13882, 443589.0], [0.13883, 438085.0], [0.13884, 343803.0], [0.13885, 380800.0], [0.13886, 348288.0], [0.13887, 482200.0], [0.13888, 541809.0], [0.13889, 932427.0], [0.1389, 456811.0], [0.13891, 440526.0], [0.13892, 764531.0], [0.13893, 781847.0], [0.13894, 1172004.0], [0.13895, 744155.0]], "timestamp": "2025-12-13T10:25:15.128872+00:00"}, {"symbol": "DOGEUSDT", "bids": [[0.13882, 51542.0], [0.13881, 308680.0], [0.1388, 457795.0], [0.13879, 644923.0], [0.13878, 736992.0], [0.13877, 663378.0], [0.13876, 546696.0], [0.13875, 365758.0], [0.13874, 507674.0], [0.13873, 562134.0], [0.13872, 293842.0], [0.13871, 494754.0], [0.1387, 1591179.0], [0.13869, 666531.0], [0.13868, 454769.0], [0.13867, 368747.0], [0.13866, 781268.0], [0.13865, 574365.0], [0.13864, 310314.0], [0.13863, 227129.0]], "asks": [[0.13883, 256500.0], [0.13884, 104423.0], [0.13885, 234238.0], [0.13886, 484423.0], [0.13887, 702113.0], [0.13888, 380335.0], [0.13889, 394296.0], [0.1389, 425898.0], [0.13891, 491617.0], [0.13892, 392872.0], [0.13893, 334934.0], [0.13894, 432987.0], [0.13895, 349903.0], [0.13896, 1223021.0], [0.13897, 400228.0], [0.13898, 785066.0], [0.13899, 480126.0], [0.139, 697527.0], [0.13901, 827908.0], [0.13902, 1427885.0]], "timestamp": "2025-12-13T10:26:09.715593+00:00"}, {"symbol": "DOGEUSDT", "bids": [[0.13878, 13248.0], [0.13877, 129249.0], [0.13876, 232046.0], [0.13875, 531205.0], [0.13874, 681269.0], [0.13873, 686121.0], [0.13872, 690018.0], [0.13871, 730408.0], [0.1387, 654462.0], [0.13869, 317128.0], [0.13868, 353624.0], [0.13867, 365914.0], [0.13866, 1484894.0], [0.13865, 646450.0], [0.13864, 442833.0], [0.13863, 339828.0], [0.13862, 586305.0], [0.13861, 1097059.0], [0.1386, 744676.0], [0.13859, 440886.0]], "asks": [[0.13879, 732758.0], [0.1388, 510890.0], [0.13881, 292875.0], [0.13882, 507426.0], [0.13883, 968682.0], [0.13884, 551108.0], [0.13885, 309077.0], [0.13886, 574704.0], [0.13887, 557963.0], [0.13888, 452424.0], [0.13889, 324162.0], [0.1389, 444798.0], [0.13891, 371212.0], [0.13892, 351558.0], [0.13893, 1060290.0], [0.13894, 380684.0], [0.13895, 379746.0], [0.13896, 615265.0], [0.13897, 438529.0], [0.13898, 861482.0]], "timestamp": "2025-12-13T10:27:04.186284+00:00"}, {"symbol": "DOGEUSDT", "bids": [[0.13876, 304494.0], [0.13875, 323351.0], [0.13874, 373717.0], [0.13873, 539260.0], [0.13872, 551388.0], [0.13871, 980756.0], [0.1387, 686443.0], [0.13869, 544111.0], [0.13868, 232498.0], [0.13867, 342183.0], [0.13866, 506412.0], [0.13865, 411048.0], [0.13864, 1132045.0], [0.13863, 360315.0], [0.13862, 1039984.0], [0.13861, 290065.0], [0.1386, 478843.0], [0.13859, 538115.0], [0.13858, 736115.0], [0.13857, 1725213.0]], "asks": [[0.13877, 19266.0], [0.13878, 258278.0], [0.13879, 343981.0], [0.1388, 495882.0], [0.13881, 838262.0], [0.13882, 876690.0], [0.13883, 519377.0], [0.13884, 438645.0], [0.13885, 349216.0], [0.13886, 513240.0], [0.13887, 589693.0], [0.13888, 509600.0], [0.13889, 613765.0], [0.1389, 389414.0], [0.13891, 518273.0], [0.13892, 1262149.0], [0.13893, 585001.0], [0.13894, 336731.0], [0.13895, 322655.0], [0.13896, 542884.0]], "timestamp": "2025-12-13T10:27:58.052349+00:00"}, {"symbol": "DOGEUSDT", "bids": [[0.13878, 259432.0], [0.13877, 164120.0], [0.13876, 211333.0], [0.13875, 241617.0], [0.13874, 570871.0], [0.13873, 695787.0], [0.13872, 522678.0], [0.13871, 331439.0], [0.1387, 654363.0], [0.13869, 468966.0], [0.13868, 445649.0], [0.13867, 951179.0], [0.13866, 512373.0], [0.13865, 249372.0], [0.13864, 505990.0], [0.13863, 516795.0], [0.13862, 781299.0], [0.13861, 328982.0], [0.1386, 570586.0], [0.13859, 1235006.0]], "asks": [[0.13879, 168499.0], [0.1388, 289789.0], [0.13881, 187395.0], [0.13882, 498828.0], [0.13883, 760857.0], [0.13884, 527940.0], [0.13885, 481260.0], [0.13886, 569330.0], [0.13887, 577492.0], [0.13888, 477101.0], [0.13889, 533037.0], [0.1389, 674912.0], [0.13891, 548340.0], [0.13892, 672349.0], [0.13893, 1232235.0], [0.13894, 419867.0], [0.13895, 285218.0], [0.13896, 456244.0], [0.13897, 573972.0], [0.13898, 1682985.0]], "timestamp": "2025-12-13T10:28:52.118157+00:00"}, {"symbol": "DOGEUSDT", "bids": [[0.1388, 280054.0], [0.13879, 196998.0], [0.13878, 274604.0], [0.13877, 587854.0], [0.13876, 599523.0], [0.13875, 408910.0], [0.13874, 754502.0], [0.13873, 497217.0], [0.13872, 479454.0], [0.13871, 431911.0], [0.1387, 1324531.0], [0.13869, 445593.0], [0.13868, 202513.0], [0.13867, 390973.0], [0.13866, 906193.0], [0.13865, 611541.0], [0.13864, 322030.0], [0.13863, 429472.0], [0.13862, 1067939.0], [0.13861, 339093.0]], "asks": [[0.13881, 8263.0], [0.13882, 155715.0], [0.13883, 283212.0], [0.13884, 236508.0], [0.13885, 643418.0], [0.13886, 453059.0], [0.13887, 593893.0], [0.13888, 496323.0], [0.13889, 322353.0], [0.1389, 338519.0], [0.13891, 477227.0], [0.13892, 361352.0], [0.13893, 434876.0], [0.13894, 406304.0], [0.13895, 327092.0], [0.13896, 1195173.0], [0.13897, 468919.0], [0.13898, 757061.0], [0.13899, 681372.0], [0.139, 941255.0]], "timestamp": "2025-12-13T10:29:45.681721+00:00"}, {"symbol": "DOGEUSDT", "bids": [[0.13886, 307544.0], [0.13885, 388187.0], [0.13884, 709602.0], [0.13883, 529493.0], [0.13882, 827280.0], [0.13881, 559376.0], [0.1388, 437015.0], [0.13879, 626331.0], [0.13878, 543969.0], [0.13877, 333176.0], [0.13876, 276671.0], [0.13875, 281839.0], [0.13874, 734943.0], [0.13873, 993531.0], [0.13872, 358365.0], [0.13871, 282941.0], [0.1387, 1249483.0], [0.13869, 426661.0], [0.13868, 192503.0], [0.13867, 310783.0]], "asks": [[0.13887, 116613.0], [0.13888, 149699.0], [0.13889, 95702.0], [0.1389, 251802.0], [0.13891, 731494.0], [0.13892, 552023.0], [0.13893, 265340.0], [0.13894, 415824.0], [0.13895, 448678.0], [0.13896, 368595.0], [0.13897, 415251.0], [0.13898, 480998.0], [0.13899, 507149.0], [0.139, 919389.0], [0.13901, 418480.0], [0.13902, 529097.0], [0.13903, 789140.0], [0.13904, 1287970.0], [0.13905, 1566660.0], [0.13906, 753478.0]], "timestamp": "2025-12-13T10:30:40.051756+00:00"}, {"symbol": "DOGEUSDT", "bids": [[0.13888, 210721.0], [0.13887, 450468.0], [0.13886, 519936.0], [0.13885, 661638.0], [0.13884, 699863.0], [0.13883, 925762.0], [0.13882, 557949.0], [0.13881, 712771.0], [0.1388, 313591.0], [0.13879, 470385.0], [0.13878, 324610.0], [0.13877, 360206.0], [0.13876, 1029792.0], [0.13875, 208146.0], [0.13874, 556058.0], [0.13873, 826317.0], [0.13872, 392243.0], [0.13871, 391096.0], [0.1387, 706660.0], [0.13869, 427684.0]], "asks": [[0.13889, 95653.0], [0.1389, 122246.0], [0.13891, 291151.0], [0.13892, 314440.0], [0.13893, 540222.0], [0.13894, 467426.0], [0.13895, 353320.0], [0.13896, 319711.0], [0.13897, 307316.0], [0.13898, 431339.0], [0.13899, 576581.0], [0.139, 504362.0], [0.13901, 230011.0], [0.13902, 420198.0], [0.13903, 447490.0], [0.13904, 234539.0], [0.13905, 980782.0], [0.13906, 560771.0], [0.13907, 559425.0], [0.13908, 858274.0]], "timestamp": "2025-12-13T10:31:36.277895+00:00"}, {"symbol": "DOGEUSDT", "bids": [[0.139, 206340.0], [0.13899, 125755.0], [0.13898, 217767.0], [0.13897, 557320.0], [0.13896, 635191.0], [0.13895, 668061.0], [0.13894, 770999.0], [0.13893, 649629.0], [0.13892, 713403.0], [0.13891, 520291.0], [0.1389, 357542.0], [0.13889, 374954.0], [0.13888, 518588.0], [0.13887, 988382.0], [0.13886, 472566.0], [0.13885, 1152099.0], [0.13884, 474583.0], [0.13883, 254438.0], [0.13882, 301930.0], [0.13881, 470487.0]], "asks": [[0.13901, 85671.0], [0.13902, 176048.0], [0.13903, 152696.0], [0.13904, 187393.0], [0.13905, 459515.0], [0.13906, 449754.0], [0.13907, 521135.0], [0.13908, 505746.0], [0.13909, 389949.0], [0.1391, 436010.0], [0.13911, 418592.0], [0.13912, 540228.0], [0.13913, 481255.0], [0.13914, 457627.0], [0.13915, 703706.0], [0.13916, 1411498.0], [0.13917, 742187.0], [0.13918, 1209783.0], [0.13919, 581649.0], [0.1392, 1280320.0]], "timestamp": "2025-12-13T10:32:30.436839+00:00"}, {"symbol": "DOGEUSDT", "bids": [[0.13901, 68765.0], [0.139, 319813.0], [0.13899, 496658.0], [0.13898, 764173.0], [0.13897, 1354012.0], [0.13896, 560505.0], [0.13895, 551813.0], [0.13894, 636958.0], [0.13893, 635861.0], [0.13892, 814535.0], [0.13891, 330417.0], [0.1389, 290902.0], [0.13889, 353850.0], [0.13888, 495461.0], [0.13887, 988256.0], [0.13886, 506203.0], [0.13885, 1262086.0], [0.13884, 453952.0], [0.13883, 293523.0], [0.13882, 334635.0]], "asks": [[0.13902, 183777.0], [0.13903, 147128.0], [0.13904, 217497.0], [0.13905, 203473.0], [0.13906, 425326.0], [0.13907, 688226.0], [0.13908, 506105.0], [0.13909, 467020.0], [0.1391, 396593.0], [0.13911, 482105.0], [0.13912, 572315.0], [0.13913, 509877.0], [0.13914, 447067.0], [0.13915, 702348.0], [0.13916, 739969.0], [0.13917, 501231.0], [0.13918, 1327140.0], [0.13919, 670186.0], [0.1392, 1319088.0], [0.13921, 610829.0]], "timestamp": "2025-12-13T10:33:24.811946+00:00"}, {"symbol": "DOGEUSDT", "bids": [[0.13909, 235876.0], [0.13908, 166939.0], [0.13907, 361358.0], [0.13906, 401234.0], [0.13905, 790075.0], [0.13904, 607966.0], [0.13903, 582890.0], [0.13902, 652512.0], [0.13901, 373629.0], [0.139, 421842.0], [0.13899, 440160.0], [0.13898, 1057251.0], [0.13897, 320507.0], [0.13896, 530482.0], [0.13895, 598852.0], [0.13894, 403009.0], [0.13893, 781985.0], [0.13892, 421747.0], [0.13891, 323311.0], [0.1389, 612308.0]], "asks": [[0.1391, 110045.0], [0.13911, 225369.0], [0.13912, 92717.0], [0.13913, 247551.0], [0.13914, 512609.0], [0.13915, 377093.0], [0.13916, 444004.0], [0.13917, 504891.0], [0.13918, 477131.0], [0.13919, 674085.0], [0.1392, 838483.0], [0.13921, 400057.0], [0.13922, 587572.0], [0.13923, 664790.0], [0.13924, 1071080.0], [0.13925, 634063.0], [0.13926, 468609.0], [0.13927, 524506.0], [0.13928, 1182073.0], [0.13929, 1119540.0]], "timestamp": "2025-12-13T10:34:19.218422+00:00"}, {"symbol": "DOGEUSDT", "bids": [[0.13906, 251115.0], [0.13905, 446926.0], [0.13904, 358456.0], [0.13903, 441244.0], [0.13902, 1076861.0], [0.13901, 760284.0], [0.139, 410316.0], [0.13899, 243634.0], [0.13898, 321340.0], [0.13897, 327243.0], [0.13896, 353584.0], [0.13895, 482673.0], [0.13894, 1108839.0], [0.13893, 645240.0], [0.13892, 1106824.0], [0.13891, 232149.0], [0.1389, 628064.0], [0.13889, 321188.0], [0.13888, 400028.0], [0.13887, 226571.0]], "asks": [[0.13907, 75567.0], [0.13908, 117655.0], [0.13909, 185600.0], [0.1391, 514061.0], [0.13911, 554873.0], [0.13912, 555649.0], [0.13913, 443205.0], [0.13914, 567505.0], [0.13915, 416781.0], [0.13916, 524970.0], [0.13917, 688590.0], [0.13918, 471398.0], [0.13919, 602525.0], [0.1392, 734003.0], [0.13921, 313897.0], [0.13922, 670111.0], [0.13923, 1161071.0], [0.13924, 1088742.0], [0.13925, 672815.0], [0.13926, 451421.0]], "timestamp": "2025-12-13T10:35:13.767275+00:00"}