[{"id": "979760985", "price": 0.13905, "amount": 99.0, "side": "sell", "timestamp": 1765669306653}, {"id": "979760986", "price": 0.13906, "amount": 109751.0, "side": "buy", "timestamp": 1765669307590}, {"id": "979760987", "price": 0.13907, "amount": 112722.0, "side": "buy", "timestamp": 1765669307590}, {"id": "979760988", "price": 0.13908, "amount": 280075.0, "side": "buy", "timestamp": 1765669307590}, {"id": "979760989", "price": 0.13908, "amount": 1256.0, "side": "buy", "timestamp": 1765669308013}, {"id": "979760990", "price": 0.13907, "amount": 3688.0, "side": "sell", "timestamp": 1765669308347}, {"id": "979760991", "price": 0.13907, "amount": 3593.0, "side": "sell", "timestamp": 1765669308702}, {"id": "979760992", "price": 0.13907, "amount": 3593.0, "side": "sell", "timestamp": 1765669308902}, {"id": "979760993", "price": 0.13907, "amount": 3593.0, "side": "sell", "timestamp": 1765669309126}, {"id": "979760994", "price": 0.13907, "amount": 3593.0, "side": "sell", "timestamp": 1765669309360}, {"id": "979760995", "price": 0.13907, "amount": 3593.0, "side": "sell", "timestamp": 1765669310104}, {"id": "979760996", "price": 0.13907, "amount": 3593.0, "side": "sell", "timestamp": 1765669310301}, {"id": "979760997", "price": 0.13907, "amount": 3593.0, "side": "sell", "timestamp": 1765669310499}, {"id": "979760998", "price": 0.13907, "amount": 1438.0, "side": "sell", "timestamp": 1765669311853}, {"id": "979760999", "price": 0.13908, "amount": 862.0, "side": "buy", "timestamp": 1765669311979}, {"id": "979761000", "price": 0.13908, "amount": 332.0, "side": "buy", "timestamp": 1765669312270}, {"id": "979761001", "price": 0.13908, "amount": 431.0, "side": "buy", "timestamp": 1765669312376}, {"id": "979761002", "price": 0.13908, "amount": 431.0, "side": "buy", "timestamp": 1765669312676}, {"id": "979761003", "price": 0.13908, "amount": 72.0, "side": "buy", "timestamp": 1765669313876}, {"id": "979761004", "price": 0.13907, "amount": 32954.0, "side": "sell", "timestamp": 1765669313877}, {"id": "979761005", "price": 0.13906, "amount": 42225.0, "side": "sell", "timestamp": 1765669313877}, {"id": "979761006", "price": 0.13907, "amount": 72.0, "side": "buy", "timestamp": 1765669314177}, {"id": "979761007", "price": 0.13907, "amount": 72.0, "side": "buy", "timestamp": 1765669314477}, {"id": "979761008", "price": 0.13907, "amount": 72.0, "side": "buy", "timestamp": 1765669314778}, {"id": "979761009", "price": 0.13907, "amount": 72.0, "side": "buy", "timestamp": 1765669315078}, {"id": "979761010", "price": 0.13907, "amount": 1769.0, "side": "buy", "timestamp": 1765669315892}, {"id": "979761011", "price": 0.13907, "amount": 393.0, "side": "buy", "timestamp": 1765669316193}, {"id": "979761012", "price": 0.13906, "amount": 309.0, "side": "sell", "timestamp": 1765669318755}, {"id": "979761013", "price": 0.13906, "amount": 87.0, "side": "sell", "timestamp": 1765669319656}, {"id": "979761014", "price": 0.13907, "amount": 66.0, "side": "buy", "timestamp": 1765669320380}, {"id": "979761015", "price": 0.13907, "amount": 4.0, "side": "buy", "timestamp": 1765669320715}, {"id": "979761016", "price": 0.13906, "amount": 235.0, "side": "sell", "timestamp": 1765669321396}, {"id": "979761017", "price": 0.13906, "amount": 82.0, "side": "sell", "timestamp": 1765669321590}, {"id": "979761018", "price": 0.13906, "amount": 346.0, "side": "sell", "timestamp": 1765669323572}, {"id": "979761019", "price": 0.13907, "amount": 144.0, "side": "buy", "timestamp": 1765669324082}, {"id": "979761020", "price": 0.13906, "amount": 82.0, "side": "sell", "timestamp": 1765669324394}, {"id": "979761021", "price": 0.13907, "amount": 368.0, "side": "buy", "timestamp": 1765669326756}, {"id": "979761022", "price": 0.13906, "amount": 11335.0, "side": "sell", "timestamp": 1765669327108}, {"id": "979761023", "price": 0.13907, "amount": 3.0, "side": "buy", "timestamp": 1765669327227}, {"id": "979761024", "price": 0.13906, "amount": 719.0, "side": "sell", "timestamp": 1765669327497}, {"id": "979761025", "price": 0.13907, "amount": 235.0, "side": "buy", "timestamp": 1765669327972}, {"id": "979761026", "price": 0.13907, "amount": 156.0, "side": "buy", "timestamp": 1765669328275}, {"id": "979761027", "price": 0.13907, "amount": 37.0, "side": "buy", "timestamp": 1765669329430}, {"id": "979761028", "price": 0.13906, "amount": 748.0, "side": "sell", "timestamp": 1765669329802}, {"id": "979761029", "price": 0.13906, "amount": 154.0, "side": "sell", "timestamp": 1765669329983}, {"id": "979761030", "price": 0.13906, "amount": 68412.0, "side": "sell", "timestamp": 1765669330658}, {"id": "979761031", "price": 0.13905, "amount": 13485.0, "side": "sell", "timestamp": 1765669330698}, {"id": "979761032", "price": 0.13904, "amount": 73153.0, "side": "sell", "timestamp": 1765669330698}, {"id": "979761033", "price": 0.13904, "amount": 86.0, "side": "buy", "timestamp": 1765669330955}, {"id": "979761034", "price": 0.13903, "amount": 679.0, "side": "sell", "timestamp": 1765669331141}, {"id": "979761068", "price": 0.13896, "amount": 39.0, "side": "sell", "timestamp": 1765669348383}, {"id": "979761069", "price": 0.13896, "amount": 217.0, "side": "sell", "timestamp": 1765669349884}, {"id": "979761070", "price": 0.13896, "amount": 158.0, "side": "sell", "timestamp": 1765669349987}, {"id": "979761071", "price": 0.13897, "amount": 10.0, "side": "buy", "timestamp": 1765669350130}, {"id": "979761072", "price": 0.13897, "amount": 281.0, "side": "buy", "timestamp": 1765669351131}, {"id": "979761073", "price": 0.13897, "amount": 100.0, "side": "buy", "timestamp": 1765669351547}, {"id": "979761074", "price": 0.13896, "amount": 36.0, "side": "sell", "timestamp": 1765669352298}, {"id": "979761075", "price": 0.13897, "amount": 95.0, "side": "buy", "timestamp": 1765669352860}, {"id": "979761076", "price": 0.13897, "amount": 4.0, "side": "buy", "timestamp": 1765669353653}, {"id": "979761077", "price": 0.13896, "amount": 100.0, "side": "sell", "timestamp": 1765669354116}, {"id": "979761078", "price": 0.13897, "amount": 86.0, "side": "buy", "timestamp": 1765669354157}, {"id": "979761079", "price": 0.13896, "amount": 191.0, "side": "sell", "timestamp": 1765669354752}, {"id": "979761080", "price": 0.13896, "amount": 204.0, "side": "sell", "timestamp": 1765669354946}, {"id": "979761081", "price": 0.13897, "amount": 10694.0, "side": "buy", "timestamp": 1765669355403}, {"id": "979761082", "price": 0.13896, "amount": 86.0, "side": "sell", "timestamp": 1765669355665}, {"id": "979761083", "price": 0.13897, "amount": 86.0, "side": "buy", "timestamp": 1765669357170}, {"id": "979761084", "price": 0.13897, "amount": 136644.0, "side": "buy", "timestamp": 1765669358155}, {"id": "979761085", "price": 0.13897, "amount": 78269.0, "side": "sell", "timestamp": 1765669358159}, {"id": "979761086", "price": 0.13897, "amount": 35.0, "side": "sell", "timestamp": 1765669359068}, {"id": "979761087", "price": 0.13897, "amount": 216.0, "side": "sell", "timestamp": 1765669359196}, {"id": "979761088", "price": 0.13898, "amount": 86.0, "side": "buy", "timestamp": 1765669360031}, {"id": "979761089", "price": 0.13898, "amount": 835.0, "side": "buy", "timestamp": 1765669360207}, {"id": "979761090", "price": 0.13898, "amount": 37.0, "side": "buy", "timestamp": 1765669361259}, {"id": "979761091", "price": 0.13898, "amount": 86.0, "side": "buy", "timestamp": 1765669363056}, {"id": "979761092", "price": 0.13898, "amount": 86.0, "side": "buy", "timestamp": 1765669366068}, {"id": "979761093", "price": 0.13898, "amount": 8.0, "side": "buy", "timestamp": 1765669367209}, {"id": "979761094", "price": 0.13897, "amount": 98.0, "side": "sell", "timestamp": 1765669367939}, {"id": "979761095", "price": 0.13898, "amount": 13597.0, "side": "buy", "timestamp": 1765669368173}, {"id": "979761096", "price": 0.13898, "amount": 86.0, "side": "buy", "timestamp": 1765669369079}, {"id": "979761097", "price": 0.13897, "amount": 140.0, "side": "sell", "timestamp": 1765669369719}, {"id": "979761098", "price": 0.13897, "amount": 191.0, "side": "sell", "timestamp": 1765669369889}, {"id": "979761099", "price": 0.13898, "amount": 32666.0, "side": "buy", "timestamp": 1765669369891}, {"id": "979761100", "price": 0.13899, "amount": 4838.0, "side": "buy", "timestamp": 1765669370446}, {"id": "979761101", "price": 0.139, "amount": 86.0, "side": "buy", "timestamp": 1765669372102}, {"id": "979761102", "price": 0.139, "amount": 52.0, "side": "buy", "timestamp": 1765669374770}, {"id": "979761103", "price": 0.139, "amount": 86.0, "side": "buy", "timestamp": 1765669375135}, {"id": "979761104", "price": 0.139, "amount": 25.0, "side": "buy", "timestamp": 1765669376019}, {"id": "979761105", "price": 0.139, "amount": 255.0, "side": "buy", "timestamp": 1765669377984}, {"id": "979761106", "price": 0.139, "amount": 86.0, "side": "buy", "timestamp": 1765669378165}, {"id": "979761107", "price": 0.139, "amount": 9.0, "side": "buy", "timestamp": 1765669379276}, {"id": "979761108", "price": 0.139, "amount": 86.0, "side": "buy", "timestamp": 1765669381178}, {"id": "979761109", "price": 0.13899, "amount": 20000.0, "side": "sell", "timestamp": 1765669382614}, {"id": "979761110", "price": 0.13899, "amount": 100.0, "side": "sell", "timestamp": 1765669382922}, {"id": "979761111", "price": 0.139, "amount": 71.0, "side": "buy", "timestamp": 1765669383219}, {"id": "979761112", "price": 0.139, "amount": 86.0, "side": "buy", "timestamp": 1765669384005}, {"id": "979761113", "price": 0.139, "amount": 67.0, "side": "buy", "timestamp": 1765669384488}, {"id": "979761114", "price": 0.13899, "amount": 934.0, "side": "sell", "timestamp": 1765669384580}, {"id": "979761115", "price": 0.13899, "amount": 41.0, "side": "sell", "timestamp": 1765669384717}, {"id": "979761116", "price": 0.139, "amount": 187.0, "side": "buy", "timestamp": 1765669384885}, {"id": "979761117", "price": 0.139, "amount": 225.0, "side": "buy", "timestamp": 1765669385108}, {"id": "979761140", "price": 0.13899, "amount": 997.0, "side": "sell", "timestamp": 1765669400061}, {"id": "979761141", "price": 0.139, "amount": 42.0, "side": "buy", "timestamp": 1765669401016}, {"id": "979761142", "price": 0.13899, "amount": 36017.0, "side": "sell", "timestamp": 1765669401931}, {"id": "979761143", "price": 0.139, "amount": 86.0, "side": "buy", "timestamp": 1765669402188}, {"id": "979761144", "price": 0.13899, "amount": 291.0, "side": "sell", "timestamp": 1765669404588}, {"id": "979761145", "price": 0.13899, "amount": 132.0, "side": "sell", "timestamp": 1765669404836}, {"id": "979761146", "price": 0.139, "amount": 9.0, "side": "buy", "timestamp": 1765669404913}, {"id": "979761147", "price": 0.139, "amount": 86.0, "side": "buy", "timestamp": 1765669405018}, {"id": "979761148", "price": 0.13899, "amount": 192.0, "side": "sell", "timestamp": 1765669405028}, {"id": "979761149", "price": 0.139, "amount": 4.0, "side": "buy", "timestamp": 1765669405785}, {"id": "979761150", "price": 0.139, "amount": 86.0, "side": "buy", "timestamp": 1765669408042}, {"id": "979761151", "price": 0.13899, "amount": 145.0, "side": "sell", "timestamp": 1765669409782}, {"id": "979761152", "price": 0.13899, "amount": 190.0, "side": "sell", "timestamp": 1765669409993}, {"id": "979761153", "price": 0.139, "amount": 397.0, "side": "buy", "timestamp": 1765669410093}, {"id": "979761154", "price": 0.139, "amount": 86.0, "side": "buy", "timestamp": 1765669411054}, {"id": "979761155", "price": 0.139, "amount": 4.0, "side": "buy", "timestamp": 1765669411258}, {"id": "979761156", "price": 0.13899, "amount": 100.0, "side": "sell", "timestamp": 1765669411421}, {"id": "979761157", "price": 0.139, "amount": 946.0, "side": "buy", "timestamp": 1765669411455}, {"id": "979761158", "price": 0.139, "amount": 524.0, "side": "buy", "timestamp": 1765669411909}, {"id": "979761159", "price": 0.13899, "amount": 149.0, "side": "sell", "timestamp": 1765669412318}, {"id": "979761160", "price": 0.139, "amount": 5601.0, "side": "buy", "timestamp": 1765669413852}, {"id": "979761161", "price": 0.139, "amount": 5.0, "side": "buy", "timestamp": 1765669413970}, {"id": "979761162", "price": 0.139, "amount": 13721.0, "side": "buy", "timestamp": 1765669414079}, {"id": "979761163", "price": 0.13901, "amount": 8933.0, "side": "buy", "timestamp": 1765669414091}, {"id": "979761164", "price": 0.13902, "amount": 7686.0, "side": "buy", "timestamp": 1765669414230}, {"id": "979761165", "price": 0.13903, "amount": 533.0, "side": "buy", "timestamp": 1765669414285}, {"id": "979761166", "price": 0.13902, "amount": 5912.0, "side": "sell", "timestamp": 1765669414342}, {"id": "979761167", "price": 0.13902, "amount": 612.0, "side": "sell", "timestamp": 1765669417063}, {"id": "979761168", "price": 0.13903, "amount": 36.0, "side": "buy", "timestamp": 1765669417083}, {"id": "979761169", "price": 0.13902, "amount": 3595.0, "side": "sell", "timestamp": 1765669417502}, {"id": "979761170", "price": 0.13902, "amount": 572.0, "side": "sell", "timestamp": 1765669418141}, {"id": "979761171", "price": 0.13903, "amount": 215.0, "side": "buy", "timestamp": 1765669419678}, {"id": "979761172", "price": 0.13902, "amount": 247.0, "side": "sell", "timestamp": 1765669420317}, {"id": "979761173", "price": 0.13903, "amount": 36.0, "side": "buy", "timestamp": 1765669422290}, {"id": "979761174", "price": 0.13902, "amount": 305.0, "side": "sell", "timestamp": 1765669425001}, {"id": "979761175", "price": 0.13902, "amount": 86.0, "side": "sell", "timestamp": 1765669427655}, {"id": "979761176", "price": 0.13902, "amount": 139.0, "side": "sell", "timestamp": 1765669429736}, {"id": "979761177", "price": 0.13902, "amount": 193.0, "side": "sell", "timestamp": 1765669429878}, {"id": "979761178", "price": 0.13902, "amount": 99.0, "side": "sell", "timestamp": 1765669430000}, {"id": "979761179", "price": 0.13902, "amount": 86.0, "side": "sell", "timestamp": 1765669430289}, {"id": "979761180", "price": 0.13903, "amount": 2248.0, "side": "buy", "timestamp": 1765669431471}, {"id": "979761181", "price": 0.13903, "amount": 539.0, "side": "buy", "timestamp": 1765669432331}, {"id": "979761182", "price": 0.13903, "amount": 268.0, "side": "buy", "timestamp": 1765669433023}, {"id": "979761183", "price": 0.13903, "amount": 54415.0, "side": "buy", "timestamp": 1765669433269}, {"id": "979761184", "price": 0.13904, "amount": 103.0, "side": "buy", "timestamp": 1765669433774}, {"id": "979761185", "price": 0.13904, "amount": 84.0, "side": "buy", "timestamp": 1765669434060}, {"id": "979761186", "price": 0.13904, "amount": 8609.0, "side": "buy", "timestamp": 1765669434760}, {"id": "979761187", "price": 0.13905, "amount": 410.0, "side": "buy", "timestamp": 1765669435695}, {"id": "979761188", "price": 0.13905, "amount": 5.0, "side": "buy", "timestamp": 1765669436806}, {"id": "979761189", "price": 0.13905, "amount": 80.0, "side": "buy", "timestamp": 1765669438127}, {"id": "979761184", "price": 0.13904, "amount": 103.0, "side": "buy", "timestamp": 1765669433774}, {"id": "979761185", "price": 0.13904, "amount": 84.0, "side": "buy", "timestamp": 1765669434060}, {"id": "979761186", "price": 0.13904, "amount": 8609.0, "side": "buy", "timestamp": 1765669434760}, {"id": "979761187", "price": 0.13905, "amount": 410.0, "side": "buy", "timestamp": 1765669435695}, {"id": "979761188", "price": 0.13905, "amount": 5.0, "side": "buy", "timestamp": 1765669436806}, {"id": "979761189", "price": 0.13905, "amount": 80.0, "side": "buy", "timestamp": 1765669438127}, {"id": "979761190", "price": 0.13904, "amount": 434.0, "side": "sell", "timestamp": 1765669440853}, {"id": "979761191", "price": 0.13904, "amount": 99.0, "side": "sell", "timestamp": 1765669442168}, {"id": "979761192", "price": 0.13905, "amount": 140.0, "side": "buy", "timestamp": 1765669443104}, {"id": "979761193", "price": 0.13905, "amount": 90.0, "side": "buy", "timestamp": 1765669443466}, {"id": "979761194", "price": 0.13904, "amount": 239.0, "side": "sell", "timestamp": 1765669444638}, {"id": "979761195", "price": 0.13904, "amount": 112.0, "side": "sell", "timestamp": 1765669445751}, {"id": "979761196", "price": 0.13905, "amount": 123.0, "side": "buy", "timestamp": 1765669446492}, {"id": "979761197", "price": 0.13905, "amount": 6.0, "side": "buy", "timestamp": 1765669448435}, {"id": "979761198", "price": 0.13905, "amount": 5.0, "side": "buy", "timestamp": 1765669448806}, {"id": "979761199", "price": 0.13904, "amount": 897.0, "side": "sell", "timestamp": 1765669450105}, {"id": "979761200", "price": 0.13905, "amount": 127.0, "side": "buy", "timestamp": 1765669450982}, {"id": "979761201", "price": 0.13905, "amount": 5.0, "side": "buy", "timestamp": 1765669451415}, {"id": "979761202", "price": 0.13905, "amount": 11714.0, "side": "buy", "timestamp": 1765669452166}, {"id": "979761203", "price": 0.13906, "amount": 28286.0, "side": "buy", "timestamp": 1765669452166}, {"id": "979761204", "price": 0.13906, "amount": 9.0, "side": "buy", "timestamp": 1765669455721}, {"id": "979761205", "price": 0.13905, "amount": 99.0, "side": "sell", "timestamp": 1765669457238}, {"id": "979761206", "price": 0.13905, "amount": 168.0, "side": "sell", "timestamp": 1765669458546}, {"id": "979761207", "price": 0.13906, "amount": 4.0, "side": "buy", "timestamp": 1765669460383}, {"id": "979761208", "price": 0.13905, "amount": 483.0, "side": "sell", "timestamp": 1765669463477}, {"id": "979761209", "price": 0.13905, "amount": 87.0, "side": "sell", "timestamp": 1765669463653}, {"id": "979761210", "price": 0.13905, "amount": 115714.0, "side": "sell", "timestamp": 1765669464058}, {"id": "979761211", "price": 0.13904, "amount": 253.0, "side": "sell", "timestamp": 1765669464821}, {"id": "979761212", "price": 0.13905, "amount": 6251.0, "side": "buy", "timestamp": 1765669464822}, {"id": "979761213", "price": 0.13904, "amount": 125.0, "side": "sell", "timestamp": 1765669465711}, {"id": "979761214", "price": 0.13904, "amount": 53645.0, "side": "sell", "timestamp": 1765669467721}, {"id": "979761215", "price": 0.13904, "amount": 41602.0, "side": "buy", "timestamp": 1765669468165}, {"id": "979761216", "price": 0.13903, "amount": 215.0, "side": "sell", "timestamp": 1765669472692}, {"id": "979761217", "price": 0.13903, "amount": 91.0, "side": "sell", "timestamp": 1765669473404}, {"id": "979761218", "price": 0.13903, "amount": 79.0, "side": "sell", "timestamp": 1765669474165}, {"id": "979761219", "price": 0.13904, "amount": 5.0, "side": "buy", "timestamp": 1765669474348}, {"id": "979761220", "price": 0.13904, "amount": 1000.0, "side": "buy", "timestamp": 1765669474547}, {"id": "979761221", "price": 0.13903, "amount": 99.0, "side": "sell", "timestamp": 1765669475389}, {"id": "979761222", "price": 0.13903, "amount": 315.0, "side": "sell", "timestamp": 1765669479177}, {"id": "979761223", "price": 0.13903, "amount": 216.0, "side": "sell", "timestamp": 1765669479756}, {"id": "979761224", "price": 0.13904, "amount": 8059.0, "side": "buy", "timestamp": 1765669480097}, {"id": "979761225", "price": 0.13903, "amount": 43.0, "side": "sell", "timestamp": 1765669481240}, {"id": "979761226", "price": 0.13904, "amount": 10.0, "side": "buy", "timestamp": 1765669481353}, {"id": "979761227", "price": 0.13903, "amount": 6251.0, "side": "sell", "timestamp": 1765669481387}, {"id": "979761228", "price": 0.13903, "amount": 12854.0, "side": "sell", "timestamp": 1765669481782}, {"id": "979761229", "price": 0.13902, "amount": 8566.0, "side": "sell", "timestamp": 1765669481899}, {"id": "979761230", "price": 0.13902, "amount": 24473.0, "side": "sell", "timestamp": 1765669482011}, {"id": "979761231", "price": 0.13901, "amount": 100.0, "side": "sell", "timestamp": 1765669486305}, {"id": "979761232", "price": 0.13902, "amount": 5.0, "side": "buy", "timestamp": 1765669487531}, {"id": "979761233", "price": 0.13902, "amount": 31.0, "side": "buy", "timestamp": 1765669490841}, {"id": "979761249", "price": 0.13903, "amount": 1000.0, "side": "sell", "timestamp": 1765669508728}, {"id": "979761250", "price": 0.13904, "amount": 22.0, "side": "buy", "timestamp": 1765669509076}, {"id": "979761251", "price": 0.13904, "amount": 29.0, "side": "buy", "timestamp": 1765669513106}, {"id": "979761252", "price": 0.13904, "amount": 6965.0, "side": "buy", "timestamp": 1765669513948}, {"id": "979761253", "price": 0.13904, "amount": 7192.0, "side": "buy", "timestamp": 1765669514646}, {"id": "979761254", "price": 0.13904, "amount": 6965.0, "side": "buy", "timestamp": 1765669516532}, {"id": "979761255", "price": 0.13904, "amount": 38129.0, "side": "buy", "timestamp": 1765669517089}, {"id": "979761256", "price": 0.13904, "amount": 64488.0, "side": "buy", "timestamp": 1765669517372}, {"id": "979761257", "price": 0.13905, "amount": 80395.0, "side": "buy", "timestamp": 1765669517372}, {"id": "979761258", "price": 0.13906, "amount": 27005.0, "side": "buy", "timestamp": 1765669517372}, {"id": "979761259", "price": 0.13905, "amount": 210.0, "side": "buy", "timestamp": 1765669517839}, {"id": "979761260", "price": 0.13904, "amount": 381.0, "side": "sell", "timestamp": 1765669518082}, {"id": "979761261", "price": 0.13905, "amount": 139.0, "side": "buy", "timestamp": 1765669522916}, {"id": "979761262", "price": 0.13905, "amount": 3.0, "side": "buy", "timestamp": 1765669523274}, {"id": "979761263", "price": 0.13905, "amount": 6965.0, "side": "buy", "timestamp": 1765669524385}, {"id": "979761264", "price": 0.13905, "amount": 1176.0, "side": "buy", "timestamp": 1765669524493}, {"id": "979761265", "price": 0.13904, "amount": 74.0, "side": "sell", "timestamp": 1765669524548}, {"id": "979761266", "price": 0.13905, "amount": 56087.0, "side": "buy", "timestamp": 1765669527391}, {"id": "979761267", "price": 0.13906, "amount": 18517.0, "side": "buy", "timestamp": 1765669527446}, {"id": "979761268", "price": 0.13906, "amount": 531.0, "side": "sell", "timestamp": 1765669528480}, {"id": "979761269", "price": 0.13907, "amount": 1176.0, "side": "buy", "timestamp": 1765669529631}, {"id": "979761270", "price": 0.13907, "amount": 6966.0, "side": "buy", "timestamp": 1765669531043}, {"id": "979761271", "price": 0.13906, "amount": 45.0, "side": "sell", "timestamp": 1765669531469}, {"id": "979761272", "price": 0.13907, "amount": 30000.0, "side": "buy", "timestamp": 1765669531636}, {"id": "979761273", "price": 0.13907, "amount": 188.0, "side": "buy", "timestamp": 1765669532937}, {"id": "979761274", "price": 0.13907, "amount": 126.0, "side": "buy", "timestamp": 1765669533813}, {"id": "979761275", "price": 0.13907, "amount": 106758.0, "side": "buy", "timestamp": 1765669534465}, {"id": "979761276", "price": 0.13908, "amount": 6965.0, "side": "buy", "timestamp": 1765669534478}, {"id": "979761277", "price": 0.13907, "amount": 3354.0, "side": "sell", "timestamp": 1765669534660}, {"id": "979761278", "price": 0.13908, "amount": 2878.0, "side": "buy", "timestamp": 1765669534694}, {"id": "979761279", "price": 0.13908, "amount": 86.0, "side": "buy", "timestamp": 1765669534870}, {"id": "979761280", "price": 0.13908, "amount": 1176.0, "side": "buy", "timestamp": 1765669534983}, {"id": "979761281", "price": 0.13908, "amount": 2.0, "side": "buy", "timestamp": 1765669535358}, {"id": "979761282", "price": 0.13907, "amount": 78262.0, "side": "sell", "timestamp": 1765669535362}, {"id": "979761283", "price": 0.13907, "amount": 86.0, "side": "sell", "timestamp": 1765669535661}, {"id": "979761284", "price": 0.13908, "amount": 86.0, "side": "buy", "timestamp": 1765669537104}, {"id": "979761285", "price": 0.13908, "amount": 6965.0, "side": "buy", "timestamp": 1765669537799}, {"id": "979761286", "price": 0.13908, "amount": 373.0, "side": "buy", "timestamp": 1765669538288}, {"id": "979761287", "price": 0.13908, "amount": 33.0, "side": "buy", "timestamp": 1765669539413}, {"id": "979761288", "price": 0.13908, "amount": 76.0, "side": "buy", "timestamp": 1765669539899}, {"id": "979761289", "price": 0.13908, "amount": 301.0, "side": "buy", "timestamp": 1765669540080}, {"id": "979761290", "price": 0.13908, "amount": 1176.0, "side": "buy", "timestamp": 1765669540183}, {"id": "979761291", "price": 0.13908, "amount": 4206.0, "side": "buy", "timestamp": 1765669541491}, {"id": "979761292", "price": 0.13908, "amount": 42.0, "side": "buy", "timestamp": 1765669541752}, {"id": "979761293", "price": 0.13908, "amount": 2.0, "side": "buy", "timestamp": 1765669542357}, {"id": "979761294", "price": 0.13908, "amount": 1000.0, "side": "buy", "timestamp": 1765669543037}, {"id": "979761295", "price": 0.13908, "amount": 86.0, "side": "buy", "timestamp": 1765669543151}, {"id": "979761296", "price": 0.13908, "amount": 62.0, "side": "buy", "timestamp": 1765669543316}, {"id": "979761297", "price": 0.13908, "amount": 2903.0, "side": "buy", "timestamp": 1765669544152}, {"id": "979761298", "price": 0.13908, "amount": 1195.0, "side": "buy", "timestamp": 1765669545297}, {"id": "979761318", "price": 0.13907, "amount": 337.0, "side": "sell", "timestamp": 1765669560503}, {"id": "979761319", "price": 0.13907, "amount": 52656.0, "side": "sell", "timestamp": 1765669560605}, {"id": "979761320", "price": 0.13906, "amount": 69715.0, "side": "sell", "timestamp": 1765669560658}, {"id": "979761321", "price": 0.13906, "amount": 86.0, "side": "buy", "timestamp": 1765669561119}, {"id": "979761322", "price": 0.13906, "amount": 3098.0, "side": "buy", "timestamp": 1765669562581}, {"id": "979761323", "price": 0.13905, "amount": 217.0, "side": "sell", "timestamp": 1765669563850}, {"id": "979761324", "price": 0.13906, "amount": 86.0, "side": "buy", "timestamp": 1765669564142}, {"id": "979761325", "price": 0.13906, "amount": 6966.0, "side": "buy", "timestamp": 1765669564400}, {"id": "979761326", "price": 0.13905, "amount": 111.0, "side": "sell", "timestamp": 1765669564587}, {"id": "979761327", "price": 0.13905, "amount": 2562.0, "side": "sell", "timestamp": 1765669564759}, {"id": "979761328", "price": 0.13906, "amount": 33.0, "side": "buy", "timestamp": 1765669564941}, {"id": "979761329", "price": 0.13906, "amount": 216.0, "side": "buy", "timestamp": 1765669566613}, {"id": "979761330", "price": 0.13906, "amount": 86.0, "side": "buy", "timestamp": 1765669567167}, {"id": "979761331", "price": 0.13906, "amount": 86.0, "side": "buy", "timestamp": 1765669570191}, {"id": "979761332", "price": 0.13905, "amount": 1164.0, "side": "sell", "timestamp": 1765669570327}, {"id": "979761333", "price": 0.13906, "amount": 58180.0, "side": "buy", "timestamp": 1765669571414}, {"id": "979761334", "price": 0.13907, "amount": 79726.0, "side": "buy", "timestamp": 1765669571415}, {"id": "979761335", "price": 0.13906, "amount": 146.0, "side": "sell", "timestamp": 1765669571536}, {"id": "979761336", "price": 0.13906, "amount": 86.0, "side": "sell", "timestamp": 1765669571656}, {"id": "979761337", "price": 0.13907, "amount": 86.0, "side": "buy", "timestamp": 1765669573020}, {"id": "979761338", "price": 0.13906, "amount": 1438.0, "side": "sell", "timestamp": 1765669573766}, {"id": "979761339", "price": 0.13907, "amount": 6965.0, "side": "buy", "timestamp": 1765669574285}, {"id": "979761340", "price": 0.13907, "amount": 68.0, "side": "buy", "timestamp": 1765669574614}, {"id": "979761341", "price": 0.13907, "amount": 5392.0, "side": "buy", "timestamp": 1765669575616}, {"id": "979761342", "price": 0.13907, "amount": 86.0, "side": "buy", "timestamp": 1765669576119}, {"id": "979761343", "price": 0.13907, "amount": 31.0, "side": "buy", "timestamp": 1765669577794}, {"id": "979761344", "price": 0.13906, "amount": 40.0, "side": "sell", "timestamp": 1765669577844}, {"id": "979761345", "price": 0.13907, "amount": 327.0, "side": "buy", "timestamp": 1765669579063}, {"id": "979761346", "price": 0.13906, "amount": 106.0, "side": "sell", "timestamp": 1765669580380}, {"id": "979761347", "price": 0.13907, "amount": 91.0, "side": "buy", "timestamp": 1765669582123}, {"id": "979761348", "price": 0.13907, "amount": 123.0, "side": "buy", "timestamp": 1765669582984}, {"id": "979761349", "price": 0.13907, "amount": 29.0, "side": "buy", "timestamp": 1765669583267}, {"id": "979761350", "price": 0.13907, "amount": 1038.0, "side": "buy", "timestamp": 1765669583389}, {"id": "979761351", "price": 0.13907, "amount": 34651.0, "side": "buy", "timestamp": 1765669583882}, {"id": "979761352", "price": 0.13908, "amount": 149640.0, "side": "buy", "timestamp": 1765669583882}, {"id": "979761353", "price": 0.13909, "amount": 77016.0, "side": "buy", "timestamp": 1765669583886}, {"id": "979761354", "price": 0.1391, "amount": 30.0, "side": "buy", "timestamp": 1765669583948}, {"id": "979761355", "price": 0.1391, "amount": 86905.0, "side": "buy", "timestamp": 1765669585575}, {"id": "979761356", "price": 0.1391, "amount": 38.0, "side": "buy", "timestamp": 1765669586792}, {"id": "979761357", "price": 0.1391, "amount": 5.0, "side": "buy", "timestamp": 1765669588953}, {"id": "979761358", "price": 0.1391, "amount": 33.0, "side": "buy", "timestamp": 1765669590495}, {"id": "979761359", "price": 0.1391, "amount": 69.0, "side": "buy", "timestamp": 1765669590604}, {"id": "979761360", "price": 0.13909, "amount": 40.0, "side": "sell", "timestamp": 1765669591628}, {"id": "979761361", "price": 0.1391, "amount": 100.0, "side": "buy", "timestamp": 1765669593083}, {"id": "979761362", "price": 0.13909, "amount": 231.0, "side": "sell", "timestamp": 1765669594149}, {"id": "979761363", "price": 0.1391, "amount": 718.0, "side": "buy", "timestamp": 1765669594348}, {"id": "979761364", "price": 0.13909, "amount": 719.0, "side": "sell", "timestamp": 1765669594534}, {"id": "979761365", "price": 0.1391, "amount": 5.0, "side": "buy", "timestamp": 1765669594712}, {"id": "979761366", "price": 0.1391, "amount": 9.0, "side": "buy", "timestamp": 1765669595774}, {"id": "979761367", "price": 0.1391, "amount": 1136.0, "side": "buy", "timestamp": 1765669596778}, {"id": "979761377", "price": 0.1391, "amount": 122.0, "side": "buy", "timestamp": 1765669603299}, {"id": "979761378", "price": 0.1391, "amount": 1436.0, "side": "buy", "timestamp": 1765669604277}, {"id": "979761379", "price": 0.1391, "amount": 15.0, "side": "buy", "timestamp": 1765669605951}, {"id": "979761380", "price": 0.1391, "amount": 46.0, "side": "buy", "timestamp": 1765669606732}, {"id": "979761381", "price": 0.1391, "amount": 65.0, "side": "buy", "timestamp": 1765669607323}, {"id": "979761382", "price": 0.13909, "amount": 87.0, "side": "sell", "timestamp": 1765669607659}, {"id": "979761383", "price": 0.1391, "amount": 29.0, "side": "buy", "timestamp": 1765669608691}, {"id": "979761384", "price": 0.13909, "amount": 21.0, "side": "sell", "timestamp": 1765669609590}, {"id": "979761385", "price": 0.1391, "amount": 41.0, "side": "buy", "timestamp": 1765669610941}, {"id": "979761386", "price": 0.1391, "amount": 6965.0, "side": "buy", "timestamp": 1765669611912}, {"id": "979761387", "price": 0.1391, "amount": 1333.0, "side": "buy", "timestamp": 1765669614779}, {"id": "979761388", "price": 0.1391, "amount": 34.0, "side": "buy", "timestamp": 1765669616110}, {"id": "979761389", "price": 0.1391, "amount": 48670.0, "side": "buy", "timestamp": 1765669620493}, {"id": "979761390", "price": 0.13911, "amount": 42173.0, "side": "buy", "timestamp": 1765669620496}, {"id": "979761391", "price": 0.13912, "amount": 375.0, "side": "buy", "timestamp": 1765669620539}, {"id": "979761392", "price": 0.13912, "amount": 73776.0, "side": "buy", "timestamp": 1765669620690}, {"id": "979761393", "price": 0.13913, "amount": 6965.0, "side": "buy", "timestamp": 1765669620718}, {"id": "979761394", "price": 0.13913, "amount": 2957.0, "side": "buy", "timestamp": 1765669621110}, {"id": "979761395", "price": 0.13913, "amount": 100.0, "side": "buy", "timestamp": 1765669621683}, {"id": "979761396", "price": 0.13913, "amount": 193.0, "side": "buy", "timestamp": 1765669621793}, {"id": "979761397", "price": 0.13912, "amount": 129.0, "side": "sell", "timestamp": 1765669622039}, {"id": "979761398", "price": 0.13912, "amount": 29478.0, "side": "sell", "timestamp": 1765669623082}, {"id": "979761399", "price": 0.13912, "amount": 30.0, "side": "buy", "timestamp": 1765669623357}, {"id": "979761400", "price": 0.13912, "amount": 309.0, "side": "buy", "timestamp": 1765669624419}, {"id": "979761401", "price": 0.13912, "amount": 58.0, "side": "buy", "timestamp": 1765669624972}, {"id": "979761402", "price": 0.13911, "amount": 22381.0, "side": "sell", "timestamp": 1765669625635}, {"id": "979761403", "price": 0.1391, "amount": 224.0, "side": "sell", "timestamp": 1765669625696}, {"id": "979761404", "price": 0.1391, "amount": 7272.0, "side": "buy", "timestamp": 1765669625993}, {"id": "979761405", "price": 0.1391, "amount": 45.0, "side": "buy", "timestamp": 1765669626139}, {"id": "979761406", "price": 0.13909, "amount": 2888.0, "side": "sell", "timestamp": 1765669627002}, {"id": "979761407", "price": 0.13909, "amount": 25458.0, "side": "sell", "timestamp": 1765669628638}, {"id": "979761408", "price": 0.13909, "amount": 4648.0, "side": "buy", "timestamp": 1765669628762}, {"id": "979761409", "price": 0.13909, "amount": 2000.0, "side": "buy", "timestamp": 1765669628951}, {"id": "979761410", "price": 0.13908, "amount": 180.0, "side": "sell", "timestamp": 1765669630563}, {"id": "979761411", "price": 0.13909, "amount": 3000.0, "side": "buy", "timestamp": 1765669630627}, {"id": "979761412", "price": 0.13909, "amount": 37.0, "side": "buy", "timestamp": 1765669632211}, {"id": "979761413", "price": 0.13908, "amount": 63.0, "side": "sell", "timestamp": 1765669633619}, {"id": "979761414", "price": 0.13908, "amount": 140.0, "side": "sell", "timestamp": 1765669634746}, {"id": "979761415", "price": 0.13909, "amount": 150.0, "side": "buy", "timestamp": 1765669635114}, {"id": "979761416", "price": 0.13908, "amount": 215.0, "side": "sell", "timestamp": 1765669637093}, {"id": "979761417", "price": 0.13909, "amount": 90.0, "side": "buy", "timestamp": 1765669637768}, {"id": "979761418", "price": 0.13909, "amount": 62.0, "side": "buy", "timestamp": 1765669640505}, {"id": "979761419", "price": 0.13909, "amount": 997.0, "side": "buy", "timestamp": 1765669641531}, {"id": "979761420", "price": 0.13908, "amount": 87.0, "side": "sell", "timestamp": 1765669643656}, {"id": "979761421", "price": 0.13909, "amount": 166.0, "side": "buy", "timestamp": 1765669643920}, {"id": "979761422", "price": 0.13909, "amount": 69.0, "side": "buy", "timestamp": 1765669644424}, {"id": "979761423", "price": 0.13909, "amount": 30.0, "side": "buy", "timestamp": 1765669644528}, {"id": "979761424", "price": 0.13909, "amount": 44.0, "side": "buy", "timestamp": 1765669644630}, {"id": "979761425", "price": 0.13909, "amount": 38.0, "side": "buy", "timestamp": 1765669647346}, {"id": "979761426", "price": 0.13909, "amount": 57.0, "side": "buy", "timestamp": 1765669650582}, {"id": "979761445", "price": 0.13908, "amount": 64431.0, "side": "sell", "timestamp": 1765669669681}, {"id": "979761446", "price": 0.13907, "amount": 434.0, "side": "sell", "timestamp": 1765669670226}, {"id": "979761447", "price": 0.13907, "amount": 20337.0, "side": "sell", "timestamp": 1765669671657}, {"id": "979761448", "price": 0.13907, "amount": 41.0, "side": "buy", "timestamp": 1765669671701}, {"id": "979761449", "price": 0.13907, "amount": 86.0, "side": "buy", "timestamp": 1765669671863}, {"id": "979761450", "price": 0.13907, "amount": 1438.0, "side": "buy", "timestamp": 1765669673965}, {"id": "979761451", "price": 0.13907, "amount": 86.0, "side": "buy", "timestamp": 1765669674089}, {"id": "979761452", "price": 0.13907, "amount": 15.0, "side": "buy", "timestamp": 1765669674442}, {"id": "979761453", "price": 0.13907, "amount": 57.0, "side": "buy", "timestamp": 1765669676518}, {"id": "979761454", "price": 0.13907, "amount": 86.0, "side": "buy", "timestamp": 1765669677114}, {"id": "979761455", "price": 0.13907, "amount": 6941.0, "side": "buy", "timestamp": 1765669677881}, {"id": "979761456", "price": 0.13907, "amount": 8410.0, "side": "buy", "timestamp": 1765669678381}, {"id": "979761457", "price": 0.13906, "amount": 87.0, "side": "sell", "timestamp": 1765669678437}, {"id": "979761458", "price": 0.13906, "amount": 18570.0, "side": "sell", "timestamp": 1765669679666}, {"id": "979761459", "price": 0.13906, "amount": 86.0, "side": "buy", "timestamp": 1765669680140}, {"id": "979761460", "price": 0.13905, "amount": 9000.0, "side": "sell", "timestamp": 1765669680277}, {"id": "979761461", "price": 0.13906, "amount": 82.0, "side": "buy", "timestamp": 1765669680411}, {"id": "979761462", "price": 0.13905, "amount": 52868.0, "side": "sell", "timestamp": 1765669680798}, {"id": "979761463", "price": 0.13905, "amount": 179.0, "side": "buy", "timestamp": 1765669681756}, {"id": "979761464", "price": 0.13905, "amount": 210.0, "side": "buy", "timestamp": 1765669682761}, {"id": "979761465", "price": 0.13905, "amount": 770.0, "side": "buy", "timestamp": 1765669682873}, {"id": "979761466", "price": 0.13905, "amount": 165.0, "side": "buy", "timestamp": 1765669683068}, {"id": "979761467", "price": 0.13905, "amount": 170.0, "side": "buy", "timestamp": 1765669684290}, {"id": "979761468", "price": 0.13905, "amount": 6386.0, "side": "buy", "timestamp": 1765669684418}, {"id": "979761469", "price": 0.13905, "amount": 38.0, "side": "buy", "timestamp": 1765669684913}, {"id": "979761470", "price": 0.13905, "amount": 99.0, "side": "buy", "timestamp": 1765669685068}, {"id": "979761471", "price": 0.13905, "amount": 29.0, "side": "buy", "timestamp": 1765669685547}, {"id": "979761472", "price": 0.13905, "amount": 60.0, "side": "buy", "timestamp": 1765669685918}, {"id": "979761473", "price": 0.13905, "amount": 655.0, "side": "buy", "timestamp": 1765669686190}, {"id": "979761474", "price": 0.13905, "amount": 86.0, "side": "buy", "timestamp": 1765669689017}, {"id": "979761475", "price": 0.13905, "amount": 167.0, "side": "buy", "timestamp": 1765669690212}, {"id": "979761476", "price": 0.13904, "amount": 1436.0, "side": "sell", "timestamp": 1765669690851}, {"id": "979761477", "price": 0.13905, "amount": 171.0, "side": "buy", "timestamp": 1765669691964}, {"id": "979761478", "price": 0.13905, "amount": 23.0, "side": "buy", "timestamp": 1765669692174}, {"id": "979761479", "price": 0.13905, "amount": 32.0, "side": "buy", "timestamp": 1765669692584}, {"id": "979761480", "price": 0.13905, "amount": 69.0, "side": "buy", "timestamp": 1765669692711}, {"id": "979761481", "price": 0.13905, "amount": 49.0, "side": "buy", "timestamp": 1765669693213}, {"id": "979761482", "price": 0.13905, "amount": 60.0, "side": "buy", "timestamp": 1765669694489}, {"id": "979761483", "price": 0.13905, "amount": 86.0, "side": "buy", "timestamp": 1765669695068}, {"id": "979761484", "price": 0.13905, "amount": 57.0, "side": "buy", "timestamp": 1765669695891}, {"id": "979761485", "price": 0.13905, "amount": 1517.0, "side": "buy", "timestamp": 1765669696782}, {"id": "979761486", "price": 0.13905, "amount": 63.0, "side": "buy", "timestamp": 1765669697106}, {"id": "979761487", "price": 0.13905, "amount": 127.0, "side": "buy", "timestamp": 1765669697393}, {"id": "979761488", "price": 0.13905, "amount": 318.0, "side": "buy", "timestamp": 1765669698119}, {"id": "979761489", "price": 0.13905, "amount": 86.0, "side": "buy", "timestamp": 1765669701133}, {"id": "979761490", "price": 0.13905, "amount": 37.0, "side": "buy", "timestamp": 1765669701276}, {"id": "979761491", "price": 0.13905, "amount": 17.0, "side": "buy", "timestamp": 1765669703514}, {"id": "979761492", "price": 0.13904, "amount": 44842.0, "side": "sell", "timestamp": 1765669703945}, {"id": "979761493", "price": 0.13903, "amount": 1235.0, "side": "sell", "timestamp": 1765669704015}, {"id": "979761494", "price": 0.13903, "amount": 86.0, "side": "buy", "timestamp": 1765669704182}, {"id": "979761509", "price": 0.13903, "amount": 62.0, "side": "buy", "timestamp": 1765669714736}, {"id": "979761510", "price": 0.13902, "amount": 98.0, "side": "sell", "timestamp": 1765669714868}, {"id": "979761511", "price": 0.13903, "amount": 222.0, "side": "buy", "timestamp": 1765669715613}, {"id": "979761512", "price": 0.13902, "amount": 86.0, "side": "sell", "timestamp": 1765669715666}, {"id": "979761513", "price": 0.13903, "amount": 113.0, "side": "buy", "timestamp": 1765669716135}, {"id": "979761514", "price": 0.13903, "amount": 15.0, "side": "buy", "timestamp": 1765669716761}, {"id": "979761515", "price": 0.13902, "amount": 340.0, "side": "sell", "timestamp": 1765669717129}, {"id": "979761516", "price": 0.13903, "amount": 33.0, "side": "buy", "timestamp": 1765669718761}, {"id": "979761517", "price": 0.13903, "amount": 86.0, "side": "buy", "timestamp": 1765669719179}, {"id": "979761518", "price": 0.13903, "amount": 123149.0, "side": "buy", "timestamp": 1765669720110}, {"id": "979761519", "price": 0.13904, "amount": 57320.0, "side": "buy", "timestamp": 1765669720110}, {"id": "979761520", "price": 0.13903, "amount": 167.0, "side": "sell", "timestamp": 1765669720210}, {"id": "979761521", "price": 0.13904, "amount": 215.0, "side": "buy", "timestamp": 1765669720738}, {"id": "979761522", "price": 0.13904, "amount": 86.0, "side": "buy", "timestamp": 1765669722025}, {"id": "979761523", "price": 0.13904, "amount": 1600.0, "side": "buy", "timestamp": 1765669722148}, {"id": "979761524", "price": 0.13904, "amount": 26.0, "side": "buy", "timestamp": 1765669723104}, {"id": "979761525", "price": 0.13903, "amount": 244.0, "side": "sell", "timestamp": 1765669724244}, {"id": "979761526", "price": 0.13904, "amount": 86.0, "side": "buy", "timestamp": 1765669725042}, {"id": "979761527", "price": 0.13904, "amount": 222.0, "side": "buy", "timestamp": 1765669725430}, {"id": "979761528", "price": 0.13904, "amount": 30.0, "side": "buy", "timestamp": 1765669727061}, {"id": "979761529", "price": 0.13904, "amount": 200.0, "side": "buy", "timestamp": 1765669727300}, {"id": "979761530", "price": 0.13904, "amount": 719.0, "side": "buy", "timestamp": 1765669727780}, {"id": "979761531", "price": 0.13904, "amount": 58.0, "side": "buy", "timestamp": 1765669727902}, {"id": "979761532", "price": 0.13904, "amount": 86.0, "side": "buy", "timestamp": 1765669728068}, {"id": "979761533", "price": 0.13904, "amount": 12475.0, "side": "buy", "timestamp": 1765669729000}, {"id": "979761534", "price": 0.13905, "amount": 86.0, "side": "buy", "timestamp": 1765669731098}, {"id": "979761535", "price": 0.13905, "amount": 86.0, "side": "buy", "timestamp": 1765669734113}, {"id": "979761536", "price": 0.13905, "amount": 67.0, "side": "buy", "timestamp": 1765669734402}, {"id": "979761537", "price": 0.13905, "amount": 86.0, "side": "buy", "timestamp": 1765669737137}, {"id": "979761538", "price": 0.13905, "amount": 167.0, "side": "buy", "timestamp": 1765669738091}, {"id": "979761539", "price": 0.13905, "amount": 86.0, "side": "buy", "timestamp": 1765669740161}, {"id": "979761540", "price": 0.13904, "amount": 23938.0, "side": "sell", "timestamp": 1765669740743}, {"id": "979761541", "price": 0.13905, "amount": 55.0, "side": "buy", "timestamp": 1765669742670}, {"id": "979761542", "price": 0.13905, "amount": 86.0, "side": "buy", "timestamp": 1765669743175}, {"id": "979761543", "price": 0.13905, "amount": 6940.0, "side": "buy", "timestamp": 1765669743373}, {"id": "979761544", "price": 0.13905, "amount": 33.0, "side": "buy", "timestamp": 1765669744690}, {"id": "979761545", "price": 0.13905, "amount": 86.0, "side": "buy", "timestamp": 1765669746191}, {"id": "979761546", "price": 0.13905, "amount": 207.0, "side": "buy", "timestamp": 1765669746564}, {"id": "979761547", "price": 0.13904, "amount": 66430.0, "side": "sell", "timestamp": 1765669748056}, {"id": "979761548", "price": 0.13903, "amount": 1011.0, "side": "sell", "timestamp": 1765669748084}, {"id": "979761549", "price": 0.13903, "amount": 86.0, "side": "buy", "timestamp": 1765669749053}, {"id": "979761550", "price": 0.13903, "amount": 432.0, "side": "buy", "timestamp": 1765669749305}, {"id": "979761551", "price": 0.13902, "amount": 344.0, "side": "sell", "timestamp": 1765669749789}, {"id": "979761552", "price": 0.13902, "amount": 638.0, "side": "sell", "timestamp": 1765669750029}, {"id": "979761553", "price": 0.13902, "amount": 86.0, "side": "sell", "timestamp": 1765669751657}, {"id": "979761554", "price": 0.13903, "amount": 86.0, "side": "buy", "timestamp": 1765669752088}, {"id": "979761555", "price": 0.13903, "amount": 57.0, "side": "buy", "timestamp": 1765669753501}, {"id": "979761556", "price": 0.13902, "amount": 92.0, "side": "sell", "timestamp": 1765669754979}, {"id": "979761557", "price": 0.13903, "amount": 86.0, "side": "buy", "timestamp": 1765669755122}, {"id": "979761558", "price": 0.13902, "amount": 90.0, "side": "sell", "timestamp": 1765669756536}, {"id": "979761566", "price": 0.13903, "amount": 86.0, "side": "buy", "timestamp": 1765669767010}, {"id": "979761567", "price": 0.13902, "amount": 1561.0, "side": "sell", "timestamp": 1765669767988}, {"id": "979761568", "price": 0.13903, "amount": 38.0, "side": "buy", "timestamp": 1765669769283}, {"id": "979761569", "price": 0.13902, "amount": 13502.0, "side": "sell", "timestamp": 1765669769469}, {"id": "979761570", "price": 0.13903, "amount": 86.0, "side": "buy", "timestamp": 1765669770043}, {"id": "979761571", "price": 0.13902, "amount": 228.0, "side": "sell", "timestamp": 1765669770870}, {"id": "979761572", "price": 0.13903, "amount": 5.0, "side": "buy", "timestamp": 1765669772465}, {"id": "979761573", "price": 0.13902, "amount": 232.0, "side": "sell", "timestamp": 1765669772955}, {"id": "979761574", "price": 0.13903, "amount": 86.0, "side": "buy", "timestamp": 1765669773066}, {"id": "979761575", "price": 0.13902, "amount": 43.0, "side": "sell", "timestamp": 1765669775269}, {"id": "979761576", "price": 0.13902, "amount": 88.0, "side": "sell", "timestamp": 1765669775572}, {"id": "979761577", "price": 0.13902, "amount": 334.0, "side": "sell", "timestamp": 1765669776098}, {"id": "979761578", "price": 0.13903, "amount": 86.0, "side": "buy", "timestamp": 1765669776098}, {"id": "979761579", "price": 0.13903, "amount": 22510.0, "side": "buy", "timestamp": 1765669776307}, {"id": "979761580", "price": 0.13904, "amount": 1012.0, "side": "buy", "timestamp": 1765669776370}, {"id": "979761581", "price": 0.13905, "amount": 17.0, "side": "buy", "timestamp": 1765669776736}, {"id": "979761582", "price": 0.13905, "amount": 86.0, "side": "buy", "timestamp": 1765669779130}, {"id": "979761583", "price": 0.13905, "amount": 58.0, "side": "buy", "timestamp": 1765669779405}, {"id": "979761584", "price": 0.13905, "amount": 215.0, "side": "buy", "timestamp": 1765669780937}, {"id": "979761585", "price": 0.13905, "amount": 86.0, "side": "buy", "timestamp": 1765669782153}, {"id": "979761586", "price": 0.13904, "amount": 14681.0, "side": "sell", "timestamp": 1765669783262}, {"id": "979761587", "price": 0.13905, "amount": 20.0, "side": "buy", "timestamp": 1765669783662}, {"id": "979761588", "price": 0.13905, "amount": 86.0, "side": "buy", "timestamp": 1765669785169}, {"id": "979761589", "price": 0.13905, "amount": 6941.0, "side": "buy", "timestamp": 1765669785883}, {"id": "979761590", "price": 0.13904, "amount": 87.0, "side": "sell", "timestamp": 1765669787658}, {"id": "979761591", "price": 0.13905, "amount": 30.0, "side": "buy", "timestamp": 1765669787920}, {"id": "979761592", "price": 0.13905, "amount": 115.0, "side": "buy", "timestamp": 1765669788172}, {"id": "979761593", "price": 0.13904, "amount": 139829.0, "side": "sell", "timestamp": 1765669789727}, {"id": "979761594", "price": 0.13904, "amount": 86.0, "side": "buy", "timestamp": 1765669791033}, {"id": "979761595", "price": 0.13904, "amount": 86.0, "side": "buy", "timestamp": 1765669794057}, {"id": "979761596", "price": 0.13904, "amount": 245.0, "side": "buy", "timestamp": 1765669794809}, {"id": "979761597", "price": 0.13904, "amount": 21.0, "side": "buy", "timestamp": 1765669795267}, {"id": "979761598", "price": 0.13904, "amount": 39.0, "side": "buy", "timestamp": 1765669795450}, {"id": "979761599", "price": 0.13904, "amount": 86.0, "side": "buy", "timestamp": 1765669797082}, {"id": "979761600", "price": 0.13903, "amount": 8634.0, "side": "sell", "timestamp": 1765669798726}, {"id": "979761601", "price": 0.13903, "amount": 282.0, "side": "sell", "timestamp": 1765669800058}, {"id": "979761602", "price": 0.13904, "amount": 86.0, "side": "buy", "timestamp": 1765669800109}, {"id": "979761603", "price": 0.13903, "amount": 132.0, "side": "sell", "timestamp": 1765669800633}, {"id": "979761604", "price": 0.13903, "amount": 72.0, "side": "sell", "timestamp": 1765669801317}, {"id": "979761605", "price": 0.13903, "amount": 360.0, "side": "sell", "timestamp": 1765669802385}, {"id": "979761606", "price": 0.13904, "amount": 86.0, "side": "buy", "timestamp": 1765669803137}, {"id": "979761607", "price": 0.13904, "amount": 37.0, "side": "buy", "timestamp": 1765669805142}, {"id": "979761608", "price": 0.13904, "amount": 12.0, "side": "buy", "timestamp": 1765669805318}, {"id": "979761609", "price": 0.13903, "amount": 161.0, "side": "sell", "timestamp": 1765669805321}, {"id": "979761610", "price": 0.13904, "amount": 124.0, "side": "buy", "timestamp": 1765669806166}, {"id": "979761611", "price": 0.13904, "amount": 2.0, "side": "buy", "timestamp": 1765669807850}, {"id": "979761612", "price": 0.13904, "amount": 86.0, "side": "buy", "timestamp": 1765669809194}, {"id": "979761613", "price": 0.13904, "amount": 2.0, "side": "buy", "timestamp": 1765669809675}, {"id": "979761614", "price": 0.13903, "amount": 4004.0, "side": "sell", "timestamp": 1765669810251}, {"id": "979761615", "price": 0.13904, "amount": 353.0, "side": "buy", "timestamp": 1765669810873}, {"id": "979761641", "price": 0.13903, "amount": 2876.0, "side": "sell", "timestamp": 1765669835930}, {"id": "979761642", "price": 0.13904, "amount": 86.0, "side": "buy", "timestamp": 1765669836038}, {"id": "979761643", "price": 0.13903, "amount": 217.0, "side": "sell", "timestamp": 1765669837140}, {"id": "979761644", "price": 0.13904, "amount": 111.0, "side": "buy", "timestamp": 1765669837555}, {"id": "979761645", "price": 0.13903, "amount": 37.0, "side": "sell", "timestamp": 1765669838145}, {"id": "979761646", "price": 0.13904, "amount": 51.0, "side": "buy", "timestamp": 1765669838212}, {"id": "979761647", "price": 0.13904, "amount": 86.0, "side": "buy", "timestamp": 1765669839062}, {"id": "979761648", "price": 0.13904, "amount": 66.0, "side": "buy", "timestamp": 1765669840313}, {"id": "979761649", "price": 0.13904, "amount": 18857.0, "side": "buy", "timestamp": 1765669840834}, {"id": "979761650", "price": 0.13904, "amount": 215.0, "side": "buy", "timestamp": 1765669841288}, {"id": "979761651", "price": 0.13903, "amount": 78283.0, "side": "sell", "timestamp": 1765669841292}, {"id": "979761652", "price": 0.13904, "amount": 6.0, "side": "buy", "timestamp": 1765669841802}, {"id": "979761653", "price": 0.13904, "amount": 86.0, "side": "buy", "timestamp": 1765669842093}, {"id": "979761654", "price": 0.13903, "amount": 55.0, "side": "sell", "timestamp": 1765669843321}, {"id": "979761655", "price": 0.13904, "amount": 16.0, "side": "buy", "timestamp": 1765669844808}, {"id": "979761656", "price": 0.13904, "amount": 86.0, "side": "buy", "timestamp": 1765669845108}, {"id": "979761657", "price": 0.13904, "amount": 7.0, "side": "buy", "timestamp": 1765669846370}, {"id": "979761658", "price": 0.13903, "amount": 317.0, "side": "sell", "timestamp": 1765669846393}, {"id": "979761659", "price": 0.13904, "amount": 51.0, "side": "buy", "timestamp": 1765669846676}, {"id": "979761660", "price": 0.13904, "amount": 86.0, "side": "buy", "timestamp": 1765669848134}, {"id": "979761661", "price": 0.13903, "amount": 51.0, "side": "sell", "timestamp": 1765669848332}, {"id": "979761662", "price": 0.13904, "amount": 89.0, "side": "buy", "timestamp": 1765669848589}, {"id": "979761663", "price": 0.13904, "amount": 60.0, "side": "buy", "timestamp": 1765669848932}, {"id": "979761664", "price": 0.13904, "amount": 51.0, "side": "buy", "timestamp": 1765669850170}, {"id": "979761665", "price": 0.13904, "amount": 7.0, "side": "buy", "timestamp": 1765669850339}, {"id": "979761666", "price": 0.13904, "amount": 86.0, "side": "buy", "timestamp": 1765669851177}, {"id": "979761667", "price": 0.13904, "amount": 6.0, "side": "buy", "timestamp": 1765669851693}, {"id": "979761668", "price": 0.13903, "amount": 483.0, "side": "sell", "timestamp": 1765669852414}, {"id": "979761669", "price": 0.13903, "amount": 70.0, "side": "sell", "timestamp": 1765669852810}, {"id": "979761670", "price": 0.13904, "amount": 86.0, "side": "buy", "timestamp": 1765669852824}, {"id": "979761671", "price": 0.13904, "amount": 37.0, "side": "buy", "timestamp": 1765669853135}, {"id": "979761672", "price": 0.13904, "amount": 86.0, "side": "buy", "timestamp": 1765669854013}, {"id": "979761673", "price": 0.13904, "amount": 11429.0, "side": "buy", "timestamp": 1765669854131}, {"id": "979761674", "price": 0.13903, "amount": 72.0, "side": "sell", "timestamp": 1765669855114}, {"id": "979761675", "price": 0.13904, "amount": 51.0, "side": "buy", "timestamp": 1765669855392}, {"id": "979761676", "price": 0.13904, "amount": 86.0, "side": "buy", "timestamp": 1765669857054}, {"id": "979761677", "price": 0.13904, "amount": 49.0, "side": "buy", "timestamp": 1765669857396}, {"id": "979761678", "price": 0.13904, "amount": 122.0, "side": "buy", "timestamp": 1765669859461}, {"id": "979761679", "price": 0.13903, "amount": 86.0, "side": "sell", "timestamp": 1765669859657}, {"id": "979761680", "price": 0.13903, "amount": 423.0, "side": "sell", "timestamp": 1765669860082}, {"id": "979761681", "price": 0.13904, "amount": 86.0, "side": "buy", "timestamp": 1765669860101}, {"id": "979761682", "price": 0.13904, "amount": 42.0, "side": "buy", "timestamp": 1765669860657}, {"id": "979761683", "price": 0.13903, "amount": 81.0, "side": "sell", "timestamp": 1765669861625}, {"id": "979761684", "price": 0.13904, "amount": 51.0, "side": "buy", "timestamp": 1765669862629}, {"id": "979761685", "price": 0.13904, "amount": 86.0, "side": "buy", "timestamp": 1765669863139}, {"id": "979761686", "price": 0.13904, "amount": 44.0, "side": "buy", "timestamp": 1765669863459}, {"id": "979761687", "price": 0.13904, "amount": 27881.0, "side": "buy", "timestamp": 1765669864129}, {"id": "979761688", "price": 0.13905, "amount": 1440.0, "side": "buy", "timestamp": 1765669864213}, {"id": "979761689", "price": 0.13904, "amount": 1632.0, "side": "sell", "timestamp": 1765669864275}, {"id": "979761690", "price": 0.13905, "amount": 40.0, "side": "buy", "timestamp": 1765669864689}, {"id": "979761723", "price": 0.13905, "amount": 163.0, "side": "buy", "timestamp": 1765669889669}, {"id": "979761724", "price": 0.13904, "amount": 126.0, "side": "sell", "timestamp": 1765669889847}, {"id": "979761725", "price": 0.13905, "amount": 40.0, "side": "buy", "timestamp": 1765669889971}, {"id": "979761726", "price": 0.13905, "amount": 51.0, "side": "buy", "timestamp": 1765669890119}, {"id": "979761727", "price": 0.13905, "amount": 4.0, "side": "buy", "timestamp": 1765669891018}, {"id": "979761728", "price": 0.13904, "amount": 225.0, "side": "sell", "timestamp": 1765669892495}, {"id": "979761729", "price": 0.13904, "amount": 74963.0, "side": "sell", "timestamp": 1765669892707}, {"id": "979761730", "price": 0.13903, "amount": 22401.0, "side": "sell", "timestamp": 1765669892750}, {"id": "979761731", "price": 0.13903, "amount": 86.0, "side": "buy", "timestamp": 1765669892844}, {"id": "979761732", "price": 0.13902, "amount": 49.0, "side": "sell", "timestamp": 1765669892915}, {"id": "979761733", "price": 0.13902, "amount": 77.0, "side": "sell", "timestamp": 1765669893511}, {"id": "979761734", "price": 0.13903, "amount": 1.0, "side": "buy", "timestamp": 1765669893837}, {"id": "979761735", "price": 0.13903, "amount": 224.0, "side": "buy", "timestamp": 1765669894093}, {"id": "979761736", "price": 0.13902, "amount": 42.0, "side": "sell", "timestamp": 1765669894391}, {"id": "979761737", "price": 0.13902, "amount": 52.0, "side": "sell", "timestamp": 1765669894872}, {"id": "979761738", "price": 0.13902, "amount": 64.0, "side": "sell", "timestamp": 1765669895046}, {"id": "979761739", "price": 0.13903, "amount": 86.0, "side": "buy", "timestamp": 1765669895071}, {"id": "979761740", "price": 0.13903, "amount": 51.0, "side": "buy", "timestamp": 1765669895483}, {"id": "979761741", "price": 0.13902, "amount": 87.0, "side": "sell", "timestamp": 1765669895672}, {"id": "979761742", "price": 0.13902, "amount": 1509.0, "side": "sell", "timestamp": 1765669895800}, {"id": "979761743", "price": 0.13903, "amount": 20.0, "side": "buy", "timestamp": 1765669897308}, {"id": "979761744", "price": 0.13903, "amount": 54.0, "side": "buy", "timestamp": 1765669897544}, {"id": "979761745", "price": 0.13903, "amount": 86.0, "side": "buy", "timestamp": 1765669898097}, {"id": "979761746", "price": 0.13902, "amount": 294.0, "side": "sell", "timestamp": 1765669898623}, {"id": "979761747", "price": 0.13903, "amount": 47.0, "side": "buy", "timestamp": 1765669898913}, {"id": "979761748", "price": 0.13902, "amount": 51.0, "side": "sell", "timestamp": 1765669899733}, {"id": "979761749", "price": 0.13902, "amount": 69.0, "side": "sell", "timestamp": 1765669899909}, {"id": "979761750", "price": 0.13903, "amount": 86.0, "side": "buy", "timestamp": 1765669901112}, {"id": "979761751", "price": 0.13903, "amount": 215.0, "side": "buy", "timestamp": 1765669901494}, {"id": "979761752", "price": 0.13903, "amount": 1498.0, "side": "buy", "timestamp": 1765669902718}, {"id": "979761753", "price": 0.13903, "amount": 46.0, "side": "buy", "timestamp": 1765669903853}, {"id": "979761754", "price": 0.13903, "amount": 86.0, "side": "buy", "timestamp": 1765669904124}, {"id": "979761755", "price": 0.13903, "amount": 4.0, "side": "buy", "timestamp": 1765669904460}, {"id": "979761756", "price": 0.13902, "amount": 54.0, "side": "sell", "timestamp": 1765669904764}, {"id": "979761757", "price": 0.13902, "amount": 73.0, "side": "sell", "timestamp": 1765669904993}, {"id": "979761758", "price": 0.13903, "amount": 29.0, "side": "buy", "timestamp": 1765669906104}, {"id": "979761759", "price": 0.13903, "amount": 86.0, "side": "buy", "timestamp": 1765669907139}, {"id": "979761760", "price": 0.13903, "amount": 12.0, "side": "buy", "timestamp": 1765669907724}, {"id": "979761761", "price": 0.13902, "amount": 145.0, "side": "sell", "timestamp": 1765669909815}, {"id": "979761762", "price": 0.13902, "amount": 64.0, "side": "sell", "timestamp": 1765669910038}, {"id": "979761763", "price": 0.13903, "amount": 86.0, "side": "buy", "timestamp": 1765669910162}, {"id": "979761764", "price": 0.13903, "amount": 61.0, "side": "buy", "timestamp": 1765669910531}, {"id": "979761765", "price": 0.13903, "amount": 6.0, "side": "buy", "timestamp": 1765669910888}, {"id": "979761766", "price": 0.13903, "amount": 51.0, "side": "buy", "timestamp": 1765669911540}, {"id": "979761767", "price": 0.13902, "amount": 111.0, "side": "sell", "timestamp": 1765669912170}, {"id": "979761768", "price": 0.13903, "amount": 86.0, "side": "buy", "timestamp": 1765669913174}, {"id": "979761769", "price": 0.13903, "amount": 3.0, "side": "buy", "timestamp": 1765669915776}, {"id": "979761770", "price": 0.13903, "amount": 86.0, "side": "buy", "timestamp": 1765669916200}, {"id": "979761771", "price": 0.13903, "amount": 50.0, "side": "buy", "timestamp": 1765669916997}, {"id": "979761772", "price": 0.13903, "amount": 6.0, "side": "buy", "timestamp": 1765669917171}, {"id": "979761781", "price": 0.13905, "amount": 39.0, "side": "buy", "timestamp": 1765669925204}, {"id": "979761782", "price": 0.13905, "amount": 193467.0, "side": "buy", "timestamp": 1765669925823}, {"id": "979761783", "price": 0.13905, "amount": 96.0, "side": "sell", "timestamp": 1765669926273}, {"id": "979761784", "price": 0.13906, "amount": 216.0, "side": "buy", "timestamp": 1765669926348}, {"id": "979761785", "price": 0.13906, "amount": 51.0, "side": "buy", "timestamp": 1765669926458}, {"id": "979761786", "price": 0.13905, "amount": 1834.0, "side": "sell", "timestamp": 1765669926771}, {"id": "979761787", "price": 0.13906, "amount": 152.0, "side": "buy", "timestamp": 1765669929731}, {"id": "979761788", "price": 0.13906, "amount": 105.0, "side": "buy", "timestamp": 1765669930090}, {"id": "979761789", "price": 0.13905, "amount": 213.0, "side": "sell", "timestamp": 1765669930883}, {"id": "979761790", "price": 0.13906, "amount": 127.0, "side": "buy", "timestamp": 1765669931403}, {"id": "979761791", "price": 0.13905, "amount": 86.0, "side": "sell", "timestamp": 1765669931658}, {"id": "979761792", "price": 0.13906, "amount": 12.0, "side": "buy", "timestamp": 1765669933335}, {"id": "979761793", "price": 0.13906, "amount": 7.0, "side": "buy", "timestamp": 1765669934063}, {"id": "979761794", "price": 0.13906, "amount": 11.0, "side": "buy", "timestamp": 1765669935014}, {"id": "979761795", "price": 0.13906, "amount": 5.0, "side": "buy", "timestamp": 1765669935312}, {"id": "979761796", "price": 0.13906, "amount": 63321.0, "side": "buy", "timestamp": 1765669936063}, {"id": "979761797", "price": 0.13907, "amount": 61.0, "side": "buy", "timestamp": 1765669941036}, {"id": "979761798", "price": 0.13907, "amount": 51.0, "side": "buy", "timestamp": 1765669942447}, {"id": "979761799", "price": 0.13907, "amount": 6.0, "side": "buy", "timestamp": 1765669942653}, {"id": "979761800", "price": 0.13907, "amount": 6.0, "side": "buy", "timestamp": 1765669942847}, {"id": "979761801", "price": 0.13907, "amount": 174.0, "side": "buy", "timestamp": 1765669943466}, {"id": "979761802", "price": 0.13907, "amount": 75179.0, "side": "buy", "timestamp": 1765669943597}, {"id": "979761803", "price": 0.13906, "amount": 64071.0, "side": "sell", "timestamp": 1765669944376}, {"id": "979761804", "price": 0.13906, "amount": 658.0, "side": "buy", "timestamp": 1765669944529}, {"id": "979761805", "price": 0.13906, "amount": 1877.0, "side": "buy", "timestamp": 1765669946804}, {"id": "979761806", "price": 0.13906, "amount": 6.0, "side": "buy", "timestamp": 1765669947767}, {"id": "979761807", "price": 0.13906, "amount": 7.0, "side": "buy", "timestamp": 1765669948327}, {"id": "979761808", "price": 0.13905, "amount": 78297.0, "side": "sell", "timestamp": 1765669948331}, {"id": "979761809", "price": 0.13906, "amount": 43.0, "side": "buy", "timestamp": 1765669949726}, {"id": "979761810", "price": 0.13906, "amount": 76.0, "side": "buy", "timestamp": 1765669950592}, {"id": "979761811", "price": 0.13906, "amount": 45.0, "side": "buy", "timestamp": 1765669951112}, {"id": "979761812", "price": 0.13906, "amount": 8.0, "side": "buy", "timestamp": 1765669951576}, {"id": "979761813", "price": 0.13905, "amount": 5185.0, "side": "sell", "timestamp": 1765669951640}, {"id": "979761814", "price": 0.13905, "amount": 164.0, "side": "buy", "timestamp": 1765669951915}, {"id": "979761815", "price": 0.13905, "amount": 3.0, "side": "buy", "timestamp": 1765669954224}, {"id": "979761816", "price": 0.13905, "amount": 2.0, "side": "buy", "timestamp": 1765669954335}, {"id": "979761817", "price": 0.13905, "amount": 132.0, "side": "buy", "timestamp": 1765669956161}, {"id": "979761818", "price": 0.13905, "amount": 4901.0, "side": "buy", "timestamp": 1765669957716}, {"id": "979761819", "price": 0.13906, "amount": 3.0, "side": "buy", "timestamp": 1765669958058}, {"id": "979761820", "price": 0.13906, "amount": 51.0, "side": "buy", "timestamp": 1765669958785}, {"id": "979761821", "price": 0.13906, "amount": 55.0, "side": "buy", "timestamp": 1765669959087}, {"id": "979761822", "price": 0.13905, "amount": 220.0, "side": "sell", "timestamp": 1765669959968}, {"id": "979761823", "price": 0.13906, "amount": 98.0, "side": "buy", "timestamp": 1765669961652}, {"id": "979761824", "price": 0.13905, "amount": 216.0, "side": "sell", "timestamp": 1765669961970}, {"id": "979761825", "price": 0.13905, "amount": 2.0, "side": "sell", "timestamp": 1765669963591}, {"id": "979761826", "price": 0.13906, "amount": 42.0, "side": "buy", "timestamp": 1765669964901}, {"id": "979761827", "price": 0.13906, "amount": 5.0, "side": "buy", "timestamp": 1765669966144}, {"id": "979761828", "price": 0.13905, "amount": 87.0, "side": "sell", "timestamp": 1765669967660}, {"id": "979761829", "price": 0.13906, "amount": 6.0, "side": "buy", "timestamp": 1765669968249}, {"id": "979761830", "price": 0.13906, "amount": 2.0, "side": "buy", "timestamp": 1765669969113}, {"id": "979761894", "price": 0.13903, "amount": 50.0, "side": "sell", "timestamp": 1765670006626}, {"id": "979761895", "price": 0.13903, "amount": 50.0, "side": "sell", "timestamp": 1765670007473}, {"id": "979761896", "price": 0.13903, "amount": 50.0, "side": "sell", "timestamp": 1765670008075}, {"id": "979761897", "price": 0.13904, "amount": 6.0, "side": "buy", "timestamp": 1765670008374}, {"id": "979761898", "price": 0.13903, "amount": 50.0, "side": "sell", "timestamp": 1765670008675}, {"id": "979761899", "price": 0.13904, "amount": 86.0, "side": "buy", "timestamp": 1765670009140}, {"id": "979761900", "price": 0.13903, "amount": 50.0, "side": "sell", "timestamp": 1765670009284}, {"id": "979761901", "price": 0.13903, "amount": 109.0, "side": "sell", "timestamp": 1765670009802}, {"id": "979761902", "price": 0.13903, "amount": 69.0, "side": "sell", "timestamp": 1765670010004}, {"id": "979761903", "price": 0.13904, "amount": 12.0, "side": "buy", "timestamp": 1765670010354}, {"id": "979761904", "price": 0.13903, "amount": 50.0, "side": "sell", "timestamp": 1765670010477}, {"id": "979761905", "price": 0.13903, "amount": 1438.0, "side": "sell", "timestamp": 1765670011793}, {"id": "979761906", "price": 0.13903, "amount": 50.0, "side": "sell", "timestamp": 1765670011981}, {"id": "979761907", "price": 0.13904, "amount": 86.0, "side": "buy", "timestamp": 1765670012154}, {"id": "979761908", "price": 0.13904, "amount": 8.0, "side": "buy", "timestamp": 1765670012342}, {"id": "979761909", "price": 0.13903, "amount": 50.0, "side": "sell", "timestamp": 1765670012588}, {"id": "979761910", "price": 0.13903, "amount": 50.0, "side": "sell", "timestamp": 1765670013191}, {"id": "979761911", "price": 0.13904, "amount": 50.0, "side": "buy", "timestamp": 1765670013471}, {"id": "979761912", "price": 0.13903, "amount": 584.0, "side": "sell", "timestamp": 1765670013804}, {"id": "979761913", "price": 0.13903, "amount": 100.0, "side": "sell", "timestamp": 1765670014683}, {"id": "979761914", "price": 0.13903, "amount": 69.0, "side": "sell", "timestamp": 1765670014904}, {"id": "979761915", "price": 0.13904, "amount": 226.0, "side": "buy", "timestamp": 1765670015006}, {"id": "979761916", "price": 0.13904, "amount": 88.0, "side": "buy", "timestamp": 1765670015164}, {"id": "979761917", "price": 0.13903, "amount": 50.0, "side": "sell", "timestamp": 1765670015283}, {"id": "979761918", "price": 0.13903, "amount": 50.0, "side": "sell", "timestamp": 1765670015886}, {"id": "979761919", "price": 0.13903, "amount": 50.0, "side": "sell", "timestamp": 1765670016475}, {"id": "979761920", "price": 0.13903, "amount": 20000.0, "side": "sell", "timestamp": 1765670016776}, {"id": "979761921", "price": 0.13903, "amount": 50.0, "side": "sell", "timestamp": 1765670017993}, {"id": "979761922", "price": 0.13904, "amount": 89.0, "side": "buy", "timestamp": 1765670018186}, {"id": "979761923", "price": 0.13903, "amount": 50.0, "side": "sell", "timestamp": 1765670018578}, {"id": "979761924", "price": 0.13903, "amount": 50.0, "side": "sell", "timestamp": 1765670019179}, {"id": "979761925", "price": 0.13904, "amount": 6.0, "side": "buy", "timestamp": 1765670019334}, {"id": "979761926", "price": 0.13904, "amount": 51.0, "side": "buy", "timestamp": 1765670019621}, {"id": "979761927", "price": 0.13903, "amount": 123.0, "side": "sell", "timestamp": 1765670019829}, {"id": "979761928", "price": 0.13903, "amount": 52.0, "side": "sell", "timestamp": 1765670020052}, {"id": "979761929", "price": 0.13904, "amount": 355.0, "side": "buy", "timestamp": 1765670020327}, {"id": "979761930", "price": 0.13904, "amount": 86.0, "side": "buy", "timestamp": 1765670021008}, {"id": "979761931", "price": 0.13904, "amount": 597.0, "side": "buy", "timestamp": 1765670021259}, {"id": "979761932", "price": 0.13903, "amount": 50.0, "side": "sell", "timestamp": 1765670021297}, {"id": "979761933", "price": 0.13903, "amount": 50.0, "side": "sell", "timestamp": 1765670021894}, {"id": "979761934", "price": 0.13904, "amount": 216.0, "side": "buy", "timestamp": 1765670022079}, {"id": "979761935", "price": 0.13903, "amount": 11507.0, "side": "sell", "timestamp": 1765670022228}, {"id": "979761936", "price": 0.13902, "amount": 3405.0, "side": "sell", "timestamp": 1765670023194}, {"id": "979761937", "price": 0.13902, "amount": 50.0, "side": "sell", "timestamp": 1765670023717}, {"id": "979761938", "price": 0.13903, "amount": 86.0, "side": "buy", "timestamp": 1765670024040}, {"id": "979761939", "price": 0.13902, "amount": 50.0, "side": "sell", "timestamp": 1765670024292}, {"id": "979761940", "price": 0.13902, "amount": 59.0, "side": "sell", "timestamp": 1765670024760}, {"id": "979761941", "price": 0.13902, "amount": 65.0, "side": "sell", "timestamp": 1765670024879}, {"id": "979761942", "price": 0.13903, "amount": 3.0, "side": "buy", "timestamp": 1765670024903}, {"id": "979761943", "price": 0.13902, "amount": 50.0, "side": "sell", "timestamp": 1765670024917}, {"id": "979762027", "price": 0.13902, "amount": 50.0, "side": "sell", "timestamp": 1765670056126}, {"id": "979762028", "price": 0.13903, "amount": 3.0, "side": "buy", "timestamp": 1765670056615}, {"id": "979762029", "price": 0.13902, "amount": 50.0, "side": "sell", "timestamp": 1765670056727}, {"id": "979762030", "price": 0.13903, "amount": 86.0, "side": "buy", "timestamp": 1765670057161}, {"id": "979762031", "price": 0.13902, "amount": 50.0, "side": "sell", "timestamp": 1765670057328}, {"id": "979762032", "price": 0.13903, "amount": 253.0, "side": "buy", "timestamp": 1765670057628}, {"id": "979762033", "price": 0.13902, "amount": 50.0, "side": "sell", "timestamp": 1765670057977}, {"id": "979762034", "price": 0.13902, "amount": 50.0, "side": "sell", "timestamp": 1765670059439}, {"id": "979762035", "price": 0.13902, "amount": 241.0, "side": "sell", "timestamp": 1765670059944}, {"id": "979762036", "price": 0.13903, "amount": 894.0, "side": "buy", "timestamp": 1765670060185}, {"id": "979762037", "price": 0.13903, "amount": 184.0, "side": "sell", "timestamp": 1765670060567}, {"id": "979762038", "price": 0.13902, "amount": 50.0, "side": "sell", "timestamp": 1765670060632}, {"id": "979762039", "price": 0.13902, "amount": 50.0, "side": "sell", "timestamp": 1765670061533}, {"id": "979762040", "price": 0.13902, "amount": 50.0, "side": "sell", "timestamp": 1765670062152}, {"id": "979762041", "price": 0.13903, "amount": 51.0, "side": "buy", "timestamp": 1765670062687}, {"id": "979762042", "price": 0.13903, "amount": 86.0, "side": "buy", "timestamp": 1765670063046}, {"id": "979762043", "price": 0.13902, "amount": 50.0, "side": "sell", "timestamp": 1765670063634}, {"id": "979762044", "price": 0.13902, "amount": 266.0, "side": "sell", "timestamp": 1765670064189}, {"id": "979762045", "price": 0.13903, "amount": 393.0, "side": "buy", "timestamp": 1765670064331}, {"id": "979762046", "price": 0.13902, "amount": 50.0, "side": "sell", "timestamp": 1765670064845}, {"id": "979762047", "price": 0.13903, "amount": 291.0, "side": "buy", "timestamp": 1765670064923}, {"id": "979762048", "price": 0.13903, "amount": 86.0, "side": "buy", "timestamp": 1765670066056}, {"id": "979762049", "price": 0.13902, "amount": 50.0, "side": "sell", "timestamp": 1765670066338}, {"id": "979762050", "price": 0.13902, "amount": 1488.0, "side": "sell", "timestamp": 1765670066938}, {"id": "979762051", "price": 0.13903, "amount": 42919.0, "side": "buy", "timestamp": 1765670067405}, {"id": "979762052", "price": 0.13902, "amount": 50.0, "side": "sell", "timestamp": 1765670067543}, {"id": "979762053", "price": 0.13903, "amount": 2218.0, "side": "buy", "timestamp": 1765670067903}, {"id": "979762054", "price": 0.13904, "amount": 5.0, "side": "buy", "timestamp": 1765670068064}, {"id": "979762055", "price": 0.13903, "amount": 50.0, "side": "sell", "timestamp": 1765670068140}, {"id": "979762056", "price": 0.13904, "amount": 93.0, "side": "buy", "timestamp": 1765670069022}, {"id": "979762057", "price": 0.13903, "amount": 50.0, "side": "sell", "timestamp": 1765670069650}, {"id": "979762058", "price": 0.13903, "amount": 50.0, "side": "sell", "timestamp": 1765670070246}, {"id": "979762059", "price": 0.13903, "amount": 50.0, "side": "sell", "timestamp": 1765670070853}, {"id": "979762060", "price": 0.13904, "amount": 6.0, "side": "buy", "timestamp": 1765670070910}, {"id": "979762061", "price": 0.13904, "amount": 2790.0, "side": "buy", "timestamp": 1765670071192}, {"id": "979762062", "price": 0.13904, "amount": 50.0, "side": "sell", "timestamp": 1765670071451}, {"id": "979762063", "price": 0.13905, "amount": 8.0, "side": "buy", "timestamp": 1765670072901}, {"id": "979762064", "price": 0.13904, "amount": 50.0, "side": "sell", "timestamp": 1765670072947}, {"id": "979762065", "price": 0.13904, "amount": 50.0, "side": "sell", "timestamp": 1765670073548}, {"id": "979762066", "price": 0.13904, "amount": 50.0, "side": "sell", "timestamp": 1765670074157}, {"id": "979762067", "price": 0.13905, "amount": 172.0, "side": "buy", "timestamp": 1765670074656}, {"id": "979762068", "price": 0.13904, "amount": 151.0, "side": "sell", "timestamp": 1765670075659}, {"id": "979762069", "price": 0.13905, "amount": 5.0, "side": "buy", "timestamp": 1765670075683}, {"id": "979762070", "price": 0.13905, "amount": 7.0, "side": "buy", "timestamp": 1765670075806}, {"id": "979762071", "price": 0.13905, "amount": 22112.0, "side": "buy", "timestamp": 1765670076104}, {"id": "979762072", "price": 0.13904, "amount": 50.0, "side": "sell", "timestamp": 1765670076260}, {"id": "979762073", "price": 0.13904, "amount": 50.0, "side": "sell", "timestamp": 1765670076860}, {"id": "979762074", "price": 0.13904, "amount": 50.0, "side": "sell", "timestamp": 1765670077480}, {"id": "979762075", "price": 0.13905, "amount": 51.0, "side": "buy", "timestamp": 1765670077966}, {"id": "979762076", "price": 0.13905, "amount": 3.0, "side": "buy", "timestamp": 1765670078668}, {"id": "979762151", "price": 0.13905, "amount": 23.0, "side": "buy", "timestamp": 1765670112253}, {"id": "979762152", "price": 0.13904, "amount": 246.0, "side": "sell", "timestamp": 1765670113378}, {"id": "979762153", "price": 0.13904, "amount": 50.0, "side": "sell", "timestamp": 1765670113515}, {"id": "979762154", "price": 0.13905, "amount": 1306.0, "side": "buy", "timestamp": 1765670114051}, {"id": "979762155", "price": 0.13904, "amount": 50.0, "side": "sell", "timestamp": 1765670114117}, {"id": "979762156", "price": 0.13904, "amount": 50.0, "side": "sell", "timestamp": 1765670114721}, {"id": "979762157", "price": 0.13905, "amount": 1.0, "side": "buy", "timestamp": 1765670115236}, {"id": "979762158", "price": 0.13905, "amount": 2.0, "side": "buy", "timestamp": 1765670115510}, {"id": "979762159", "price": 0.13905, "amount": 75.0, "side": "buy", "timestamp": 1765670115759}, {"id": "979762160", "price": 0.13904, "amount": 50.0, "side": "sell", "timestamp": 1765670116230}, {"id": "979762161", "price": 0.13904, "amount": 443.0, "side": "sell", "timestamp": 1765670116476}, {"id": "979762162", "price": 0.13904, "amount": 50.0, "side": "sell", "timestamp": 1765670116823}, {"id": "979762163", "price": 0.13904, "amount": 50.0, "side": "sell", "timestamp": 1765670117427}, {"id": "979762164", "price": 0.13904, "amount": 3034.0, "side": "sell", "timestamp": 1765670117994}, {"id": "979762165", "price": 0.13905, "amount": 7.0, "side": "buy", "timestamp": 1765670119529}, {"id": "979762166", "price": 0.13904, "amount": 50.0, "side": "sell", "timestamp": 1765670119533}, {"id": "979762167", "price": 0.13904, "amount": 50.0, "side": "sell", "timestamp": 1765670120134}, {"id": "979762168", "price": 0.13905, "amount": 1.0, "side": "buy", "timestamp": 1765670120164}, {"id": "979762169", "price": 0.13904, "amount": 50.0, "side": "sell", "timestamp": 1765670120734}, {"id": "979762170", "price": 0.13905, "amount": 10.0, "side": "buy", "timestamp": 1765670121154}, {"id": "979762171", "price": 0.13904, "amount": 181106.0, "side": "sell", "timestamp": 1765670121220}, {"id": "979762172", "price": 0.13904, "amount": 50.0, "side": "sell", "timestamp": 1765670121339}, {"id": "979762173", "price": 0.13904, "amount": 3596.0, "side": "sell", "timestamp": 1765670121464}, {"id": "979762174", "price": 0.13904, "amount": 1302.0, "side": "sell", "timestamp": 1765670121629}, {"id": "979762175", "price": 0.13904, "amount": 97.0, "side": "buy", "timestamp": 1765670121681}, {"id": "979762176", "price": 0.13904, "amount": 4.0, "side": "buy", "timestamp": 1765670121958}, {"id": "979762177", "price": 0.13904, "amount": 51.0, "side": "buy", "timestamp": 1765670122178}, {"id": "979762178", "price": 0.13903, "amount": 1438.0, "side": "sell", "timestamp": 1765670122631}, {"id": "979762179", "price": 0.13903, "amount": 50.0, "side": "sell", "timestamp": 1765670122845}, {"id": "979762180", "price": 0.13903, "amount": 1438.0, "side": "sell", "timestamp": 1765670123038}, {"id": "979762181", "price": 0.13903, "amount": 50.0, "side": "sell", "timestamp": 1765670123446}, {"id": "979762182", "price": 0.13903, "amount": 50.0, "side": "sell", "timestamp": 1765670124049}, {"id": "979762183", "price": 0.13904, "amount": 86.0, "side": "buy", "timestamp": 1765670124163}, {"id": "979762184", "price": 0.13903, "amount": 450.0, "side": "sell", "timestamp": 1765670124703}, {"id": "979762185", "price": 0.13904, "amount": 12.0, "side": "buy", "timestamp": 1765670125104}, {"id": "979762186", "price": 0.13903, "amount": 50.0, "side": "sell", "timestamp": 1765670125560}, {"id": "979762187", "price": 0.13903, "amount": 50.0, "side": "sell", "timestamp": 1765670126164}, {"id": "979762188", "price": 0.13904, "amount": 62.0, "side": "buy", "timestamp": 1765670126567}, {"id": "979762189", "price": 0.13903, "amount": 50.0, "side": "sell", "timestamp": 1765670126766}, {"id": "979762190", "price": 0.13904, "amount": 86.0, "side": "buy", "timestamp": 1765670127188}, {"id": "979762191", "price": 0.13903, "amount": 50.0, "side": "sell", "timestamp": 1765670127365}, {"id": "979762192", "price": 0.13904, "amount": 7282.0, "side": "buy", "timestamp": 1765670128509}, {"id": "979762193", "price": 0.13905, "amount": 71.0, "side": "buy", "timestamp": 1765670128764}, {"id": "979762194", "price": 0.13904, "amount": 50.0, "side": "sell", "timestamp": 1765670129469}, {"id": "979762195", "price": 0.13904, "amount": 50.0, "side": "sell", "timestamp": 1765670130078}, {"id": "979762196", "price": 0.13905, "amount": 5.0, "side": "buy", "timestamp": 1765670130290}, {"id": "979762197", "price": 0.13904, "amount": 50.0, "side": "sell", "timestamp": 1765670130690}, {"id": "979762198", "price": 0.13904, "amount": 239.0, "side": "sell", "timestamp": 1765670131440}, {"id": "979762199", "price": 0.13904, "amount": 50.0, "side": "sell", "timestamp": 1765670131599}, {"id": "979762200", "price": 0.13904, "amount": 50.0, "side": "sell", "timestamp": 1765670133098}, {"id": "979762268", "price": 0.13906, "amount": 1.0, "side": "buy", "timestamp": 1765670165700}, {"id": "979762269", "price": 0.13905, "amount": 50.0, "side": "sell", "timestamp": 1765670165869}, {"id": "979762270", "price": 0.13905, "amount": 50.0, "side": "sell", "timestamp": 1765670166438}, {"id": "979762271", "price": 0.13906, "amount": 1759.0, "side": "buy", "timestamp": 1765670166880}, {"id": "979762272", "price": 0.13905, "amount": 127.0, "side": "sell", "timestamp": 1765670167001}, {"id": "979762273", "price": 0.13905, "amount": 92.0, "side": "sell", "timestamp": 1765670167298}, {"id": "979762274", "price": 0.13906, "amount": 10.0, "side": "buy", "timestamp": 1765670167846}, {"id": "979762275", "price": 0.13905, "amount": 50.0, "side": "sell", "timestamp": 1765670168536}, {"id": "979762276", "price": 0.13906, "amount": 303.0, "side": "buy", "timestamp": 1765670168722}, {"id": "979762277", "price": 0.13905, "amount": 50.0, "side": "sell", "timestamp": 1765670169137}, {"id": "979762278", "price": 0.13905, "amount": 328.0, "side": "sell", "timestamp": 1765670169724}, {"id": "979762279", "price": 0.13905, "amount": 341.0, "side": "sell", "timestamp": 1765670169828}, {"id": "979762280", "price": 0.13905, "amount": 159.0, "side": "sell", "timestamp": 1765670169953}, {"id": "979762281", "price": 0.13906, "amount": 23.0, "side": "buy", "timestamp": 1765670170641}, {"id": "979762282", "price": 0.13906, "amount": 246.0, "side": "buy", "timestamp": 1765670170979}, {"id": "979762283", "price": 0.13906, "amount": 51.0, "side": "buy", "timestamp": 1765670171135}, {"id": "979762284", "price": 0.13905, "amount": 50.0, "side": "sell", "timestamp": 1765670171239}, {"id": "979762285", "price": 0.13905, "amount": 771.0, "side": "sell", "timestamp": 1765670171840}, {"id": "979762286", "price": 0.13906, "amount": 246.0, "side": "buy", "timestamp": 1765670171930}, {"id": "979762287", "price": 0.13905, "amount": 50.0, "side": "sell", "timestamp": 1765670172441}, {"id": "979762288", "price": 0.13906, "amount": 11.0, "side": "buy", "timestamp": 1765670172973}, {"id": "979762289", "price": 0.13905, "amount": 50.0, "side": "sell", "timestamp": 1765670173041}, {"id": "979762290", "price": 0.13906, "amount": 80.0, "side": "buy", "timestamp": 1765670173311}, {"id": "979762291", "price": 0.13906, "amount": 159.0, "side": "buy", "timestamp": 1765670174536}, {"id": "979762292", "price": 0.13905, "amount": 50.0, "side": "sell", "timestamp": 1765670174553}, {"id": "979762293", "price": 0.13905, "amount": 108.0, "side": "sell", "timestamp": 1765670174759}, {"id": "979762294", "price": 0.13905, "amount": 326.0, "side": "sell", "timestamp": 1765670174959}, {"id": "979762295", "price": 0.13905, "amount": 50.0, "side": "sell", "timestamp": 1765670175152}, {"id": "979762296", "price": 0.13906, "amount": 12.0, "side": "buy", "timestamp": 1765670175365}, {"id": "979762297", "price": 0.13905, "amount": 50.0, "side": "sell", "timestamp": 1765670175753}, {"id": "979762298", "price": 0.13905, "amount": 50.0, "side": "sell", "timestamp": 1765670176375}, {"id": "979762299", "price": 0.13906, "amount": 13.0, "side": "buy", "timestamp": 1765670177728}, {"id": "979762300", "price": 0.13905, "amount": 50.0, "side": "sell", "timestamp": 1765670177856}, {"id": "979762301", "price": 0.13906, "amount": 8.0, "side": "buy", "timestamp": 1765670178114}, {"id": "979762302", "price": 0.13905, "amount": 50.0, "side": "sell", "timestamp": 1765670178448}, {"id": "979762303", "price": 0.13905, "amount": 50.0, "side": "sell", "timestamp": 1765670179049}, {"id": "979762304", "price": 0.13905, "amount": 359.0, "side": "sell", "timestamp": 1765670179917}, {"id": "979762305", "price": 0.13905, "amount": 52.0, "side": "sell", "timestamp": 1765670180018}, {"id": "979762306", "price": 0.13905, "amount": 50.0, "side": "sell", "timestamp": 1765670180572}, {"id": "979762307", "price": 0.13905, "amount": 50.0, "side": "sell", "timestamp": 1765670181164}, {"id": "979762308", "price": 0.13905, "amount": 50.0, "side": "sell", "timestamp": 1765670181756}, {"id": "979762309", "price": 0.13905, "amount": 50.0, "side": "sell", "timestamp": 1765670182361}, {"id": "979762310", "price": 0.13905, "amount": 18704.0, "side": "sell", "timestamp": 1765670183663}, {"id": "979762311", "price": 0.13905, "amount": 50.0, "side": "sell", "timestamp": 1765670184187}, {"id": "979762312", "price": 0.13905, "amount": 50.0, "side": "sell", "timestamp": 1765670184789}, {"id": "979762313", "price": 0.13905, "amount": 323.0, "side": "sell", "timestamp": 1765670184974}, {"id": "979762314", "price": 0.13905, "amount": 92.0, "side": "sell", "timestamp": 1765670185093}, {"id": "979762315", "price": 0.13905, "amount": 50.0, "side": "sell", "timestamp": 1765670185365}, {"id": "979762316", "price": 0.13905, "amount": 50.0, "side": "sell", "timestamp": 1765670185969}, {"id": "979762317", "price": 0.13905, "amount": 50.0, "side": "sell", "timestamp": 1765670186567}, {"id": "979762403", "price": 0.13903, "amount": 6380.0, "side": "sell", "timestamp": 1765670219651}, {"id": "979762404", "price": 0.13903, "amount": 50.0, "side": "sell", "timestamp": 1765670219901}, {"id": "979762405", "price": 0.13903, "amount": 50.0, "side": "sell", "timestamp": 1765670220502}, {"id": "979762406", "price": 0.13903, "amount": 43.0, "side": "sell", "timestamp": 1765670221139}, {"id": "979762407", "price": 0.13904, "amount": 86.0, "side": "buy", "timestamp": 1765670221156}, {"id": "979762408", "price": 0.13903, "amount": 50.0, "side": "sell", "timestamp": 1765670222019}, {"id": "979762409", "price": 0.13903, "amount": 38832.0, "side": "sell", "timestamp": 1765670222392}, {"id": "979762410", "price": 0.13902, "amount": 50.0, "side": "sell", "timestamp": 1765670222605}, {"id": "979762411", "price": 0.13902, "amount": 50.0, "side": "sell", "timestamp": 1765670223205}, {"id": "979762412", "price": 0.13902, "amount": 50.0, "side": "sell", "timestamp": 1765670223815}, {"id": "979762413", "price": 0.13903, "amount": 186.0, "side": "buy", "timestamp": 1765670224057}, {"id": "979762414", "price": 0.13903, "amount": 86.0, "side": "buy", "timestamp": 1765670224192}, {"id": "979762415", "price": 0.13903, "amount": 12.0, "side": "buy", "timestamp": 1765670224459}, {"id": "979762416", "price": 0.13903, "amount": 10.0, "side": "buy", "timestamp": 1765670225131}, {"id": "979762417", "price": 0.13902, "amount": 50.0, "side": "sell", "timestamp": 1765670225357}, {"id": "979762418", "price": 0.13903, "amount": 6.0, "side": "buy", "timestamp": 1765670225804}, {"id": "979762419", "price": 0.13902, "amount": 50.0, "side": "sell", "timestamp": 1765670225916}, {"id": "979762420", "price": 0.13902, "amount": 50.0, "side": "sell", "timestamp": 1765670226521}, {"id": "979762421", "price": 0.13903, "amount": 86.0, "side": "buy", "timestamp": 1765670227017}, {"id": "979762422", "price": 0.13902, "amount": 1754.0, "side": "sell", "timestamp": 1765670227099}, {"id": "979762423", "price": 0.13902, "amount": 50.0, "side": "sell", "timestamp": 1765670228912}, {"id": "979762424", "price": 0.13902, "amount": 50.0, "side": "sell", "timestamp": 1765670229512}, {"id": "979762425", "price": 0.13902, "amount": 155.0, "side": "sell", "timestamp": 1765670229757}, {"id": "979762426", "price": 0.13902, "amount": 486.0, "side": "sell", "timestamp": 1765670229866}, {"id": "979762427", "price": 0.13903, "amount": 164.0, "side": "buy", "timestamp": 1765670229992}, {"id": "979762428", "price": 0.13902, "amount": 64.0, "side": "sell", "timestamp": 1765670230028}, {"id": "979762429", "price": 0.13903, "amount": 86.0, "side": "buy", "timestamp": 1765670230045}, {"id": "979762430", "price": 0.13902, "amount": 50.0, "side": "sell", "timestamp": 1765670230112}, {"id": "979762431", "price": 0.13902, "amount": 50.0, "side": "sell", "timestamp": 1765670230712}, {"id": "979762432", "price": 0.13903, "amount": 3.0, "side": "buy", "timestamp": 1765670230772}, {"id": "979762433", "price": 0.13902, "amount": 3925.0, "side": "sell", "timestamp": 1765670230821}, {"id": "979762434", "price": 0.13902, "amount": 50.0, "side": "sell", "timestamp": 1765670231314}, {"id": "979762435", "price": 0.13903, "amount": 85.0, "side": "buy", "timestamp": 1765670231374}, {"id": "979762436", "price": 0.13902, "amount": 50.0, "side": "sell", "timestamp": 1765670232824}, {"id": "979762437", "price": 0.13903, "amount": 86.0, "side": "buy", "timestamp": 1765670233071}, {"id": "979762438", "price": 0.13902, "amount": 50.0, "side": "sell", "timestamp": 1765670233416}, {"id": "979762439", "price": 0.13903, "amount": 2113.0, "side": "buy", "timestamp": 1765670233830}, {"id": "979762440", "price": 0.13902, "amount": 50.0, "side": "sell", "timestamp": 1765670234021}, {"id": "979762441", "price": 0.13902, "amount": 152.0, "side": "sell", "timestamp": 1765670234985}, {"id": "979762442", "price": 0.13902, "amount": 50.0, "side": "sell", "timestamp": 1765670235518}, {"id": "979762443", "price": 0.13903, "amount": 88.0, "side": "buy", "timestamp": 1765670236094}, {"id": "979762444", "price": 0.13902, "amount": 50.0, "side": "sell", "timestamp": 1765670236119}, {"id": "979762445", "price": 0.13903, "amount": 2.0, "side": "buy", "timestamp": 1765670236490}, {"id": "979762446", "price": 0.13902, "amount": 50.0, "side": "sell", "timestamp": 1765670236720}, {"id": "979762447", "price": 0.13902, "amount": 50.0, "side": "sell", "timestamp": 1765670237323}, {"id": "979762448", "price": 0.13902, "amount": 39.0, "side": "sell", "timestamp": 1765670237712}, {"id": "979762449", "price": 0.13902, "amount": 50.0, "side": "sell", "timestamp": 1765670238835}, {"id": "979762450", "price": 0.13903, "amount": 86.0, "side": "buy", "timestamp": 1765670239127}, {"id": "979762451", "price": 0.13902, "amount": 50.0, "side": "sell", "timestamp": 1765670239437}, {"id": "979762452", "price": 0.13902, "amount": 62.0, "side": "sell", "timestamp": 1765670239707}, {"id": "979762535", "price": 0.13903, "amount": 86.0, "side": "buy", "timestamp": 1765670272142}, {"id": "979762536", "price": 0.13902, "amount": 50.0, "side": "sell", "timestamp": 1765670272763}, {"id": "979762537", "price": 0.13902, "amount": 50.0, "side": "sell", "timestamp": 1765670273373}, {"id": "979762538", "price": 0.13902, "amount": 50.0, "side": "sell", "timestamp": 1765670273965}, {"id": "979762539", "price": 0.13902, "amount": 68.0, "side": "sell", "timestamp": 1765670274147}, {"id": "979762540", "price": 0.13903, "amount": 11.0, "side": "buy", "timestamp": 1765670274426}, {"id": "979762541", "price": 0.13902, "amount": 50.0, "side": "sell", "timestamp": 1765670274574}, {"id": "979762542", "price": 0.13903, "amount": 86.0, "side": "buy", "timestamp": 1765670275166}, {"id": "979762543", "price": 0.13903, "amount": 11.0, "side": "buy", "timestamp": 1765670275536}, {"id": "979762544", "price": 0.13902, "amount": 50.0, "side": "sell", "timestamp": 1765670276076}, {"id": "979762545", "price": 0.13903, "amount": 201.0, "side": "buy", "timestamp": 1765670276364}, {"id": "979762546", "price": 0.13902, "amount": 50.0, "side": "sell", "timestamp": 1765670276680}, {"id": "979762547", "price": 0.13902, "amount": 50.0, "side": "sell", "timestamp": 1765670277280}, {"id": "979762548", "price": 0.13903, "amount": 8.0, "side": "buy", "timestamp": 1765670277604}, {"id": "979762549", "price": 0.13902, "amount": 50.0, "side": "sell", "timestamp": 1765670277875}, {"id": "979762550", "price": 0.13903, "amount": 86.0, "side": "buy", "timestamp": 1765670278201}, {"id": "979762551", "price": 0.13902, "amount": 50.0, "side": "sell", "timestamp": 1765670279379}, {"id": "979762552", "price": 0.13903, "amount": 143.0, "side": "buy", "timestamp": 1765670279675}, {"id": "979762553", "price": 0.13902, "amount": 50.0, "side": "sell", "timestamp": 1765670279970}, {"id": "979762554", "price": 0.13903, "amount": 13.0, "side": "buy", "timestamp": 1765670280231}, {"id": "979762555", "price": 0.13902, "amount": 50.0, "side": "sell", "timestamp": 1765670280580}, {"id": "979762556", "price": 0.13903, "amount": 86.0, "side": "buy", "timestamp": 1765670281025}, {"id": "979762557", "price": 0.13902, "amount": 272.0, "side": "sell", "timestamp": 1765670281177}, {"id": "979762558", "price": 0.13902, "amount": 50.0, "side": "sell", "timestamp": 1765670282688}, {"id": "979762559", "price": 0.13902, "amount": 50.0, "side": "sell", "timestamp": 1765670283280}, {"id": "979762560", "price": 0.13902, "amount": 50.0, "side": "sell", "timestamp": 1765670283891}, {"id": "979762561", "price": 0.13903, "amount": 86.0, "side": "buy", "timestamp": 1765670284049}, {"id": "979762562", "price": 0.13903, "amount": 1.0, "side": "buy", "timestamp": 1765670285366}, {"id": "979762563", "price": 0.13902, "amount": 50.0, "side": "sell", "timestamp": 1765670285397}, {"id": "979762564", "price": 0.13903, "amount": 41.0, "side": "buy", "timestamp": 1765670285883}, {"id": "979762565", "price": 0.13902, "amount": 50.0, "side": "sell", "timestamp": 1765670285989}, {"id": "979762566", "price": 0.13902, "amount": 50.0, "side": "sell", "timestamp": 1765670286583}, {"id": "979762567", "price": 0.13903, "amount": 86.0, "side": "buy", "timestamp": 1765670287070}, {"id": "979762568", "price": 0.13902, "amount": 50.0, "side": "sell", "timestamp": 1765670287192}, {"id": "979762569", "price": 0.13902, "amount": 1448.0, "side": "sell", "timestamp": 1765670288299}, {"id": "979762570", "price": 0.13902, "amount": 50.0, "side": "sell", "timestamp": 1765670288693}, {"id": "979762571", "price": 0.13903, "amount": 74.0, "side": "buy", "timestamp": 1765670289211}, {"id": "979762572", "price": 0.13902, "amount": 50.0, "side": "sell", "timestamp": 1765670289294}, {"id": "979762573", "price": 0.13902, "amount": 50.0, "side": "sell", "timestamp": 1765670289889}, {"id": "979762574", "price": 0.13903, "amount": 86.0, "side": "buy", "timestamp": 1765670290081}, {"id": "979762575", "price": 0.13902, "amount": 50.0, "side": "sell", "timestamp": 1765670290497}, {"id": "979762576", "price": 0.13903, "amount": 22.0, "side": "buy", "timestamp": 1765670290949}, {"id": "979762577", "price": 0.13903, "amount": 2143.0, "side": "buy", "timestamp": 1765670291317}, {"id": "979762578", "price": 0.13902, "amount": 20021.0, "side": "sell", "timestamp": 1765670291657}, {"id": "979762579", "price": 0.13903, "amount": 172.0, "side": "buy", "timestamp": 1765670291659}, {"id": "979762580", "price": 0.13902, "amount": 50.0, "side": "sell", "timestamp": 1765670292037}, {"id": "979762581", "price": 0.13902, "amount": 50.0, "side": "sell", "timestamp": 1765670292598}, {"id": "979762582", "price": 0.13903, "amount": 171.0, "side": "buy", "timestamp": 1765670292637}, {"id": "979762583", "price": 0.13903, "amount": 86.0, "side": "buy", "timestamp": 1765670293092}, {"id": "979762584", "price": 0.13902, "amount": 50.0, "side": "sell", "timestamp": 1765670293200}, {"id": "979762671", "price": 0.13902, "amount": 50.0, "side": "sell", "timestamp": 1765670328630}, {"id": "979762672", "price": 0.13903, "amount": 86.0, "side": "buy", "timestamp": 1765670329048}, {"id": "979762673", "price": 0.13903, "amount": 359.0, "side": "buy", "timestamp": 1765670329737}, {"id": "979762674", "price": 0.13902, "amount": 50.0, "side": "sell", "timestamp": 1765670330147}, {"id": "979762675", "price": 0.13902, "amount": 50.0, "side": "sell", "timestamp": 1765670330742}, {"id": "979762676", "price": 0.13903, "amount": 8.0, "side": "buy", "timestamp": 1765670330988}, {"id": "979762677", "price": 0.13902, "amount": 50.0, "side": "sell", "timestamp": 1765670331350}, {"id": "979762678", "price": 0.13902, "amount": 50.0, "side": "sell", "timestamp": 1765670331952}, {"id": "979762679", "price": 0.13903, "amount": 86.0, "side": "buy", "timestamp": 1765670332061}, {"id": "979762680", "price": 0.13902, "amount": 1438.0, "side": "sell", "timestamp": 1765670332203}, {"id": "979762681", "price": 0.13903, "amount": 2.0, "side": "buy", "timestamp": 1765670333285}, {"id": "979762682", "price": 0.13902, "amount": 50.0, "side": "sell", "timestamp": 1765670333445}, {"id": "979762683", "price": 0.13902, "amount": 50.0, "side": "sell", "timestamp": 1765670334054}, {"id": "979762684", "price": 0.13902, "amount": 50.0, "side": "sell", "timestamp": 1765670334646}, {"id": "979762685", "price": 0.13903, "amount": 6.0, "side": "buy", "timestamp": 1765670334877}, {"id": "979762686", "price": 0.13903, "amount": 86.0, "side": "buy", "timestamp": 1765670335085}, {"id": "979762687", "price": 0.13902, "amount": 19078.0, "side": "sell", "timestamp": 1765670335950}, {"id": "979762688", "price": 0.13901, "amount": 2309.0, "side": "sell", "timestamp": 1765670335959}, {"id": "979762689", "price": 0.13901, "amount": 50.0, "side": "sell", "timestamp": 1765670336439}, {"id": "979762690", "price": 0.13902, "amount": 57.0, "side": "buy", "timestamp": 1765670336449}, {"id": "979762691", "price": 0.13901, "amount": 50.0, "side": "sell", "timestamp": 1765670337041}, {"id": "979762692", "price": 0.13901, "amount": 50.0, "side": "sell", "timestamp": 1765670337641}, {"id": "979762693", "price": 0.13902, "amount": 86.0, "side": "buy", "timestamp": 1765670338109}, {"id": "979762694", "price": 0.13901, "amount": 41318.0, "side": "sell", "timestamp": 1765670338242}, {"id": "979762695", "price": 0.139, "amount": 50.0, "side": "sell", "timestamp": 1765670338842}, {"id": "979762696", "price": 0.13901, "amount": 15099.0, "side": "buy", "timestamp": 1765670339699}, {"id": "979762697", "price": 0.139, "amount": 50.0, "side": "sell", "timestamp": 1765670340344}, {"id": "979762698", "price": 0.139, "amount": 50.0, "side": "sell", "timestamp": 1765670340945}, {"id": "979762699", "price": 0.13901, "amount": 86.0, "side": "buy", "timestamp": 1765670341133}, {"id": "979762700", "price": 0.139, "amount": 50.0, "side": "sell", "timestamp": 1765670341545}, {"id": "979762701", "price": 0.13901, "amount": 225.0, "side": "buy", "timestamp": 1765670341607}, {"id": "979762702", "price": 0.139, "amount": 50.0, "side": "sell", "timestamp": 1765670342146}, {"id": "979762703", "price": 0.13901, "amount": 22.0, "side": "buy", "timestamp": 1765670342149}, {"id": "979762704", "price": 0.13901, "amount": 1997.0, "side": "buy", "timestamp": 1765670342319}, {"id": "979762705", "price": 0.13901, "amount": 1238.0, "side": "buy", "timestamp": 1765670342645}, {"id": "979762706", "price": 0.139, "amount": 50.0, "side": "sell", "timestamp": 1765670343648}, {"id": "979762707", "price": 0.13901, "amount": 86.0, "side": "buy", "timestamp": 1765670344160}, {"id": "979762708", "price": 0.139, "amount": 50.0, "side": "sell", "timestamp": 1765670344248}, {"id": "979762709", "price": 0.139, "amount": 50.0, "side": "sell", "timestamp": 1765670344849}, {"id": "979762710", "price": 0.139, "amount": 231.0, "side": "sell", "timestamp": 1765670345182}, {"id": "979762711", "price": 0.13901, "amount": 36.0, "side": "buy", "timestamp": 1765670345186}, {"id": "979762712", "price": 0.13901, "amount": 186.0, "side": "buy", "timestamp": 1765670346190}, {"id": "979762713", "price": 0.139, "amount": 50.0, "side": "sell", "timestamp": 1765670346360}, {"id": "979762714", "price": 0.13901, "amount": 10.0, "side": "buy", "timestamp": 1765670346605}, {"id": "979762715", "price": 0.139, "amount": 50.0, "side": "sell", "timestamp": 1765670346988}, {"id": "979762716", "price": 0.139, "amount": 2346.0, "side": "sell", "timestamp": 1765670347094}, {"id": "979762717", "price": 0.13901, "amount": 86.0, "side": "buy", "timestamp": 1765670347170}, {"id": "979762718", "price": 0.13901, "amount": 9.0, "side": "buy", "timestamp": 1765670347405}, {"id": "979762719", "price": 0.139, "amount": 50.0, "side": "sell", "timestamp": 1765670347564}, {"id": "979762720", "price": 0.139, "amount": 61100.0, "side": "sell", "timestamp": 1765670347851}]