[{"symbol": "AVAXUSDT", "bids": [[13.529, 473.0], [13.528, 323.0], [13.527, 708.0], [13.526, 743.0], [13.525, 811.0], [13.524, 1552.0], [13.523, 1090.0], [13.522, 1205.0], [13.521, 1174.0], [13.52, 813.0], [13.519, 1029.0], [13.518, 1575.0], [13.517, 2599.0], [13.516, 1268.0], [13.515, 1131.0], [13.514, 2036.0], [13.513, 827.0], [13.512, 1125.0], [13.511, 1791.0], [13.51, 4165.0]], "asks": [[13.53, 245.0], [13.531, 226.0], [13.532, 3904.0], [13.533, 409.0], [13.534, 1489.0], [13.535, 1028.0], [13.536, 1861.0], [13.537, 1565.0], [13.538, 1347.0], [13.539, 1422.0], [13.54, 1334.0], [13.541, 1271.0], [13.542, 2008.0], [13.543, 1446.0], [13.544, 1485.0], [13.545, 1494.0], [13.546, 2703.0], [13.547, 1237.0], [13.548, 989.0], [13.549, 1574.0]], "timestamp": "2025-12-12T08:49:36.976386+00:00"}, {"symbol": "AVAXUSDT", "bids": [[13.548, 789.0], [13.547, 359.0], [13.546, 907.0], [13.545, 390.0], [13.544, 875.0], [13.543, 1044.0], [13.542, 1206.0], [13.541, 932.0], [13.54, 796.0], [13.539, 1273.0], [13.538, 1732.0], [13.537, 3870.0], [13.536, 1396.0], [13.535, 1913.0], [13.534, 870.0], [13.533, 989.0], [13.532, 1810.0], [13.531, 918.0], [13.53, 1703.0], [13.529, 1436.0]], "asks": [[13.549, 387.0], [13.55, 3495.0], [13.551, 255.0], [13.552, 909.0], [13.553, 1179.0], [13.554, 1317.0], [13.555, 1852.0], [13.556, 2243.0], [13.557, 1532.0], [13.558, 1078.0], [13.559, 1713.0], [13.56, 1325.0], [13.561, 1178.0], [13.562, 1473.0], [13.563, 1108.0], [13.564, 2001.0], [13.565, 1945.0], [13.566, 996.0], [13.567, 959.0], [13.568, 1340.0]], "timestamp": "2025-12-12T08:50:30.329970+00:00"}, {"symbol": "AVAXUSDT", "bids": [[13.542, 68.0], [13.541, 489.0], [13.54, 1406.0], [13.539, 688.0], [13.538, 571.0], [13.537, 927.0], [13.536, 697.0], [13.535, 685.0], [13.534, 582.0], [13.533, 1086.0], [13.532, 1448.0], [13.531, 1032.0], [13.53, 1746.0], [13.529, 1624.0], [13.528, 1565.0], [13.527, 1250.0], [13.526, 1173.0], [13.525, 1920.0], [13.524, 1372.0], [13.523, 996.0]], "asks": [[13.543, 391.0], [13.544, 346.0], [13.545, 672.0], [13.546, 1388.0], [13.547, 1864.0], [13.548, 1173.0], [13.549, 1177.0], [13.55, 2810.0], [13.551, 1051.0], [13.552, 1424.0], [13.553, 1708.0], [13.554, 1190.0], [13.555, 1224.0], [13.556, 821.0], [13.557, 1163.0], [13.558, 832.0], [13.559, 2515.0], [13.56, 1252.0], [13.561, 1276.0], [13.562, 1238.0]], "timestamp": "2025-12-12T08:51:23.473449+00:00"}, {"symbol": "AVAXUSDT", "bids": [[13.54, 948.0], [13.539, 378.0], [13.538, 63.0], [13.537, 349.0], [13.536, 1162.0], [13.535, 937.0], [13.534, 1383.0], [13.533, 1416.0], [13.532, 1594.0], [13.531, 1429.0], [13.53, 2860.0], [13.529, 1210.0], [13.528, 2914.0], [13.527, 1099.0], [13.526, 798.0], [13.525, 1110.0], [13.524, 1987.0], [13.523, 747.0], [13.522, 802.0], [13.521, 783.0]], "asks": [[13.541, 256.0], [13.542, 62.0], [13.543, 825.0], [13.544, 4343.0], [13.545, 1293.0], [13.546, 768.0], [13.547, 1609.0], [13.548, 1484.0], [13.549, 1378.0], [13.55, 1107.0], [13.551, 789.0], [13.552, 866.0], [13.553, 1796.0], [13.554, 1108.0], [13.555, 1210.0], [13.556, 821.0], [13.557, 2257.0], [13.558, 1297.0], [13.559, 1603.0], [13.56, 1831.0]], "timestamp": "2025-12-12T08:52:16.524180+00:00"}, {"symbol": "AVAXUSDT", "bids": [[13.537, 226.0], [13.536, 505.0], [13.535, 346.0], [13.534, 975.0], [13.533, 1248.0], [13.532, 1596.0], [13.531, 786.0], [13.53, 2018.0], [13.529, 1221.0], [13.528, 1364.0], [13.527, 1345.0], [13.526, 2025.0], [13.525, 1426.0], [13.524, 1254.0], [13.523, 917.0], [13.522, 1350.0], [13.521, 2518.0], [13.52, 3347.0], [13.519, 1657.0], [13.518, 924.0]], "asks": [[13.538, 417.0], [13.539, 487.0], [13.54, 3858.0], [13.541, 662.0], [13.542, 613.0], [13.543, 733.0], [13.544, 841.0], [13.545, 1200.0], [13.546, 1740.0], [13.547, 1513.0], [13.548, 579.0], [13.549, 470.0], [13.55, 982.0], [13.551, 1251.0], [13.552, 1312.0], [13.553, 3038.0], [13.554, 1608.0], [13.555, 1275.0], [13.556, 1636.0], [13.557, 1143.0]], "timestamp": "2025-12-12T08:53:09.465569+00:00"}, {"symbol": "AVAXUSDT", "bids": [[13.535, 701.0], [13.534, 348.0], [13.533, 989.0], [13.532, 633.0], [13.531, 815.0], [13.53, 1208.0], [13.529, 1020.0], [13.528, 1205.0], [13.527, 1863.0], [13.526, 1139.0], [13.525, 1465.0], [13.524, 1864.0], [13.523, 1034.0], [13.522, 1284.0], [13.521, 906.0], [13.52, 902.0], [13.519, 1649.0], [13.518, 1667.0], [13.517, 3271.0], [13.516, 762.0]], "asks": [[13.536, 478.0], [13.537, 125.0], [13.538, 456.0], [13.539, 644.0], [13.54, 953.0], [13.541, 1155.0], [13.542, 1167.0], [13.543, 1176.0], [13.544, 552.0], [13.545, 771.0], [13.546, 1237.0], [13.547, 1201.0], [13.548, 1364.0], [13.549, 1356.0], [13.55, 1715.0], [13.551, 2455.0], [13.552, 1698.0], [13.553, 1862.0], [13.554, 1626.0], [13.555, 1071.0]], "timestamp": "2025-12-12T08:54:02.604689+00:00"}, {"symbol": "AVAXUSDT", "bids": [[13.536, 702.0], [13.535, 359.0], [13.534, 632.0], [13.533, 929.0], [13.532, 1281.0], [13.531, 938.0], [13.53, 1268.0], [13.529, 1595.0], [13.528, 1726.0], [13.527, 1247.0], [13.526, 1738.0], [13.525, 1121.0], [13.524, 2026.0], [13.523, 2779.0], [13.522, 671.0], [13.521, 1203.0], [13.52, 2008.0], [13.519, 462.0], [13.518, 874.0], [13.517, 739.0]], "asks": [[13.537, 379.0], [13.538, 227.0], [13.539, 64.0], [13.54, 1174.0], [13.541, 1117.0], [13.542, 1573.0], [13.543, 1169.0], [13.544, 1190.0], [13.545, 1059.0], [13.546, 1892.0], [13.547, 1068.0], [13.548, 1687.0], [13.549, 1880.0], [13.55, 1196.0], [13.551, 1496.0], [13.552, 2599.0], [13.553, 820.0], [13.554, 1231.0], [13.555, 1464.0], [13.556, 768.0]], "timestamp": "2025-12-12T08:54:56.421246+00:00"}, {"symbol": "AVAXUSDT", "bids": [[13.529, 27.0], [13.528, 7.0], [13.527, 177.0], [13.526, 599.0], [13.525, 945.0], [13.524, 1294.0], [13.523, 1248.0], [13.522, 1315.0], [13.521, 1345.0], [13.52, 1235.0], [13.519, 1305.0], [13.518, 2956.0], [13.517, 4330.0], [13.516, 1039.0], [13.515, 792.0], [13.514, 1802.0], [13.513, 468.0], [13.512, 871.0], [13.511, 844.0], [13.51, 483.0]], "asks": [[13.53, 1060.0], [13.531, 1248.0], [13.532, 1289.0], [13.533, 1541.0], [13.534, 1179.0], [13.535, 1014.0], [13.536, 1928.0], [13.537, 1644.0], [13.538, 487.0], [13.539, 1118.0], [13.54, 991.0], [13.541, 1162.0], [13.542, 1160.0], [13.543, 1000.0], [13.544, 713.0], [13.545, 1255.0], [13.546, 2255.0], [13.547, 1854.0], [13.548, 1635.0], [13.549, 1669.0]], "timestamp": "2025-12-12T08:55:50.035039+00:00"}, {"symbol": "AVAXUSDT", "bids": [[13.544, 964.0], [13.543, 757.0], [13.542, 772.0], [13.541, 1044.0], [13.54, 1069.0], [13.539, 1181.0], [13.538, 1519.0], [13.537, 1659.0], [13.536, 1271.0], [13.535, 2769.0], [13.534, 975.0], [13.533, 1117.0], [13.532, 1014.0], [13.531, 1012.0], [13.53, 1167.0], [13.529, 920.0], [13.528, 1453.0], [13.527, 2564.0], [13.526, 816.0], [13.525, 1086.0]], "asks": [[13.545, 120.0], [13.546, 381.0], [13.547, 126.0], [13.548, 1073.0], [13.549, 1018.0], [13.55, 904.0], [13.551, 1399.0], [13.552, 975.0], [13.553, 837.0], [13.554, 923.0], [13.555, 798.0], [13.556, 927.0], [13.557, 1224.0], [13.558, 1320.0], [13.559, 1800.0], [13.56, 2374.0], [13.561, 740.0], [13.562, 1228.0], [13.563, 2973.0], [13.564, 928.0]], "timestamp": "2025-12-12T08:56:43.374836+00:00"}, {"symbol": "AVAXUSDT", "bids": [[13.54, 293.0], [13.539, 1095.0], [13.538, 299.0], [13.537, 863.0], [13.536, 526.0], [13.535, 1337.0], [13.534, 1128.0], [13.533, 1292.0], [13.532, 1067.0], [13.531, 1908.0], [13.53, 1164.0], [13.529, 1320.0], [13.528, 970.0], [13.527, 1122.0], [13.526, 1332.0], [13.525, 2115.0], [13.524, 3314.0], [13.523, 1975.0], [13.522, 813.0], [13.521, 736.0]], "asks": [[13.541, 142.0], [13.542, 363.0], [13.543, 786.0], [13.544, 1123.0], [13.545, 1142.0], [13.546, 1781.0], [13.547, 1464.0], [13.548, 1449.0], [13.549, 751.0], [13.55, 1661.0], [13.551, 1466.0], [13.552, 1034.0], [13.553, 1034.0], [13.554, 931.0], [13.555, 1435.0], [13.556, 1609.0], [13.557, 971.0], [13.558, 993.0], [13.559, 905.0], [13.56, 1253.0]], "timestamp": "2025-12-12T08:57:36.449913+00:00"}, {"symbol": "AVAXUSDT", "bids": [[13.541, 398.0], [13.54, 604.0], [13.539, 1144.0], [13.538, 225.0], [13.537, 818.0], [13.536, 347.0], [13.535, 1148.0], [13.534, 1238.0], [13.533, 1596.0], [13.532, 1729.0], [13.531, 1400.0], [13.53, 1236.0], [13.529, 1762.0], [13.528, 970.0], [13.527, 1359.0], [13.526, 1057.0], [13.525, 2314.0], [13.524, 974.0], [13.523, 1144.0], [13.522, 3019.0]], "asks": [[13.542, 802.0], [13.543, 465.0], [13.544, 1104.0], [13.545, 725.0], [13.546, 1687.0], [13.547, 1486.0], [13.548, 1698.0], [13.549, 433.0], [13.55, 607.0], [13.551, 1436.0], [13.552, 1039.0], [13.553, 1283.0], [13.554, 1322.0], [13.555, 1507.0], [13.556, 777.0], [13.557, 1338.0], [13.558, 2102.0], [13.559, 975.0], [13.56, 1323.0], [13.561, 1281.0]], "timestamp": "2025-12-12T08:58:29.769714+00:00"}, {"symbol": "AVAXUSDT", "bids": [[13.535, 1500.0], [13.534, 627.0], [13.533, 496.0], [13.532, 425.0], [13.531, 1158.0], [13.53, 1181.0], [13.529, 1180.0], [13.528, 1949.0], [13.527, 996.0], [13.526, 1456.0], [13.525, 1886.0], [13.524, 1187.0], [13.523, 1752.0], [13.522, 820.0], [13.521, 817.0], [13.52, 1528.0], [13.519, 2888.0], [13.518, 1997.0], [13.517, 1014.0], [13.516, 859.0]], "asks": [[13.536, 899.0], [13.537, 226.0], [13.538, 789.0], [13.539, 680.0], [13.54, 1559.0], [13.541, 1554.0], [13.542, 1388.0], [13.543, 961.0], [13.544, 892.0], [13.545, 568.0], [13.546, 1212.0], [13.547, 897.0], [13.548, 1014.0], [13.549, 636.0], [13.55, 1542.0], [13.551, 2483.0], [13.552, 1083.0], [13.553, 1333.0], [13.554, 1747.0], [13.555, 1117.0]], "timestamp": "2025-12-12T08:59:23.019640+00:00"}, {"symbol": "AVAXUSDT", "bids": [[13.543, 221.0], [13.542, 763.0], [13.541, 410.0], [13.54, 232.0], [13.539, 752.0], [13.538, 1065.0], [13.537, 2534.0], [13.536, 1202.0], [13.535, 1102.0], [13.534, 1556.0], [13.533, 1188.0], [13.532, 1035.0], [13.531, 1515.0], [13.53, 1087.0], [13.529, 1369.0], [13.528, 992.0], [13.527, 1502.0], [13.526, 1978.0], [13.525, 664.0], [13.524, 892.0]], "asks": [[13.544, 293.0], [13.545, 673.0], [13.546, 330.0], [13.547, 795.0], [13.548, 1113.0], [13.549, 601.0], [13.55, 1619.0], [13.551, 1035.0], [13.552, 758.0], [13.553, 789.0], [13.554, 811.0], [13.555, 808.0], [13.556, 755.0], [13.557, 923.0], [13.558, 1623.0], [13.559, 1026.0], [13.56, 1212.0], [13.561, 1605.0], [13.562, 732.0], [13.563, 1205.0]], "timestamp": "2025-12-12T09:00:15.681375+00:00"}, {"symbol": "AVAXUSDT", "bids": [[13.542, 431.0], [13.541, 542.0], [13.54, 878.0], [13.539, 652.0], [13.538, 1781.0], [13.537, 2755.0], [13.536, 1668.0], [13.535, 1005.0], [13.534, 972.0], [13.533, 1177.0], [13.532, 1252.0], [13.531, 1727.0], [13.53, 2130.0], [13.529, 1426.0], [13.528, 635.0], [13.527, 1998.0], [13.526, 1055.0], [13.525, 1013.0], [13.524, 1440.0], [13.523, 2760.0]], "asks": [[13.543, 55.0], [13.544, 330.0], [13.545, 748.0], [13.546, 1053.0], [13.547, 1776.0], [13.548, 1557.0], [13.549, 1148.0], [13.55, 1163.0], [13.551, 1767.0], [13.552, 986.0], [13.553, 782.0], [13.554, 1152.0], [13.555, 1986.0], [13.556, 553.0], [13.557, 1094.0], [13.558, 1138.0], [13.559, 2305.0], [13.56, 1470.0], [13.561, 1304.0], [13.562, 1057.0]], "timestamp": "2025-12-12T09:01:09.020542+00:00"}, {"symbol": "AVAXUSDT", "bids": [[13.548, 225.0], [13.547, 367.0], [13.546, 496.0], [13.545, 880.0], [13.544, 1122.0], [13.543, 1752.0], [13.542, 1332.0], [13.541, 1396.0], [13.54, 451.0], [13.539, 880.0], [13.538, 1040.0], [13.537, 1926.0], [13.536, 2520.0], [13.535, 1184.0], [13.534, 661.0], [13.533, 1585.0], [13.532, 949.0], [13.531, 890.0], [13.53, 761.0], [13.529, 742.0]], "asks": [[13.549, 751.0], [13.55, 572.0], [13.551, 583.0], [13.552, 543.0], [13.553, 407.0], [13.554, 1128.0], [13.555, 1692.0], [13.556, 1069.0], [13.557, 818.0], [13.558, 1049.0], [13.559, 841.0], [13.56, 961.0], [13.561, 1767.0], [13.562, 1550.0], [13.563, 1476.0], [13.564, 1783.0], [13.565, 2538.0], [13.566, 1856.0], [13.567, 3383.0], [13.568, 1119.0]], "timestamp": "2025-12-12T09:02:02.457711+00:00"}, {"symbol": "AVAXUSDT", "bids": [[13.56, 1305.0], [13.559, 1433.0], [13.558, 874.0], [13.557, 1076.0], [13.556, 635.0], [13.555, 1055.0], [13.554, 1447.0], [13.553, 1010.0], [13.552, 764.0], [13.551, 1420.0], [13.55, 831.0], [13.549, 815.0], [13.548, 1181.0], [13.547, 1721.0], [13.546, 960.0], [13.545, 1208.0], [13.544, 1888.0], [13.543, 571.0], [13.542, 1088.0], [13.541, 688.0]], "asks": [[13.561, 66.0], [13.562, 294.0], [13.563, 174.0], [13.564, 340.0], [13.565, 1142.0], [13.566, 1087.0], [13.567, 1418.0], [13.568, 1971.0], [13.569, 731.0], [13.57, 643.0], [13.571, 729.0], [13.572, 1378.0], [13.573, 1520.0], [13.574, 1001.0], [13.575, 1466.0], [13.576, 2517.0], [13.577, 1476.0], [13.578, 1287.0], [13.579, 1692.0], [13.58, 1625.0]], "timestamp": "2025-12-12T09:02:55.834470+00:00"}, {"symbol": "AVAXUSDT", "bids": [[13.549, 761.0], [13.548, 910.0], [13.547, 437.0], [13.546, 738.0], [13.545, 976.0], [13.544, 774.0], [13.543, 1060.0], [13.542, 1245.0], [13.541, 2399.0], [13.54, 673.0], [13.539, 768.0], [13.538, 1120.0], [13.537, 1930.0], [13.536, 2195.0], [13.535, 3266.0], [13.534, 979.0], [13.533, 1648.0], [13.532, 1156.0], [13.531, 1163.0], [13.53, 684.0]], "asks": [[13.55, 200.0], [13.551, 859.0], [13.552, 5159.0], [13.553, 1487.0], [13.554, 1444.0], [13.555, 1319.0], [13.556, 2302.0], [13.557, 1854.0], [13.558, 1844.0], [13.559, 922.0], [13.56, 1065.0], [13.561, 783.0], [13.562, 998.0], [13.563, 2151.0], [13.564, 2012.0], [13.565, 2647.0], [13.566, 1098.0], [13.567, 418.0], [13.568, 827.0], [13.569, 685.0]], "timestamp": "2025-12-12T09:03:49.408282+00:00"}, {"symbol": "AVAXUSDT", "bids": [[13.555, 127.0], [13.554, 398.0], [13.553, 862.0], [13.552, 543.0], [13.551, 758.0], [13.55, 1127.0], [13.549, 620.0], [13.548, 1021.0], [13.547, 1436.0], [13.546, 1973.0], [13.545, 1087.0], [13.544, 1165.0], [13.543, 1214.0], [13.542, 1587.0], [13.541, 2213.0], [13.54, 1737.0], [13.539, 913.0], [13.538, 1188.0], [13.537, 3038.0], [13.536, 913.0]], "asks": [[13.556, 5748.0], [13.557, 375.0], [13.558, 585.0], [13.559, 270.0], [13.56, 605.0], [13.561, 768.0], [13.562, 1134.0], [13.563, 1041.0], [13.564, 1045.0], [13.565, 1476.0], [13.566, 1412.0], [13.567, 1015.0], [13.568, 1447.0], [13.569, 1265.0], [13.57, 1508.0], [13.571, 1667.0], [13.572, 2699.0], [13.573, 735.0], [13.574, 814.0], [13.575, 1130.0]], "timestamp": "2025-12-12T09:04:42.817557+00:00"}, {"symbol": "AVAXUSDT", "bids": [[13.548, 286.0], [13.547, 45.0], [13.546, 311.0], [13.545, 1033.0], [13.544, 1052.0], [13.543, 1688.0], [13.542, 1722.0], [13.541, 1628.0], [13.54, 579.0], [13.539, 776.0], [13.538, 1657.0], [13.537, 2324.0], [13.536, 1561.0], [13.535, 1361.0], [13.534, 1114.0], [13.533, 1829.0], [13.532, 1191.0], [13.531, 1276.0], [13.53, 1205.0], [13.529, 3150.0]], "asks": [[13.549, 686.0], [13.55, 1417.0], [13.551, 1990.0], [13.552, 5309.0], [13.553, 647.0], [13.554, 924.0], [13.555, 1528.0], [13.556, 1130.0], [13.557, 1186.0], [13.558, 1083.0], [13.559, 951.0], [13.56, 1662.0], [13.561, 1402.0], [13.562, 3085.0], [13.563, 1349.0], [13.564, 1171.0], [13.565, 2938.0], [13.566, 1553.0], [13.567, 723.0], [13.568, 983.0]], "timestamp": "2025-12-12T09:05:36.174791+00:00"}, {"symbol": "AVAXUSDT", "bids": [[13.553, 1243.0], [13.552, 6075.0], [13.551, 1103.0], [13.55, 295.0], [13.549, 1218.0], [13.548, 536.0], [13.547, 882.0], [13.546, 760.0], [13.545, 745.0], [13.544, 912.0], [13.543, 650.0], [13.542, 1096.0], [13.541, 1138.0], [13.54, 1293.0], [13.539, 1373.0], [13.538, 2421.0], [13.537, 1404.0], [13.536, 1842.0], [13.535, 1531.0], [13.534, 750.0]], "asks": [[13.554, 12.0], [13.555, 216.0], [13.556, 478.0], [13.557, 389.0], [13.558, 1413.0], [13.559, 1794.0], [13.56, 1403.0], [13.561, 1352.0], [13.562, 2133.0], [13.563, 721.0], [13.564, 809.0], [13.565, 1591.0], [13.566, 808.0], [13.567, 651.0], [13.568, 1148.0], [13.569, 1490.0], [13.57, 2504.0], [13.571, 1786.0], [13.572, 4501.0], [13.573, 2332.0]], "timestamp": "2025-12-12T09:06:30.133859+00:00"}, {"symbol": "AVAXUSDT", "bids": [[13.565, 22.0], [13.564, 292.0], [13.563, 702.0], [13.562, 564.0], [13.561, 1108.0], [13.56, 1580.0], [13.559, 1708.0], [13.558, 1417.0], [13.557, 1583.0], [13.556, 2059.0], [13.555, 1010.0], [13.554, 1267.0], [13.553, 1278.0], [13.552, 2430.0], [13.551, 2317.0], [13.55, 1158.0], [13.549, 2486.0], [13.548, 1193.0], [13.547, 806.0], [13.546, 686.0]], "asks": [[13.566, 1574.0], [13.567, 1062.0], [13.568, 1625.0], [13.569, 3270.0], [13.57, 678.0], [13.571, 1422.0], [13.572, 4892.0], [13.573, 1268.0], [13.574, 1393.0], [13.575, 1069.0], [13.576, 1358.0], [13.577, 801.0], [13.578, 1463.0], [13.579, 1985.0], [13.58, 989.0], [13.581, 1626.0], [13.582, 1069.0], [13.583, 1452.0], [13.584, 4826.0], [13.585, 696.0]], "timestamp": "2025-12-12T09:07:23.406319+00:00"}, {"symbol": "AVAXUSDT", "bids": [[13.55, 172.0], [13.549, 1168.0], [13.548, 138.0], [13.547, 518.0], [13.546, 1253.0], [13.545, 1028.0], [13.544, 1464.0], [13.543, 1573.0], [13.542, 1200.0], [13.541, 1042.0], [13.54, 956.0], [13.539, 1179.0], [13.538, 1990.0], [13.537, 1409.0], [13.536, 2677.0], [13.535, 932.0], [13.534, 1042.0], [13.533, 880.0], [13.532, 1118.0], [13.531, 2990.0]], "asks": [[13.551, 250.0], [13.552, 767.0], [13.553, 1539.0], [13.554, 5251.0], [13.555, 1028.0], [13.556, 1118.0], [13.557, 1391.0], [13.558, 1303.0], [13.559, 1526.0], [13.56, 1161.0], [13.561, 557.0], [13.562, 481.0], [13.563, 884.0], [13.564, 1502.0], [13.565, 1488.0], [13.566, 1423.0], [13.567, 1879.0], [13.568, 2648.0], [13.569, 1499.0], [13.57, 1444.0]], "timestamp": "2025-12-12T09:08:16.324351+00:00"}, {"symbol": "AVAXUSDT", "bids": [[13.541, 406.0], [13.54, 145.0], [13.539, 1102.0], [13.538, 829.0], [13.537, 655.0], [13.536, 813.0], [13.535, 788.0], [13.534, 1044.0], [13.533, 781.0], [13.532, 1101.0], [13.531, 1779.0], [13.53, 1305.0], [13.529, 2010.0], [13.528, 1165.0], [13.527, 1402.0], [13.526, 2520.0], [13.525, 1435.0], [13.524, 1241.0], [13.523, 918.0], [13.522, 783.0]], "asks": [[13.542, 46.0], [13.543, 66.0], [13.544, 641.0], [13.545, 1130.0], [13.546, 1524.0], [13.547, 1348.0], [13.548, 1650.0], [13.549, 970.0], [13.55, 764.0], [13.551, 1107.0], [13.552, 1823.0], [13.553, 2633.0], [13.554, 2546.0], [13.555, 780.0], [13.556, 1174.0], [13.557, 1127.0], [13.558, 1512.0], [13.559, 2054.0], [13.56, 1315.0], [13.561, 1569.0]], "timestamp": "2025-12-12T09:09:09.350602+00:00"}, {"symbol": "AVAXUSDT", "bids": [[13.537, 987.0], [13.536, 537.0], [13.535, 480.0], [13.534, 814.0], [13.533, 984.0], [13.532, 1506.0], [13.531, 2088.0], [13.53, 1580.0], [13.529, 1564.0], [13.528, 833.0], [13.527, 974.0], [13.526, 1209.0], [13.525, 1411.0], [13.524, 2076.0], [13.523, 1578.0], [13.522, 2938.0], [13.521, 3358.0], [13.52, 716.0], [13.519, 904.0], [13.518, 1335.0]], "asks": [[13.538, 35.0], [13.539, 135.0], [13.54, 649.0], [13.541, 846.0], [13.542, 1599.0], [13.543, 992.0], [13.544, 972.0], [13.545, 1632.0], [13.546, 1504.0], [13.547, 955.0], [13.548, 1271.0], [13.549, 1535.0], [13.55, 1380.0], [13.551, 1760.0], [13.552, 1773.0], [13.553, 2640.0], [13.554, 1956.0], [13.555, 1726.0], [13.556, 827.0], [13.557, 1175.0]], "timestamp": "2025-12-12T09:10:02.624091+00:00"}, {"symbol": "AVAXUSDT", "bids": [[13.543, 333.0], [13.542, 1105.0], [13.541, 1017.0], [13.54, 457.0], [13.539, 300.0], [13.538, 1162.0], [13.537, 1309.0], [13.536, 1147.0], [13.535, 1280.0], [13.534, 1138.0], [13.533, 1989.0], [13.532, 1520.0], [13.531, 1700.0], [13.53, 1101.0], [13.529, 1316.0], [13.528, 1721.0], [13.527, 1404.0], [13.526, 1421.0], [13.525, 992.0], [13.524, 2142.0]], "asks": [[13.544, 122.0], [13.545, 129.0], [13.546, 614.0], [13.547, 1345.0], [13.548, 1691.0], [13.549, 1283.0], [13.55, 1097.0], [13.551, 1710.0], [13.552, 1225.0], [13.553, 1953.0], [13.554, 875.0], [13.555, 687.0], [13.556, 1178.0], [13.557, 1175.0], [13.558, 1401.0], [13.559, 1034.0], [13.56, 1872.0], [13.561, 2095.0], [13.562, 3086.0], [13.563, 931.0]], "timestamp": "2025-12-12T09:10:56.196964+00:00"}, {"symbol": "AVAXUSDT", "bids": [[13.545, 205.0], [13.544, 269.0], [13.543, 540.0], [13.542, 962.0], [13.541, 1553.0], [13.54, 1692.0], [13.539, 1303.0], [13.538, 1011.0], [13.537, 748.0], [13.536, 866.0], [13.535, 1510.0], [13.534, 2523.0], [13.533, 7373.0], [13.532, 1190.0], [13.531, 1219.0], [13.53, 1126.0], [13.529, 965.0], [13.528, 589.0], [13.527, 669.0], [13.526, 621.0]], "asks": [[13.546, 123.0], [13.547, 573.0], [13.548, 551.0], [13.549, 723.0], [13.55, 978.0], [13.551, 1482.0], [13.552, 2020.0], [13.553, 7449.0], [13.554, 761.0], [13.555, 505.0], [13.556, 632.0], [13.557, 1405.0], [13.558, 471.0], [13.559, 970.0], [13.56, 2027.0], [13.561, 912.0], [13.562, 579.0], [13.563, 976.0], [13.564, 1037.0], [13.565, 1437.0]], "timestamp": "2025-12-12T09:11:49.831341+00:00"}, {"symbol": "AVAXUSDT", "bids": [[13.543, 429.0], [13.542, 497.0], [13.541, 461.0], [13.54, 668.0], [13.539, 1265.0], [13.538, 1517.0], [13.537, 1117.0], [13.536, 1212.0], [13.535, 1510.0], [13.534, 2634.0], [13.533, 8394.0], [13.532, 1341.0], [13.531, 2050.0], [13.53, 1702.0], [13.529, 771.0], [13.528, 673.0], [13.527, 948.0], [13.526, 898.0], [13.525, 747.0], [13.524, 2185.0]], "asks": [[13.544, 268.0], [13.545, 35.0], [13.546, 390.0], [13.547, 1211.0], [13.548, 1357.0], [13.549, 1644.0], [13.55, 1042.0], [13.551, 1194.0], [13.552, 2485.0], [13.553, 8220.0], [13.554, 768.0], [13.555, 564.0], [13.556, 967.0], [13.557, 1492.0], [13.558, 472.0], [13.559, 1098.0], [13.56, 1399.0], [13.561, 689.0], [13.562, 647.0], [13.563, 536.0]], "timestamp": "2025-12-12T09:12:43.611758+00:00"}, {"symbol": "AVAXUSDT", "bids": [[13.559, 608.0], [13.558, 931.0], [13.557, 1577.0], [13.556, 930.0], [13.555, 912.0], [13.554, 551.0], [13.553, 1407.0], [13.552, 1454.0], [13.551, 1369.0], [13.55, 2079.0], [13.549, 1342.0], [13.548, 1651.0], [13.547, 1543.0], [13.546, 1749.0], [13.545, 1993.0], [13.544, 696.0], [13.543, 692.0], [13.542, 1331.0], [13.541, 1917.0], [13.54, 8393.0]], "asks": [[13.56, 6515.0], [13.561, 88.0], [13.562, 450.0], [13.563, 676.0], [13.564, 970.0], [13.565, 837.0], [13.566, 1548.0], [13.567, 787.0], [13.568, 999.0], [13.569, 813.0], [13.57, 1014.0], [13.571, 469.0], [13.572, 1204.0], [13.573, 809.0], [13.574, 1049.0], [13.575, 851.0], [13.576, 1226.0], [13.577, 607.0], [13.578, 831.0], [13.579, 896.0]], "timestamp": "2025-12-12T09:13:36.257179+00:00"}, {"symbol": "AVAXUSDT", "bids": [[13.568, 3053.0], [13.567, 664.0], [13.566, 1264.0], [13.565, 319.0], [13.564, 977.0], [13.563, 1350.0], [13.562, 903.0], [13.561, 1061.0], [13.56, 1105.0], [13.559, 767.0], [13.558, 916.0], [13.557, 900.0], [13.556, 2259.0], [13.555, 9290.0], [13.554, 2242.0], [13.553, 913.0], [13.552, 877.0], [13.551, 586.0], [13.55, 728.0], [13.549, 902.0]], "asks": [[13.569, 508.0], [13.57, 567.0], [13.571, 946.0], [13.572, 326.0], [13.573, 546.0], [13.574, 503.0], [13.575, 1675.0], [13.576, 1337.0], [13.577, 1217.0], [13.578, 692.0], [13.579, 851.0], [13.58, 621.0], [13.581, 921.0], [13.582, 1355.0], [13.583, 1469.0], [13.584, 1287.0], [13.585, 866.0], [13.586, 935.0], [13.587, 1775.0], [13.588, 1320.0]], "timestamp": "2025-12-12T09:14:29.390581+00:00"}, {"symbol": "AVAXUSDT", "bids": [[13.581, 547.0], [13.58, 898.0], [13.579, 1382.0], [13.578, 425.0], [13.577, 1417.0], [13.576, 1947.0], [13.575, 3888.0], [13.574, 1072.0], [13.573, 1563.0], [13.572, 854.0], [13.571, 924.0], [13.57, 1084.0], [13.569, 652.0], [13.568, 1787.0], [13.567, 1461.0], [13.566, 1023.0], [13.565, 1173.0], [13.564, 2865.0], [13.563, 8126.0], [13.562, 2874.0]], "asks": [[13.582, 428.0], [13.583, 833.0], [13.584, 5346.0], [13.585, 371.0], [13.586, 1188.0], [13.587, 1595.0], [13.588, 5249.0], [13.589, 804.0], [13.59, 995.0], [13.591, 806.0], [13.592, 812.0], [13.593, 538.0], [13.594, 1176.0], [13.595, 1248.0], [13.596, 976.0], [13.597, 1342.0], [13.598, 822.0], [13.599, 1538.0], [13.6, 975.0], [13.601, 925.0]], "timestamp": "2025-12-12T09:15:22.620604+00:00"}, {"symbol": "AVAXUSDT", "bids": [[13.583, 63.0], [13.582, 351.0], [13.581, 784.0], [13.58, 576.0], [13.579, 755.0], [13.578, 659.0], [13.577, 1244.0], [13.576, 2149.0], [13.575, 3589.0], [13.574, 1757.0], [13.573, 9328.0], [13.572, 997.0], [13.571, 1145.0], [13.57, 802.0], [13.569, 555.0], [13.568, 690.0], [13.567, 913.0], [13.566, 1081.0], [13.565, 1020.0], [13.564, 1708.0]], "asks": [[13.584, 678.0], [13.585, 6187.0], [13.586, 1181.0], [13.587, 1027.0], [13.588, 2704.0], [13.589, 6180.0], [13.59, 1035.0], [13.591, 1080.0], [13.592, 492.0], [13.593, 667.0], [13.594, 2226.0], [13.595, 1403.0], [13.596, 779.0], [13.597, 1209.0], [13.598, 673.0], [13.599, 1092.0], [13.6, 1212.0], [13.601, 909.0], [13.602, 897.0], [13.603, 1399.0]], "timestamp": "2025-12-12T09:16:15.275697+00:00"}, {"symbol": "AVAXUSDT", "bids": [[13.578, 15.0], [13.577, 134.0], [13.576, 1728.0], [13.575, 7658.0], [13.574, 698.0], [13.573, 1621.0], [13.572, 972.0], [13.571, 1402.0], [13.57, 661.0], [13.569, 685.0], [13.568, 1513.0], [13.567, 2044.0], [13.566, 1137.0], [13.565, 815.0], [13.564, 996.0], [13.563, 1443.0], [13.562, 3216.0], [13.561, 966.0], [13.56, 1208.0], [13.559, 806.0]], "asks": [[13.579, 939.0], [13.58, 1317.0], [13.581, 2627.0], [13.582, 5676.0], [13.583, 1435.0], [13.584, 2292.0], [13.585, 2776.0], [13.586, 7242.0], [13.587, 1260.0], [13.588, 1945.0], [13.589, 1032.0], [13.59, 990.0], [13.591, 1013.0], [13.592, 470.0], [13.593, 1657.0], [13.594, 2039.0], [13.595, 2153.0], [13.596, 1189.0], [13.597, 678.0], [13.598, 1024.0]], "timestamp": "2025-12-12T09:17:08.810785+00:00"}, {"symbol": "AVAXUSDT", "bids": [[13.577, 20.0], [13.576, 139.0], [13.575, 386.0], [13.574, 422.0], [13.573, 1349.0], [13.572, 808.0], [13.571, 1081.0], [13.57, 936.0], [13.569, 7372.0], [13.568, 1405.0], [13.567, 1409.0], [13.566, 1267.0], [13.565, 1887.0], [13.564, 898.0], [13.563, 938.0], [13.562, 1059.0], [13.561, 1097.0], [13.56, 1134.0], [13.559, 2989.0], [13.558, 1168.0]], "asks": [[13.578, 825.0], [13.579, 6040.0], [13.58, 1167.0], [13.581, 1266.0], [13.582, 1641.0], [13.583, 6429.0], [13.584, 2263.0], [13.585, 1991.0], [13.586, 1536.0], [13.587, 853.0], [13.588, 1133.0], [13.589, 1878.0], [13.59, 1391.0], [13.591, 743.0], [13.592, 1100.0], [13.593, 1659.0], [13.594, 2132.0], [13.595, 1078.0], [13.596, 1364.0], [13.597, 933.0]], "timestamp": "2025-12-12T09:18:02.060153+00:00"}, {"symbol": "AVAXUSDT", "bids": [[13.579, 492.0], [13.578, 285.0], [13.577, 709.0], [13.576, 1075.0], [13.575, 958.0], [13.574, 822.0], [13.573, 1719.0], [13.572, 1011.0], [13.571, 2010.0], [13.57, 2064.0], [13.569, 7387.0], [13.568, 642.0], [13.567, 908.0], [13.566, 1186.0], [13.565, 1093.0], [13.564, 1365.0], [13.563, 1821.0], [13.562, 1059.0], [13.561, 1208.0], [13.56, 1368.0]], "asks": [[13.58, 554.0], [13.581, 872.0], [13.582, 105.0], [13.583, 2350.0], [13.584, 6717.0], [13.585, 2388.0], [13.586, 1687.0], [13.587, 1016.0], [13.588, 1524.0], [13.589, 1687.0], [13.59, 1005.0], [13.591, 580.0], [13.592, 702.0], [13.593, 1927.0], [13.594, 2478.0], [13.595, 781.0], [13.596, 1271.0], [13.597, 985.0], [13.598, 1174.0], [13.599, 1296.0]], "timestamp": "2025-12-12T09:18:55.308676+00:00"}, {"symbol": "AVAXUSDT", "bids": [[13.578, 207.0], [13.577, 129.0], [13.576, 495.0], [13.575, 1062.0], [13.574, 1376.0], [13.573, 1826.0], [13.572, 1165.0], [13.571, 1660.0], [13.57, 1533.0], [13.569, 1211.0], [13.568, 2266.0], [13.567, 2296.0], [13.566, 1396.0], [13.565, 1000.0], [13.564, 1313.0], [13.563, 2766.0], [13.562, 1263.0], [13.561, 3288.0], [13.56, 1525.0], [13.559, 778.0]], "asks": [[13.579, 1166.0], [13.58, 1350.0], [13.581, 2519.0], [13.582, 6349.0], [13.583, 1685.0], [13.584, 1293.0], [13.585, 781.0], [13.586, 746.0], [13.587, 925.0], [13.588, 1678.0], [13.589, 872.0], [13.59, 1276.0], [13.591, 1612.0], [13.592, 738.0], [13.593, 1169.0], [13.594, 1037.0], [13.595, 1659.0], [13.596, 2332.0], [13.597, 1367.0], [13.598, 864.0]], "timestamp": "2025-12-12T09:19:48.455743+00:00"}, {"symbol": "AVAXUSDT", "bids": [[13.568, 655.0], [13.567, 1358.0], [13.566, 634.0], [13.565, 694.0], [13.564, 1034.0], [13.563, 2515.0], [13.562, 7932.0], [13.561, 1950.0], [13.56, 799.0], [13.559, 929.0], [13.558, 1994.0], [13.557, 1211.0], [13.556, 1360.0], [13.555, 1897.0], [13.554, 1547.0], [13.553, 916.0], [13.552, 2363.0], [13.551, 3222.0], [13.55, 1993.0], [13.549, 918.0]], "asks": [[13.569, 348.0], [13.57, 14.0], [13.571, 4007.0], [13.572, 464.0], [13.573, 1443.0], [13.574, 2191.0], [13.575, 2720.0], [13.576, 1858.0], [13.577, 1539.0], [13.578, 1460.0], [13.579, 763.0], [13.58, 1899.0], [13.581, 1494.0], [13.582, 1987.0], [13.583, 847.0], [13.584, 1549.0], [13.585, 1997.0], [13.586, 920.0], [13.587, 1119.0], [13.588, 1494.0]], "timestamp": "2025-12-12T09:20:42.149993+00:00"}, {"symbol": "AVAXUSDT", "bids": [[13.576, 177.0], [13.575, 88.0], [13.574, 466.0], [13.573, 848.0], [13.572, 515.0], [13.571, 903.0], [13.57, 1289.0], [13.569, 1430.0], [13.568, 1377.0], [13.567, 1943.0], [13.566, 1824.0], [13.565, 1782.0], [13.564, 2180.0], [13.563, 8062.0], [13.562, 1693.0], [13.561, 1070.0], [13.56, 1832.0], [13.559, 802.0], [13.558, 1011.0], [13.557, 1660.0]], "asks": [[13.577, 292.0], [13.578, 153.0], [13.579, 445.0], [13.58, 4266.0], [13.581, 575.0], [13.582, 1139.0], [13.583, 1632.0], [13.584, 1451.0], [13.585, 755.0], [13.586, 1119.0], [13.587, 1602.0], [13.588, 1041.0], [13.589, 1249.0], [13.59, 1825.0], [13.591, 1960.0], [13.592, 2899.0], [13.593, 1314.0], [13.594, 1130.0], [13.595, 1052.0], [13.596, 1312.0]], "timestamp": "2025-12-12T09:21:35.362147+00:00"}, {"symbol": "AVAXUSDT", "bids": [[13.544, 178.0], [13.543, 384.0], [13.542, 446.0], [13.541, 278.0], [13.54, 1329.0], [13.539, 1851.0], [13.538, 1528.0], [13.537, 1343.0], [13.536, 1974.0], [13.535, 2137.0], [13.534, 1453.0], [13.533, 1161.0], [13.532, 2180.0], [13.531, 882.0], [13.53, 931.0], [13.529, 1101.0], [13.528, 2557.0], [13.527, 3159.0], [13.526, 1058.0], [13.525, 2948.0]], "asks": [[13.545, 574.0], [13.546, 990.0], [13.547, 1064.0], [13.548, 686.0], [13.549, 966.0], [13.55, 1075.0], [13.551, 1012.0], [13.552, 1378.0], [13.553, 1627.0], [13.554, 1701.0], [13.555, 1455.0], [13.556, 1799.0], [13.557, 2820.0], [13.558, 2255.0], [13.559, 1932.0], [13.56, 2022.0], [13.561, 2272.0], [13.562, 1162.0], [13.563, 1025.0], [13.564, 687.0]], "timestamp": "2025-12-12T09:22:28.405403+00:00"}, {"symbol": "AVAXUSDT", "bids": [[13.544, 397.0], [13.543, 1363.0], [13.542, 5338.0], [13.541, 290.0], [13.54, 762.0], [13.539, 1148.0], [13.538, 1010.0], [13.537, 1533.0], [13.536, 1739.0], [13.535, 1727.0], [13.534, 1038.0], [13.533, 1147.0], [13.532, 2633.0], [13.531, 1755.0], [13.53, 1202.0], [13.529, 2303.0], [13.528, 1238.0], [13.527, 3059.0], [13.526, 823.0], [13.525, 2079.0]], "asks": [[13.545, 230.0], [13.546, 843.0], [13.547, 677.0], [13.548, 533.0], [13.549, 1311.0], [13.55, 991.0], [13.551, 950.0], [13.552, 1195.0], [13.553, 1195.0], [13.554, 1426.0], [13.555, 1409.0], [13.556, 1834.0], [13.557, 1907.0], [13.558, 2456.0], [13.559, 1824.0], [13.56, 2393.0], [13.561, 1144.0], [13.562, 2252.0], [13.563, 1185.0], [13.564, 1117.0]], "timestamp": "2025-12-12T09:23:21.654090+00:00"}, {"symbol": "AVAXUSDT", "bids": [[13.536, 446.0], [13.535, 5287.0], [13.534, 165.0], [13.533, 429.0], [13.532, 1658.0], [13.531, 3667.0], [13.53, 973.0], [13.529, 1198.0], [13.528, 1255.0], [13.527, 1638.0], [13.526, 1641.0], [13.525, 1548.0], [13.524, 4286.0], [13.523, 740.0], [13.522, 437.0], [13.521, 597.0], [13.52, 1792.0], [13.519, 908.0], [13.518, 1234.0], [13.517, 1805.0]], "asks": [[13.537, 90.0], [13.538, 384.0], [13.539, 674.0], [13.54, 1169.0], [13.541, 1358.0], [13.542, 2087.0], [13.543, 2696.0], [13.544, 2355.0], [13.545, 2122.0], [13.546, 2056.0], [13.547, 1797.0], [13.548, 995.0], [13.549, 1586.0], [13.55, 990.0], [13.551, 869.0], [13.552, 2047.0], [13.553, 2488.0], [13.554, 1444.0], [13.555, 1454.0], [13.556, 1237.0]], "timestamp": "2025-12-12T09:24:15.931531+00:00"}, {"symbol": "AVAXUSDT", "bids": [[13.533, 10.0], [13.532, 207.0], [13.531, 1191.0], [13.53, 5375.0], [13.529, 677.0], [13.528, 663.0], [13.527, 776.0], [13.526, 974.0], [13.525, 2047.0], [13.524, 5749.0], [13.523, 1116.0], [13.522, 611.0], [13.521, 809.0], [13.52, 1947.0], [13.519, 1007.0], [13.518, 1400.0], [13.517, 2148.0], [13.516, 1132.0], [13.515, 1793.0], [13.514, 3087.0]], "asks": [[13.534, 867.0], [13.535, 3569.0], [13.536, 791.0], [13.537, 741.0], [13.538, 924.0], [13.539, 1127.0], [13.54, 2213.0], [13.541, 1642.0], [13.542, 1946.0], [13.543, 1469.0], [13.544, 1936.0], [13.545, 840.0], [13.546, 813.0], [13.547, 1170.0], [13.548, 1288.0], [13.549, 1514.0], [13.55, 2456.0], [13.551, 1028.0], [13.552, 1177.0], [13.553, 880.0]], "timestamp": "2025-12-12T09:25:09.902537+00:00"}, {"symbol": "AVAXUSDT", "bids": [[13.536, 377.0], [13.535, 710.0], [13.534, 1565.0], [13.533, 5482.0], [13.532, 948.0], [13.531, 917.0], [13.53, 1577.0], [13.529, 6027.0], [13.528, 1069.0], [13.527, 1099.0], [13.526, 855.0], [13.525, 1032.0], [13.524, 2199.0], [13.523, 744.0], [13.522, 838.0], [13.521, 764.0], [13.52, 1893.0], [13.519, 1205.0], [13.518, 1286.0], [13.517, 971.0]], "asks": [[13.537, 87.0], [13.538, 189.0], [13.539, 577.0], [13.54, 1107.0], [13.541, 957.0], [13.542, 1541.0], [13.543, 1706.0], [13.544, 1237.0], [13.545, 1128.0], [13.546, 1175.0], [13.547, 1395.0], [13.548, 875.0], [13.549, 951.0], [13.55, 1796.0], [13.551, 1144.0], [13.552, 2187.0], [13.553, 2228.0], [13.554, 1936.0], [13.555, 2289.0], [13.556, 3935.0]], "timestamp": "2025-12-12T09:26:03.345878+00:00"}, {"symbol": "AVAXUSDT", "bids": [[13.527, 220.0], [13.526, 250.0], [13.525, 1357.0], [13.524, 5599.0], [13.523, 908.0], [13.522, 269.0], [13.521, 1153.0], [13.52, 1832.0], [13.519, 5666.0], [13.518, 1166.0], [13.517, 1494.0], [13.516, 1470.0], [13.515, 818.0], [13.514, 1427.0], [13.513, 1036.0], [13.512, 2183.0], [13.511, 906.0], [13.51, 855.0], [13.509, 1574.0], [13.508, 4046.0]], "asks": [[13.528, 489.0], [13.529, 814.0], [13.53, 1665.0], [13.531, 747.0], [13.532, 1551.0], [13.533, 944.0], [13.534, 1674.0], [13.535, 1175.0], [13.536, 1916.0], [13.537, 2592.0], [13.538, 941.0], [13.539, 1228.0], [13.54, 1543.0], [13.541, 1186.0], [13.542, 1622.0], [13.543, 1307.0], [13.544, 1990.0], [13.545, 2153.0], [13.546, 1199.0], [13.547, 1057.0]], "timestamp": "2025-12-12T09:26:56.800186+00:00"}, {"symbol": "AVAXUSDT", "bids": [[13.516, 391.0], [13.515, 905.0], [13.514, 2368.0], [13.513, 5855.0], [13.512, 304.0], [13.511, 1091.0], [13.51, 2777.0], [13.509, 5967.0], [13.508, 934.0], [13.507, 889.0], [13.506, 1875.0], [13.505, 5998.0], [13.504, 1010.0], [13.503, 530.0], [13.502, 1093.0], [13.501, 1111.0], [13.5, 2395.0], [13.499, 2241.0], [13.498, 2863.0], [13.497, 1057.0]], "asks": [[13.517, 341.0], [13.518, 371.0], [13.519, 902.0], [13.52, 821.0], [13.521, 877.0], [13.522, 1509.0], [13.523, 1282.0], [13.524, 1194.0], [13.525, 1315.0], [13.526, 822.0], [13.527, 924.0], [13.528, 1227.0], [13.529, 2209.0], [13.53, 1823.0], [13.531, 1370.0], [13.532, 1846.0], [13.533, 2772.0], [13.534, 1302.0], [13.535, 1236.0], [13.536, 3982.0]], "timestamp": "2025-12-12T09:27:49.740798+00:00"}, {"symbol": "AVAXUSDT", "bids": [[13.503, 74.0], [13.502, 5163.0], [13.501, 224.0], [13.5, 753.0], [13.499, 1046.0], [13.498, 1843.0], [13.497, 6297.0], [13.496, 1297.0], [13.495, 1471.0], [13.494, 777.0], [13.493, 560.0], [13.492, 5674.0], [13.491, 1705.0], [13.49, 856.0], [13.489, 1286.0], [13.488, 2071.0], [13.487, 896.0], [13.486, 530.0], [13.485, 2859.0], [13.484, 606.0]], "asks": [[13.504, 1165.0], [13.505, 716.0], [13.506, 727.0], [13.507, 680.0], [13.508, 872.0], [13.509, 1848.0], [13.51, 1874.0], [13.511, 1146.0], [13.512, 1635.0], [13.513, 752.0], [13.514, 947.0], [13.515, 910.0], [13.516, 1456.0], [13.517, 1794.0], [13.518, 1180.0], [13.519, 1421.0], [13.52, 2381.0], [13.521, 3545.0], [13.522, 2084.0], [13.523, 896.0]], "timestamp": "2025-12-12T09:28:42.989793+00:00"}, {"symbol": "AVAXUSDT", "bids": [[13.489, 235.0], [13.488, 5018.0], [13.487, 470.0], [13.486, 365.0], [13.485, 504.0], [13.484, 921.0], [13.483, 1696.0], [13.482, 6093.0], [13.481, 848.0], [13.48, 1080.0], [13.479, 431.0], [13.478, 1697.0], [13.477, 7040.0], [13.476, 1208.0], [13.475, 546.0], [13.474, 1379.0], [13.473, 1188.0], [13.472, 1916.0], [13.471, 803.0], [13.47, 1479.0]], "asks": [[13.49, 484.0], [13.491, 939.0], [13.492, 1157.0], [13.493, 1001.0], [13.494, 2307.0], [13.495, 2211.0], [13.496, 1986.0], [13.497, 2377.0], [13.498, 1618.0], [13.499, 1737.0], [13.5, 1672.0], [13.501, 878.0], [13.502, 1234.0], [13.503, 740.0], [13.504, 1622.0], [13.505, 2051.0], [13.506, 2089.0], [13.507, 2391.0], [13.508, 2238.0], [13.509, 1709.0]], "timestamp": "2025-12-12T09:29:35.845415+00:00"}, {"symbol": "AVAXUSDT", "bids": [[13.487, 900.0], [13.486, 1435.0], [13.485, 1537.0], [13.484, 5322.0], [13.483, 461.0], [13.482, 887.0], [13.481, 1886.0], [13.48, 6967.0], [13.479, 1700.0], [13.478, 5934.0], [13.477, 860.0], [13.476, 1014.0], [13.475, 1026.0], [13.474, 1922.0], [13.473, 1235.0], [13.472, 728.0], [13.471, 1856.0], [13.47, 1457.0], [13.469, 3004.0], [13.468, 688.0]], "asks": [[13.488, 110.0], [13.489, 185.0], [13.49, 295.0], [13.491, 782.0], [13.492, 1429.0], [13.493, 1821.0], [13.494, 1608.0], [13.495, 1223.0], [13.496, 1842.0], [13.497, 1365.0], [13.498, 1774.0], [13.499, 2404.0], [13.5, 1496.0], [13.501, 1398.0], [13.502, 1030.0], [13.503, 1330.0], [13.504, 1818.0], [13.505, 1414.0], [13.506, 1913.0], [13.507, 2067.0]], "timestamp": "2025-12-12T09:30:28.770043+00:00"}, {"symbol": "AVAXUSDT", "bids": [[13.497, 199.0], [13.496, 370.0], [13.495, 1187.0], [13.494, 6182.0], [13.493, 584.0], [13.492, 1172.0], [13.491, 2007.0], [13.49, 6393.0], [13.489, 1559.0], [13.488, 1806.0], [13.487, 1303.0], [13.486, 6048.0], [13.485, 1883.0], [13.484, 975.0], [13.483, 1128.0], [13.482, 1035.0], [13.481, 579.0], [13.48, 1067.0], [13.479, 1051.0], [13.478, 2907.0]], "asks": [[13.498, 666.0], [13.499, 502.0], [13.5, 854.0], [13.501, 916.0], [13.502, 1185.0], [13.503, 1457.0], [13.504, 1317.0], [13.505, 1267.0], [13.506, 2141.0], [13.507, 1906.0], [13.508, 1369.0], [13.509, 1769.0], [13.51, 1471.0], [13.511, 1330.0], [13.512, 1532.0], [13.513, 1292.0], [13.514, 800.0], [13.515, 1584.0], [13.516, 840.0], [13.517, 969.0]], "timestamp": "2025-12-12T09:31:21.622511+00:00"}, {"symbol": "AVAXUSDT", "bids": [[13.501, 429.0], [13.5, 5289.0], [13.499, 163.0], [13.498, 474.0], [13.497, 589.0], [13.496, 680.0], [13.495, 1936.0], [13.494, 6432.0], [13.493, 790.0], [13.492, 625.0], [13.491, 1442.0], [13.49, 6165.0], [13.489, 1692.0], [13.488, 1784.0], [13.487, 861.0], [13.486, 1014.0], [13.485, 1148.0], [13.484, 818.0], [13.483, 3005.0], [13.482, 1033.0]], "asks": [[13.502, 108.0], [13.503, 232.0], [13.504, 621.0], [13.505, 918.0], [13.506, 1807.0], [13.507, 1296.0], [13.508, 2069.0], [13.509, 1697.0], [13.51, 1335.0], [13.511, 1398.0], [13.512, 1171.0], [13.513, 1029.0], [13.514, 849.0], [13.515, 1733.0], [13.516, 1110.0], [13.517, 1356.0], [13.518, 1417.0], [13.519, 1002.0], [13.52, 1485.0], [13.521, 2957.0]], "timestamp": "2025-12-12T09:32:14.967706+00:00"}, {"symbol": "AVAXUSDT", "bids": [[13.507, 5119.0], [13.506, 173.0], [13.505, 812.0], [13.504, 789.0], [13.503, 1861.0], [13.502, 6916.0], [13.501, 877.0], [13.5, 1191.0], [13.499, 593.0], [13.498, 1293.0], [13.497, 6066.0], [13.496, 1824.0], [13.495, 905.0], [13.494, 913.0], [13.493, 887.0], [13.492, 1221.0], [13.491, 835.0], [13.49, 890.0], [13.489, 763.0], [13.488, 1806.0]], "asks": [[13.508, 205.0], [13.509, 348.0], [13.51, 325.0], [13.511, 926.0], [13.512, 1254.0], [13.513, 1472.0], [13.514, 1618.0], [13.515, 1624.0], [13.516, 1293.0], [13.517, 1320.0], [13.518, 1403.0], [13.519, 1219.0], [13.52, 1197.0], [13.521, 1739.0], [13.522, 2059.0], [13.523, 1568.0], [13.524, 1539.0], [13.525, 1312.0], [13.526, 1680.0], [13.527, 1643.0]], "timestamp": "2025-12-12T09:33:07.821067+00:00"}, {"symbol": "AVAXUSDT", "bids": [[13.507, 357.0], [13.506, 1307.0], [13.505, 5078.0], [13.504, 603.0], [13.503, 871.0], [13.502, 1382.0], [13.501, 6152.0], [13.5, 1263.0], [13.499, 574.0], [13.498, 721.0], [13.497, 1290.0], [13.496, 6174.0], [13.495, 861.0], [13.494, 1573.0], [13.493, 797.0], [13.492, 791.0], [13.491, 1005.0], [13.49, 1329.0], [13.489, 4004.0], [13.488, 1154.0]], "asks": [[13.508, 75.0], [13.509, 477.0], [13.51, 308.0], [13.511, 789.0], [13.512, 1101.0], [13.513, 1146.0], [13.514, 1292.0], [13.515, 2477.0], [13.516, 1375.0], [13.517, 1557.0], [13.518, 1430.0], [13.519, 1276.0], [13.52, 1385.0], [13.521, 1312.0], [13.522, 1672.0], [13.523, 1245.0], [13.524, 2106.0], [13.525, 2317.0], [13.526, 1619.0], [13.527, 1201.0]], "timestamp": "2025-12-12T09:34:01.150578+00:00"}, {"symbol": "AVAXUSDT", "bids": [[13.516, 391.0], [13.515, 358.0], [13.514, 5303.0], [13.513, 462.0], [13.512, 461.0], [13.511, 1934.0], [13.51, 6386.0], [13.509, 1413.0], [13.508, 939.0], [13.507, 874.0], [13.506, 1550.0], [13.505, 1210.0], [13.504, 873.0], [13.503, 1729.0], [13.502, 851.0], [13.501, 731.0], [13.5, 834.0], [13.499, 1056.0], [13.498, 3278.0], [13.497, 1377.0]], "asks": [[13.517, 385.0], [13.518, 603.0], [13.519, 314.0], [13.52, 696.0], [13.521, 1258.0], [13.522, 1459.0], [13.523, 1596.0], [13.524, 1400.0], [13.525, 1503.0], [13.526, 1459.0], [13.527, 1661.0], [13.528, 1568.0], [13.529, 1267.0], [13.53, 939.0], [13.531, 1134.0], [13.532, 1753.0], [13.533, 1286.0], [13.534, 736.0], [13.535, 1136.0], [13.536, 2765.0]], "timestamp": "2025-12-12T09:34:54.399602+00:00"}, {"symbol": "AVAXUSDT", "bids": [[13.526, 269.0], [13.525, 365.0], [13.524, 772.0], [13.523, 1063.0], [13.522, 1916.0], [13.521, 4034.0], [13.52, 1515.0], [13.519, 1824.0], [13.518, 793.0], [13.517, 557.0], [13.516, 1200.0], [13.515, 1146.0], [13.514, 1722.0], [13.513, 982.0], [13.512, 2504.0], [13.511, 1113.0], [13.51, 2325.0], [13.509, 1181.0], [13.508, 2930.0], [13.507, 1784.0]], "asks": [[13.527, 384.0], [13.528, 670.0], [13.529, 950.0], [13.53, 1003.0], [13.531, 1620.0], [13.532, 2011.0], [13.533, 1374.0], [13.534, 1760.0], [13.535, 1136.0], [13.536, 1827.0], [13.537, 1271.0], [13.538, 1025.0], [13.539, 1377.0], [13.54, 1982.0], [13.541, 853.0], [13.542, 1104.0], [13.543, 1355.0], [13.544, 1518.0], [13.545, 1342.0], [13.546, 1417.0]], "timestamp": "2025-12-12T09:35:48.774393+00:00"}, {"symbol": "AVAXUSDT", "bids": [[13.524, 63.0], [13.523, 282.0], [13.522, 1556.0], [13.521, 3551.0], [13.52, 574.0], [13.519, 1927.0], [13.518, 497.0], [13.517, 606.0], [13.516, 822.0], [13.515, 751.0], [13.514, 931.0], [13.513, 673.0], [13.512, 1719.0], [13.511, 2005.0], [13.51, 1402.0], [13.509, 949.0], [13.508, 1722.0], [13.507, 1450.0], [13.506, 1274.0], [13.505, 2247.0]], "asks": [[13.525, 384.0], [13.526, 130.0], [13.527, 856.0], [13.528, 968.0], [13.529, 1950.0], [13.53, 1611.0], [13.531, 1304.0], [13.532, 1365.0], [13.533, 2484.0], [13.534, 1602.0], [13.535, 1113.0], [13.536, 1618.0], [13.537, 672.0], [13.538, 1388.0], [13.539, 2036.0], [13.54, 1129.0], [13.541, 1946.0], [13.542, 1145.0], [13.543, 1761.0], [13.544, 4180.0]], "timestamp": "2025-12-12T09:36:41.719435+00:00"}, {"symbol": "AVAXUSDT", "bids": [[13.523, 230.0], [13.522, 1010.0], [13.521, 997.0], [13.52, 1249.0], [13.519, 1384.0], [13.518, 1417.0], [13.517, 1438.0], [13.516, 1527.0], [13.515, 915.0], [13.514, 905.0], [13.513, 1042.0], [13.512, 1127.0], [13.511, 2285.0], [13.51, 832.0], [13.509, 1509.0], [13.508, 1350.0], [13.507, 1087.0], [13.506, 2210.0], [13.505, 1999.0], [13.504, 1124.0]], "asks": [[13.524, 116.0], [13.525, 238.0], [13.526, 166.0], [13.527, 1333.0], [13.528, 1526.0], [13.529, 1246.0], [13.53, 1253.0], [13.531, 1196.0], [13.532, 1670.0], [13.533, 1198.0], [13.534, 952.0], [13.535, 1373.0], [13.536, 1855.0], [13.537, 743.0], [13.538, 1071.0], [13.539, 1667.0], [13.54, 1318.0], [13.541, 1327.0], [13.542, 2019.0], [13.543, 1344.0]], "timestamp": "2025-12-12T09:37:34.759436+00:00"}, {"symbol": "AVAXUSDT", "bids": [[13.517, 501.0], [13.516, 547.0], [13.515, 737.0], [13.514, 1003.0], [13.513, 1857.0], [13.512, 1079.0], [13.511, 976.0], [13.51, 1148.0], [13.509, 854.0], [13.508, 947.0], [13.507, 1881.0], [13.506, 2352.0], [13.505, 1331.0], [13.504, 1440.0], [13.503, 4181.0], [13.502, 855.0], [13.501, 1040.0], [13.5, 1418.0], [13.499, 2087.0], [13.498, 802.0]], "asks": [[13.518, 36.0], [13.519, 237.0], [13.52, 666.0], [13.521, 1200.0], [13.522, 1742.0], [13.523, 1721.0], [13.524, 1572.0], [13.525, 839.0], [13.526, 1286.0], [13.527, 1417.0], [13.528, 1348.0], [13.529, 1274.0], [13.53, 1873.0], [13.531, 1967.0], [13.532, 1592.0], [13.533, 1224.0], [13.534, 1770.0], [13.535, 1600.0], [13.536, 1751.0], [13.537, 961.0]], "timestamp": "2025-12-12T09:38:27.907541+00:00"}, {"symbol": "AVAXUSDT", "bids": [[13.521, 330.0], [13.52, 7.0], [13.519, 708.0], [13.518, 1254.0], [13.517, 1178.0], [13.516, 1021.0], [13.515, 675.0], [13.514, 880.0], [13.513, 993.0], [13.512, 835.0], [13.511, 1262.0], [13.51, 1202.0], [13.509, 1416.0], [13.508, 1596.0], [13.507, 2763.0], [13.506, 1790.0], [13.505, 1023.0], [13.504, 1273.0], [13.503, 2176.0], [13.502, 2456.0]], "asks": [[13.522, 1158.0], [13.523, 1131.0], [13.524, 1052.0], [13.525, 1024.0], [13.526, 1155.0], [13.527, 1917.0], [13.528, 1574.0], [13.529, 1676.0], [13.53, 2195.0], [13.531, 2027.0], [13.532, 1758.0], [13.533, 1114.0], [13.534, 1390.0], [13.535, 1224.0], [13.536, 1984.0], [13.537, 1660.0], [13.538, 1083.0], [13.539, 1253.0], [13.54, 1967.0], [13.541, 2296.0]], "timestamp": "2025-12-12T09:39:20.642955+00:00"}, {"symbol": "AVAXUSDT", "bids": [[13.523, 30.0], [13.522, 303.0], [13.521, 799.0], [13.52, 1332.0], [13.519, 973.0], [13.518, 1540.0], [13.517, 1330.0], [13.516, 1065.0], [13.515, 686.0], [13.514, 746.0], [13.513, 1045.0], [13.512, 1001.0], [13.511, 1390.0], [13.51, 1505.0], [13.509, 1158.0], [13.508, 995.0], [13.507, 2273.0], [13.506, 1758.0], [13.505, 1093.0], [13.504, 1468.0]], "asks": [[13.524, 560.0], [13.525, 557.0], [13.526, 997.0], [13.527, 1246.0], [13.528, 1878.0], [13.529, 1556.0], [13.53, 2122.0], [13.531, 1382.0], [13.532, 1369.0], [13.533, 1209.0], [13.534, 1130.0], [13.535, 1594.0], [13.536, 1926.0], [13.537, 812.0], [13.538, 1643.0], [13.539, 1215.0], [13.54, 1011.0], [13.541, 806.0], [13.542, 1543.0], [13.543, 3649.0]], "timestamp": "2025-12-12T09:40:13.791527+00:00"}, {"symbol": "AVAXUSDT", "bids": [[13.523, 102.0], [13.522, 27.0], [13.521, 430.0], [13.52, 1049.0], [13.519, 2104.0], [13.518, 1713.0], [13.517, 1275.0], [13.516, 1160.0], [13.515, 855.0], [13.514, 1115.0], [13.513, 1286.0], [13.512, 1350.0], [13.511, 1560.0], [13.51, 1258.0], [13.509, 980.0], [13.508, 1560.0], [13.507, 1753.0], [13.506, 1572.0], [13.505, 824.0], [13.504, 1312.0]], "asks": [[13.524, 603.0], [13.525, 754.0], [13.526, 1295.0], [13.527, 988.0], [13.528, 1953.0], [13.529, 895.0], [13.53, 2023.0], [13.531, 1480.0], [13.532, 1429.0], [13.533, 725.0], [13.534, 787.0], [13.535, 1191.0], [13.536, 2348.0], [13.537, 789.0], [13.538, 1684.0], [13.539, 1344.0], [13.54, 1112.0], [13.541, 1587.0], [13.542, 3474.0], [13.543, 3730.0]], "timestamp": "2025-12-12T09:41:07.451790+00:00"}, {"symbol": "AVAXUSDT", "bids": [[13.526, 967.0], [13.525, 681.0], [13.524, 491.0], [13.523, 1135.0], [13.522, 1679.0], [13.521, 990.0], [13.52, 1433.0], [13.519, 1489.0], [13.518, 2735.0], [13.517, 747.0], [13.516, 860.0], [13.515, 749.0], [13.514, 988.0], [13.513, 1860.0], [13.512, 2089.0], [13.511, 1871.0], [13.51, 986.0], [13.509, 1166.0], [13.508, 2037.0], [13.507, 1092.0]], "asks": [[13.527, 106.0], [13.528, 24.0], [13.529, 255.0], [13.53, 970.0], [13.531, 1184.0], [13.532, 1323.0], [13.533, 1285.0], [13.534, 750.0], [13.535, 1037.0], [13.536, 1315.0], [13.537, 1125.0], [13.538, 1922.0], [13.539, 2708.0], [13.54, 982.0], [13.541, 972.0], [13.542, 1713.0], [13.543, 1209.0], [13.544, 1772.0], [13.545, 2029.0], [13.546, 642.0]], "timestamp": "2025-12-12T09:42:00.286982+00:00"}, {"symbol": "AVAXUSDT", "bids": [[13.515, 313.0], [13.514, 422.0], [13.513, 592.0], [13.512, 765.0], [13.511, 786.0], [13.51, 1337.0], [13.509, 472.0], [13.508, 1289.0], [13.507, 863.0], [13.506, 1120.0], [13.505, 1450.0], [13.504, 757.0], [13.503, 1115.0], [13.502, 943.0], [13.501, 1129.0], [13.5, 1873.0], [13.499, 2861.0], [13.498, 524.0], [13.497, 979.0], [13.496, 3229.0]], "asks": [[13.516, 319.0], [13.517, 604.0], [13.518, 973.0], [13.519, 1186.0], [13.52, 1106.0], [13.521, 1454.0], [13.522, 1442.0], [13.523, 1675.0], [13.524, 1773.0], [13.525, 1435.0], [13.526, 1208.0], [13.527, 533.0], [13.528, 772.0], [13.529, 1102.0], [13.53, 1665.0], [13.531, 1726.0], [13.532, 2016.0], [13.533, 1577.0], [13.534, 953.0], [13.535, 1673.0]], "timestamp": "2025-12-12T09:42:53.841703+00:00"}, {"symbol": "AVAXUSDT", "bids": [[13.511, 114.0], [13.51, 38.0], [13.509, 152.0], [13.508, 578.0], [13.507, 649.0], [13.506, 911.0], [13.505, 779.0], [13.504, 1162.0], [13.503, 1058.0], [13.502, 1059.0], [13.501, 1734.0], [13.5, 1969.0], [13.499, 1048.0], [13.498, 1132.0], [13.497, 1972.0], [13.496, 1155.0], [13.495, 1108.0], [13.494, 1098.0], [13.493, 1001.0], [13.492, 951.0]], "asks": [[13.512, 561.0], [13.513, 368.0], [13.514, 1551.0], [13.515, 1312.0], [13.516, 1298.0], [13.517, 1900.0], [13.518, 2024.0], [13.519, 1523.0], [13.52, 1053.0], [13.521, 1392.0], [13.522, 1148.0], [13.523, 1614.0], [13.524, 566.0], [13.525, 772.0], [13.526, 1775.0], [13.527, 873.0], [13.528, 883.0], [13.529, 790.0], [13.53, 1425.0], [13.531, 1259.0]], "timestamp": "2025-12-12T09:43:47.704452+00:00"}, {"symbol": "AVAXUSDT", "bids": [[13.511, 234.0], [13.51, 866.0], [13.509, 376.0], [13.508, 310.0], [13.507, 760.0], [13.506, 1315.0], [13.505, 1737.0], [13.504, 1005.0], [13.503, 991.0], [13.502, 771.0], [13.501, 826.0], [13.5, 1597.0], [13.499, 895.0], [13.498, 864.0], [13.497, 2603.0], [13.496, 1230.0], [13.495, 530.0], [13.494, 810.0], [13.493, 937.0], [13.492, 1116.0]], "asks": [[13.512, 566.0], [13.513, 305.0], [13.514, 1012.0], [13.515, 761.0], [13.516, 1567.0], [13.517, 1964.0], [13.518, 1391.0], [13.519, 1529.0], [13.52, 1379.0], [13.521, 1965.0], [13.522, 1151.0], [13.523, 1287.0], [13.524, 1222.0], [13.525, 954.0], [13.526, 1775.0], [13.527, 918.0], [13.528, 883.0], [13.529, 840.0], [13.53, 1338.0], [13.531, 1205.0]], "timestamp": "2025-12-12T09:44:40.544017+00:00"}, {"symbol": "AVAXUSDT", "bids": [[13.51, 146.0], [13.509, 89.0], [13.508, 531.0], [13.507, 645.0], [13.506, 942.0], [13.505, 1319.0], [13.504, 1217.0], [13.503, 771.0], [13.502, 558.0], [13.501, 1013.0], [13.5, 1657.0], [13.499, 1211.0], [13.498, 1220.0], [13.497, 1970.0], [13.496, 1262.0], [13.495, 427.0], [13.494, 811.0], [13.493, 1202.0], [13.492, 1867.0], [13.491, 980.0]], "asks": [[13.511, 518.0], [13.512, 512.0], [13.513, 1037.0], [13.514, 1058.0], [13.515, 1205.0], [13.516, 1691.0], [13.517, 1322.0], [13.518, 1540.0], [13.519, 1374.0], [13.52, 1379.0], [13.521, 1910.0], [13.522, 1394.0], [13.523, 1385.0], [13.524, 1423.0], [13.525, 1140.0], [13.526, 2057.0], [13.527, 646.0], [13.528, 703.0], [13.529, 2259.0], [13.53, 1420.0]], "timestamp": "2025-12-12T09:45:33.485368+00:00"}, {"symbol": "AVAXUSDT", "bids": [[13.503, 25.0], [13.502, 35.0], [13.501, 426.0], [13.5, 201.0], [13.499, 581.0], [13.498, 1273.0], [13.497, 672.0], [13.496, 1024.0], [13.495, 511.0], [13.494, 1055.0], [13.493, 986.0], [13.492, 1237.0], [13.491, 1235.0], [13.49, 1879.0], [13.489, 3066.0], [13.488, 851.0], [13.487, 504.0], [13.486, 797.0], [13.485, 2226.0], [13.484, 1030.0]], "asks": [[13.504, 283.0], [13.505, 1075.0], [13.506, 1065.0], [13.507, 1313.0], [13.508, 1402.0], [13.509, 2098.0], [13.51, 1608.0], [13.511, 1739.0], [13.512, 1586.0], [13.513, 819.0], [13.514, 1537.0], [13.515, 1140.0], [13.516, 974.0], [13.517, 976.0], [13.518, 1241.0], [13.519, 1390.0], [13.52, 1706.0], [13.521, 2067.0], [13.522, 1726.0], [13.523, 1472.0]], "timestamp": "2025-12-12T09:46:26.539486+00:00"}, {"symbol": "AVAXUSDT", "bids": [[13.521, 277.0], [13.52, 936.0], [13.519, 671.0], [13.518, 384.0], [13.517, 483.0], [13.516, 622.0], [13.515, 963.0], [13.514, 1050.0], [13.513, 685.0], [13.512, 1043.0], [13.511, 1208.0], [13.51, 934.0], [13.509, 1749.0], [13.508, 1232.0], [13.507, 1127.0], [13.506, 1230.0], [13.505, 938.0], [13.504, 496.0], [13.503, 1037.0], [13.502, 2230.0]], "asks": [[13.522, 301.0], [13.523, 530.0], [13.524, 874.0], [13.525, 1048.0], [13.526, 1883.0], [13.527, 1431.0], [13.528, 879.0], [13.529, 987.0], [13.53, 1485.0], [13.531, 619.0], [13.532, 1031.0], [13.533, 1468.0], [13.534, 812.0], [13.535, 1229.0], [13.536, 1678.0], [13.537, 1872.0], [13.538, 1666.0], [13.539, 2459.0], [13.54, 1956.0], [13.541, 1716.0]], "timestamp": "2025-12-12T09:47:19.572405+00:00"}, {"symbol": "AVAXUSDT", "bids": [[13.531, 83.0], [13.53, 854.0], [13.529, 306.0], [13.528, 257.0], [13.527, 371.0], [13.526, 750.0], [13.525, 1213.0], [13.524, 1077.0], [13.523, 2066.0], [13.522, 966.0], [13.521, 1591.0], [13.52, 1584.0], [13.519, 5874.0], [13.518, 1405.0], [13.517, 1458.0], [13.516, 816.0], [13.515, 1062.0], [13.514, 1778.0], [13.513, 731.0], [13.512, 790.0]], "asks": [[13.532, 301.0], [13.533, 642.0], [13.534, 582.0], [13.535, 1061.0], [13.536, 1606.0], [13.537, 2227.0], [13.538, 2310.0], [13.539, 5109.0], [13.54, 668.0], [13.541, 925.0], [13.542, 1312.0], [13.543, 1652.0], [13.544, 1071.0], [13.545, 1056.0], [13.546, 940.0], [13.547, 1603.0], [13.548, 1781.0], [13.549, 2466.0], [13.55, 1408.0], [13.551, 1351.0]], "timestamp": "2025-12-12T09:48:12.924058+00:00"}, {"symbol": "AVAXUSDT", "bids": [[13.532, 738.0], [13.531, 274.0], [13.53, 262.0], [13.529, 629.0], [13.528, 458.0], [13.527, 1310.0], [13.526, 1203.0], [13.525, 1315.0], [13.524, 1254.0], [13.523, 3092.0], [13.522, 7487.0], [13.521, 1255.0], [13.52, 1085.0], [13.519, 1167.0], [13.518, 1408.0], [13.517, 1761.0], [13.516, 1765.0], [13.515, 991.0], [13.514, 1056.0], [13.513, 2787.0]], "asks": [[13.533, 205.0], [13.534, 100.0], [13.535, 805.0], [13.536, 900.0], [13.537, 1475.0], [13.538, 1532.0], [13.539, 1336.0], [13.54, 1491.0], [13.541, 2415.0], [13.542, 5239.0], [13.543, 808.0], [13.544, 1229.0], [13.545, 1699.0], [13.546, 1092.0], [13.547, 2120.0], [13.548, 1980.0], [13.549, 2244.0], [13.55, 1126.0], [13.551, 1261.0], [13.552, 844.0]], "timestamp": "2025-12-12T09:49:06.811188+00:00"}, {"symbol": "AVAXUSDT", "bids": [[13.552, 1299.0], [13.551, 760.0], [13.55, 1169.0], [13.549, 121.0], [13.548, 474.0], [13.547, 1317.0], [13.546, 1081.0], [13.545, 774.0], [13.544, 959.0], [13.543, 1989.0], [13.542, 1443.0], [13.541, 1145.0], [13.54, 1209.0], [13.539, 1481.0], [13.538, 752.0], [13.537, 956.0], [13.536, 1130.0], [13.535, 1042.0], [13.534, 2162.0], [13.533, 4018.0]], "asks": [[13.553, 398.0], [13.554, 1217.0], [13.555, 5177.0], [13.556, 440.0], [13.557, 1446.0], [13.558, 2406.0], [13.559, 809.0], [13.56, 1518.0], [13.561, 5474.0], [13.562, 709.0], [13.563, 1137.0], [13.564, 1151.0], [13.565, 1428.0], [13.566, 1907.0], [13.567, 1189.0], [13.568, 2857.0], [13.569, 526.0], [13.57, 654.0], [13.571, 1834.0], [13.572, 1559.0]], "timestamp": "2025-12-12T09:49:59.831247+00:00"}, {"symbol": "AVAXUSDT", "bids": [[13.585, 1003.0], [13.584, 1296.0], [13.583, 508.0], [13.582, 574.0], [13.581, 274.0], [13.58, 893.0], [13.579, 1389.0], [13.578, 1372.0], [13.577, 585.0], [13.576, 882.0], [13.575, 1754.0], [13.574, 1169.0], [13.573, 1368.0], [13.572, 1298.0], [13.571, 561.0], [13.57, 785.0], [13.569, 1089.0], [13.568, 1091.0], [13.567, 1032.0], [13.566, 1108.0]], "asks": [[13.586, 69.0], [13.587, 5070.0], [13.588, 104.0], [13.589, 687.0], [13.59, 727.0], [13.591, 972.0], [13.592, 881.0], [13.593, 1847.0], [13.594, 2138.0], [13.595, 4615.0], [13.596, 1986.0], [13.597, 867.0], [13.598, 5860.0], [13.599, 1010.0], [13.6, 755.0], [13.601, 1502.0], [13.602, 898.0], [13.603, 528.0], [13.604, 814.0], [13.605, 1329.0]], "timestamp": "2025-12-12T09:50:53.088662+00:00"}, {"symbol": "AVAXUSDT", "bids": [[13.595, 223.0], [13.594, 162.0], [13.593, 406.0], [13.592, 632.0], [13.591, 997.0], [13.59, 873.0], [13.589, 1555.0], [13.588, 1260.0], [13.587, 1258.0], [13.586, 1537.0], [13.585, 700.0], [13.584, 1223.0], [13.583, 1112.0], [13.582, 681.0], [13.581, 1077.0], [13.58, 4174.0], [13.579, 2997.0], [13.578, 1241.0], [13.577, 572.0], [13.576, 688.0]], "asks": [[13.596, 224.0], [13.597, 1091.0], [13.598, 2108.0], [13.599, 5510.0], [13.6, 1119.0], [13.601, 785.0], [13.602, 1949.0], [13.603, 6738.0], [13.604, 1440.0], [13.605, 1230.0], [13.606, 1151.0], [13.607, 2027.0], [13.608, 5870.0], [13.609, 559.0], [13.61, 716.0], [13.611, 1864.0], [13.612, 934.0], [13.613, 520.0], [13.614, 913.0], [13.615, 739.0]], "timestamp": "2025-12-12T09:51:45.774647+00:00"}, {"symbol": "AVAXUSDT", "bids": [[13.582, 294.0], [13.581, 378.0], [13.58, 480.0], [13.579, 615.0], [13.578, 747.0], [13.577, 881.0], [13.576, 1104.0], [13.575, 1701.0], [13.574, 6281.0], [13.573, 999.0], [13.572, 1414.0], [13.571, 1023.0], [13.57, 772.0], [13.569, 950.0], [13.568, 799.0], [13.567, 854.0], [13.566, 1222.0], [13.565, 784.0], [13.564, 931.0], [13.563, 1334.0]], "asks": [[13.583, 236.0], [13.584, 336.0], [13.585, 1638.0], [13.586, 5305.0], [13.587, 1258.0], [13.588, 1909.0], [13.589, 799.0], [13.59, 1616.0], [13.591, 6032.0], [13.592, 853.0], [13.593, 1752.0], [13.594, 6429.0], [13.595, 788.0], [13.596, 837.0], [13.597, 406.0], [13.598, 629.0], [13.599, 544.0], [13.6, 643.0], [13.601, 1449.0], [13.602, 3107.0]], "timestamp": "2025-12-12T09:52:38.386175+00:00"}, {"symbol": "AVAXUSDT", "bids": [[13.58, 288.0], [13.579, 418.0], [13.578, 863.0], [13.577, 1067.0], [13.576, 1438.0], [13.575, 1769.0], [13.574, 7893.0], [13.573, 676.0], [13.572, 1583.0], [13.571, 1090.0], [13.57, 753.0], [13.569, 1025.0], [13.568, 901.0], [13.567, 906.0], [13.566, 1153.0], [13.565, 683.0], [13.564, 829.0], [13.563, 1201.0], [13.562, 3145.0], [13.561, 2197.0]], "asks": [[13.581, 93.0], [13.582, 775.0], [13.583, 5222.0], [13.584, 472.0], [13.585, 650.0], [13.586, 1381.0], [13.587, 1594.0], [13.588, 1277.0], [13.589, 2014.0], [13.59, 6369.0], [13.591, 1579.0], [13.592, 1498.0], [13.593, 1525.0], [13.594, 6251.0], [13.595, 539.0], [13.596, 584.0], [13.597, 386.0], [13.598, 877.0], [13.599, 545.0], [13.6, 743.0]], "timestamp": "2025-12-12T09:53:31.904452+00:00"}, {"symbol": "AVAXUSDT", "bids": [[13.578, 721.0], [13.577, 749.0], [13.576, 799.0], [13.575, 954.0], [13.574, 474.0], [13.573, 913.0], [13.572, 1720.0], [13.571, 1400.0], [13.57, 3820.0], [13.569, 1118.0], [13.568, 1031.0], [13.567, 1243.0], [13.566, 1470.0], [13.565, 830.0], [13.564, 1040.0], [13.563, 1299.0], [13.562, 4064.0], [13.561, 1012.0], [13.56, 1094.0], [13.559, 960.0]], "asks": [[13.579, 119.0], [13.58, 5201.0], [13.581, 549.0], [13.582, 615.0], [13.583, 1121.0], [13.584, 1180.0], [13.585, 2190.0], [13.586, 2373.0], [13.587, 5892.0], [13.588, 648.0], [13.589, 1529.0], [13.59, 6164.0], [13.591, 1097.0], [13.592, 1532.0], [13.593, 1655.0], [13.594, 1329.0], [13.595, 537.0], [13.596, 630.0], [13.597, 391.0], [13.598, 1015.0]], "timestamp": "2025-12-12T09:54:24.869228+00:00"}, {"symbol": "AVAXUSDT", "bids": [[13.586, 92.0], [13.585, 382.0], [13.584, 878.0], [13.583, 642.0], [13.582, 654.0], [13.581, 1221.0], [13.58, 1209.0], [13.579, 1035.0], [13.578, 1890.0], [13.577, 1230.0], [13.576, 1202.0], [13.575, 1652.0], [13.574, 1241.0], [13.573, 1061.0], [13.572, 1878.0], [13.571, 2437.0], [13.57, 5262.0], [13.569, 904.0], [13.568, 580.0], [13.567, 636.0]], "asks": [[13.587, 494.0], [13.588, 1277.0], [13.589, 1834.0], [13.59, 5341.0], [13.591, 711.0], [13.592, 990.0], [13.593, 6437.0], [13.594, 1649.0], [13.595, 5313.0], [13.596, 974.0], [13.597, 1291.0], [13.598, 709.0], [13.599, 626.0], [13.6, 739.0], [13.601, 856.0], [13.602, 1007.0], [13.603, 849.0], [13.604, 583.0], [13.605, 952.0], [13.606, 2166.0]], "timestamp": "2025-12-12T09:55:18.930918+00:00"}, {"symbol": "AVAXUSDT", "bids": [[13.603, 269.0], [13.602, 749.0], [13.601, 1092.0], [13.6, 851.0], [13.599, 1819.0], [13.598, 2151.0], [13.597, 1834.0], [13.596, 1639.0], [13.595, 1106.0], [13.594, 1019.0], [13.593, 1802.0], [13.592, 1600.0], [13.591, 1091.0], [13.59, 1350.0], [13.589, 1137.0], [13.588, 1795.0], [13.587, 1277.0], [13.586, 1693.0], [13.585, 4261.0], [13.584, 1271.0]], "asks": [[13.604, 1038.0], [13.605, 1068.0], [13.606, 724.0], [13.607, 1098.0], [13.608, 1538.0], [13.609, 5565.0], [13.61, 1257.0], [13.611, 1349.0], [13.612, 892.0], [13.613, 821.0], [13.614, 1260.0], [13.615, 728.0], [13.616, 1113.0], [13.617, 1607.0], [13.618, 1985.0], [13.619, 3038.0], [13.62, 989.0], [13.621, 1600.0], [13.622, 1129.0], [13.623, 1097.0]], "timestamp": "2025-12-12T09:56:11.650087+00:00"}, {"symbol": "AVAXUSDT", "bids": [[13.608, 955.0], [13.607, 36.0], [13.606, 426.0], [13.605, 866.0], [13.604, 1507.0], [13.603, 1307.0], [13.602, 1503.0], [13.601, 1402.0], [13.6, 1666.0], [13.599, 4471.0], [13.598, 1522.0], [13.597, 1990.0], [13.596, 1961.0], [13.595, 879.0], [13.594, 1733.0], [13.593, 1108.0], [13.592, 959.0], [13.591, 1397.0], [13.59, 3318.0], [13.589, 733.0]], "asks": [[13.609, 5774.0], [13.61, 588.0], [13.611, 456.0], [13.612, 182.0], [13.613, 1041.0], [13.614, 2215.0], [13.615, 6420.0], [13.616, 1069.0], [13.617, 1228.0], [13.618, 1766.0], [13.619, 5460.0], [13.62, 685.0], [13.621, 932.0], [13.622, 1230.0], [13.623, 989.0], [13.624, 751.0], [13.625, 1390.0], [13.626, 2072.0], [13.627, 1532.0], [13.628, 1254.0]], "timestamp": "2025-12-12T09:57:04.592038+00:00"}, {"symbol": "AVAXUSDT", "bids": [[13.623, 893.0], [13.622, 295.0], [13.621, 556.0], [13.62, 668.0], [13.619, 1295.0], [13.618, 1118.0], [13.617, 1568.0], [13.616, 1210.0], [13.615, 1369.0], [13.614, 1673.0], [13.613, 928.0], [13.612, 874.0], [13.611, 1640.0], [13.61, 1697.0], [13.609, 996.0], [13.608, 3277.0], [13.607, 1274.0], [13.606, 912.0], [13.605, 866.0], [13.604, 989.0]], "asks": [[13.624, 466.0], [13.625, 829.0], [13.626, 1085.0], [13.627, 2449.0], [13.628, 5186.0], [13.629, 1307.0], [13.63, 1593.0], [13.631, 2442.0], [13.632, 5844.0], [13.633, 604.0], [13.634, 501.0], [13.635, 1698.0], [13.636, 6186.0], [13.637, 1538.0], [13.638, 1577.0], [13.639, 1043.0], [13.64, 620.0], [13.641, 1368.0], [13.642, 927.0], [13.643, 2851.0]], "timestamp": "2025-12-12T09:57:57.635438+00:00"}, {"symbol": "AVAXUSDT", "bids": [[13.636, 33.0], [13.635, 243.0], [13.634, 841.0], [13.633, 534.0], [13.632, 1953.0], [13.631, 2111.0], [13.63, 2278.0], [13.629, 1199.0], [13.628, 1429.0], [13.627, 1503.0], [13.626, 1895.0], [13.625, 871.0], [13.624, 1419.0], [13.623, 1174.0], [13.622, 1261.0], [13.621, 2009.0], [13.62, 1192.0], [13.619, 550.0], [13.618, 699.0], [13.617, 1032.0]], "asks": [[13.637, 1180.0], [13.638, 889.0], [13.639, 813.0], [13.64, 913.0], [13.641, 420.0], [13.642, 1263.0], [13.643, 1096.0], [13.644, 741.0], [13.645, 834.0], [13.646, 1707.0], [13.647, 1172.0], [13.648, 1177.0], [13.649, 1373.0], [13.65, 2312.0], [13.651, 1482.0], [13.652, 1045.0], [13.653, 1529.0], [13.654, 1122.0], [13.655, 1994.0], [13.656, 1827.0]], "timestamp": "2025-12-12T09:58:50.884501+00:00"}, {"symbol": "AVAXUSDT", "bids": [[13.628, 543.0], [13.627, 437.0], [13.626, 653.0], [13.625, 712.0], [13.624, 1203.0], [13.623, 1401.0], [13.622, 1107.0], [13.621, 1245.0], [13.62, 1980.0], [13.619, 1090.0], [13.618, 2050.0], [13.617, 1971.0], [13.616, 1174.0], [13.615, 980.0], [13.614, 1326.0], [13.613, 2075.0], [13.612, 1460.0], [13.611, 3254.0], [13.61, 660.0], [13.609, 928.0]], "asks": [[13.629, 5937.0], [13.63, 476.0], [13.631, 427.0], [13.632, 734.0], [13.633, 960.0], [13.634, 2441.0], [13.635, 6869.0], [13.636, 2545.0], [13.637, 6203.0], [13.638, 1425.0], [13.639, 378.0], [13.64, 925.0], [13.641, 786.0], [13.642, 1200.0], [13.643, 1773.0], [13.644, 1625.0], [13.645, 1404.0], [13.646, 888.0], [13.647, 1066.0], [13.648, 895.0]], "timestamp": "2025-12-12T09:59:44.132505+00:00"}, {"symbol": "AVAXUSDT", "bids": [[13.61, 1032.0], [13.609, 704.0], [13.608, 570.0], [13.607, 575.0], [13.606, 846.0], [13.605, 1437.0], [13.604, 1630.0], [13.603, 1339.0], [13.602, 1284.0], [13.601, 1095.0], [13.6, 1386.0], [13.599, 2098.0], [13.598, 1603.0], [13.597, 1767.0], [13.596, 3831.0], [13.595, 895.0], [13.594, 1928.0], [13.593, 872.0], [13.592, 983.0], [13.591, 1901.0]], "asks": [[13.611, 38.0], [13.612, 5110.0], [13.613, 462.0], [13.614, 595.0], [13.615, 747.0], [13.616, 1098.0], [13.617, 2099.0], [13.618, 6443.0], [13.619, 734.0], [13.62, 809.0], [13.621, 589.0], [13.622, 7032.0], [13.623, 714.0], [13.624, 665.0], [13.625, 1306.0], [13.626, 920.0], [13.627, 474.0], [13.628, 930.0], [13.629, 1381.0], [13.63, 853.0]], "timestamp": "2025-12-12T10:00:37.074105+00:00"}, {"symbol": "AVAXUSDT", "bids": [[13.632, 840.0], [13.631, 728.0], [13.63, 526.0], [13.629, 624.0], [13.628, 817.0], [13.627, 2538.0], [13.626, 1680.0], [13.625, 1425.0], [13.624, 1874.0], [13.623, 1084.0], [13.622, 1224.0], [13.621, 1476.0], [13.62, 1139.0], [13.619, 1848.0], [13.618, 1334.0], [13.617, 1414.0], [13.616, 791.0], [13.615, 1106.0], [13.614, 961.0], [13.613, 2001.0]], "asks": [[13.633, 154.0], [13.634, 5168.0], [13.635, 192.0], [13.636, 326.0], [13.637, 680.0], [13.638, 1836.0], [13.639, 816.0], [13.64, 6421.0], [13.641, 1021.0], [13.642, 800.0], [13.643, 1883.0], [13.644, 4507.0], [13.645, 695.0], [13.646, 1420.0], [13.647, 1208.0], [13.648, 1245.0], [13.649, 1230.0], [13.65, 1703.0], [13.651, 1644.0], [13.652, 1924.0]], "timestamp": "2025-12-12T10:01:30.822771+00:00"}, {"symbol": "AVAXUSDT", "bids": [[13.627, 545.0], [13.626, 421.0], [13.625, 629.0], [13.624, 853.0], [13.623, 686.0], [13.622, 1719.0], [13.621, 1732.0], [13.62, 1223.0], [13.619, 1370.0], [13.618, 1696.0], [13.617, 1522.0], [13.616, 1047.0], [13.615, 1919.0], [13.614, 2494.0], [13.613, 1007.0], [13.612, 1272.0], [13.611, 4856.0], [13.61, 2342.0], [13.609, 852.0], [13.608, 1352.0]], "asks": [[13.628, 27.0], [13.629, 1129.0], [13.63, 5579.0], [13.631, 1510.0], [13.632, 1468.0], [13.633, 1410.0], [13.634, 3274.0], [13.635, 5608.0], [13.636, 1420.0], [13.637, 1022.0], [13.638, 1984.0], [13.639, 1981.0], [13.64, 1021.0], [13.641, 1161.0], [13.642, 837.0], [13.643, 1198.0], [13.644, 688.0], [13.645, 897.0], [13.646, 966.0], [13.647, 934.0]], "timestamp": "2025-12-12T10:02:23.779685+00:00"}, {"symbol": "AVAXUSDT", "bids": [[13.631, 976.0], [13.63, 514.0], [13.629, 1040.0], [13.628, 1098.0], [13.627, 1118.0], [13.626, 635.0], [13.625, 1925.0], [13.624, 3210.0], [13.623, 1401.0], [13.622, 936.0], [13.621, 1546.0], [13.62, 1842.0], [13.619, 3381.0], [13.618, 1359.0], [13.617, 1275.0], [13.616, 1915.0], [13.615, 1549.0], [13.614, 814.0], [13.613, 1062.0], [13.612, 2351.0]], "asks": [[13.632, 86.0], [13.633, 5246.0], [13.634, 475.0], [13.635, 1003.0], [13.636, 1056.0], [13.637, 657.0], [13.638, 1343.0], [13.639, 1330.0], [13.64, 974.0], [13.641, 1035.0], [13.642, 1733.0], [13.643, 1820.0], [13.644, 1210.0], [13.645, 804.0], [13.646, 1136.0], [13.647, 1344.0], [13.648, 1438.0], [13.649, 1747.0], [13.65, 1859.0], [13.651, 1643.0]], "timestamp": "2025-12-12T10:03:17.139610+00:00"}, {"symbol": "AVAXUSDT", "bids": [[13.645, 276.0], [13.644, 868.0], [13.643, 1523.0], [13.642, 2237.0], [13.641, 2256.0], [13.64, 1011.0], [13.639, 1797.0], [13.638, 2233.0], [13.637, 1321.0], [13.636, 1832.0], [13.635, 1389.0], [13.634, 1903.0], [13.633, 5458.0], [13.632, 900.0], [13.631, 1736.0], [13.63, 1165.0], [13.629, 1208.0], [13.628, 1391.0], [13.627, 3326.0], [13.626, 1045.0]], "asks": [[13.646, 35.0], [13.647, 5434.0], [13.648, 765.0], [13.649, 293.0], [13.65, 858.0], [13.651, 661.0], [13.652, 1858.0], [13.653, 4991.0], [13.654, 1083.0], [13.655, 876.0], [13.656, 973.0], [13.657, 1248.0], [13.658, 1452.0], [13.659, 1282.0], [13.66, 1754.0], [13.661, 1823.0], [13.662, 1136.0], [13.663, 1031.0], [13.664, 1363.0], [13.665, 2071.0]], "timestamp": "2025-12-12T10:04:10.170972+00:00"}, {"symbol": "AVAXUSDT", "bids": [[13.649, 462.0], [13.648, 1033.0], [13.647, 296.0], [13.646, 575.0], [13.645, 754.0], [13.644, 898.0], [13.643, 2591.0], [13.642, 1548.0], [13.641, 1082.0], [13.64, 1136.0], [13.639, 1674.0], [13.638, 3088.0], [13.637, 1805.0], [13.636, 2270.0], [13.635, 1760.0], [13.634, 2055.0], [13.633, 1164.0], [13.632, 1074.0], [13.631, 680.0], [13.63, 1280.0]], "asks": [[13.65, 40.0], [13.651, 898.0], [13.652, 5345.0], [13.653, 385.0], [13.654, 841.0], [13.655, 2163.0], [13.656, 5899.0], [13.657, 615.0], [13.658, 1112.0], [13.659, 1181.0], [13.66, 946.0], [13.661, 1751.0], [13.662, 2122.0], [13.663, 762.0], [13.664, 1531.0], [13.665, 1940.0], [13.666, 1747.0], [13.667, 1619.0], [13.668, 2070.0], [13.669, 2180.0]], "timestamp": "2025-12-12T10:05:03.837114+00:00"}, {"symbol": "AVAXUSDT", "bids": [[13.656, 1353.0], [13.655, 359.0], [13.654, 985.0], [13.653, 1055.0], [13.652, 2139.0], [13.651, 1366.0], [13.65, 3177.0], [13.649, 1095.0], [13.648, 930.0], [13.647, 1161.0], [13.646, 1368.0], [13.645, 982.0], [13.644, 1068.0], [13.643, 1889.0], [13.642, 1414.0], [13.641, 1979.0], [13.64, 1090.0], [13.639, 1398.0], [13.638, 2905.0], [13.637, 1156.0]], "asks": [[13.657, 427.0], [13.658, 356.0], [13.659, 1261.0], [13.66, 5095.0], [13.661, 456.0], [13.662, 855.0], [13.663, 1360.0], [13.664, 1747.0], [13.665, 5544.0], [13.666, 917.0], [13.667, 994.0], [13.668, 1010.0], [13.669, 695.0], [13.67, 1304.0], [13.671, 2548.0], [13.672, 1154.0], [13.673, 913.0], [13.674, 1595.0], [13.675, 1319.0], [13.676, 2730.0]], "timestamp": "2025-12-12T10:05:56.668851+00:00"}, {"symbol": "AVAXUSDT", "bids": [[13.663, 447.0], [13.662, 552.0], [13.661, 209.0], [13.66, 1019.0], [13.659, 1725.0], [13.658, 1472.0], [13.657, 1810.0], [13.656, 918.0], [13.655, 784.0], [13.654, 1364.0], [13.653, 935.0], [13.652, 1294.0], [13.651, 1537.0], [13.65, 4366.0], [13.649, 1364.0], [13.648, 1627.0], [13.647, 928.0], [13.646, 693.0], [13.645, 1034.0], [13.644, 1495.0]], "asks": [[13.664, 329.0], [13.665, 5270.0], [13.666, 504.0], [13.667, 454.0], [13.668, 1411.0], [13.669, 2021.0], [13.67, 5129.0], [13.671, 1505.0], [13.672, 2198.0], [13.673, 585.0], [13.674, 1191.0], [13.675, 616.0], [13.676, 1521.0], [13.677, 661.0], [13.678, 1278.0], [13.679, 1354.0], [13.68, 1989.0], [13.681, 1554.0], [13.682, 3322.0], [13.683, 1062.0]], "timestamp": "2025-12-12T10:06:49.423617+00:00"}, {"symbol": "AVAXUSDT", "bids": [[13.668, 604.0], [13.667, 801.0], [13.666, 1223.0], [13.665, 1774.0], [13.664, 992.0], [13.663, 1088.0], [13.662, 1325.0], [13.661, 1728.0], [13.66, 1369.0], [13.659, 1089.0], [13.658, 1766.0], [13.657, 1408.0], [13.656, 1084.0], [13.655, 2282.0], [13.654, 1558.0], [13.653, 1038.0], [13.652, 2855.0], [13.651, 1192.0], [13.65, 3189.0], [13.649, 955.0]], "asks": [[13.669, 186.0], [13.67, 1040.0], [13.671, 5009.0], [13.672, 157.0], [13.673, 655.0], [13.674, 1532.0], [13.675, 2899.0], [13.676, 6571.0], [13.677, 612.0], [13.678, 729.0], [13.679, 1457.0], [13.68, 1532.0], [13.681, 1542.0], [13.682, 1620.0], [13.683, 1084.0], [13.684, 1519.0], [13.685, 2334.0], [13.686, 4515.0], [13.687, 1638.0], [13.688, 812.0]], "timestamp": "2025-12-12T10:07:42.961487+00:00"}, {"symbol": "AVAXUSDT", "bids": [[13.667, 439.0], [13.666, 18.0], [13.665, 114.0], [13.664, 1242.0], [13.663, 1077.0], [13.662, 942.0], [13.661, 1838.0], [13.66, 1455.0], [13.659, 1395.0], [13.658, 1841.0], [13.657, 1378.0], [13.656, 1308.0], [13.655, 1476.0], [13.654, 1467.0], [13.653, 2088.0], [13.652, 4663.0], [13.651, 1199.0], [13.65, 2927.0], [13.649, 893.0], [13.648, 976.0]], "asks": [[13.668, 1025.0], [13.669, 1574.0], [13.67, 5339.0], [13.671, 542.0], [13.672, 784.0], [13.673, 2642.0], [13.674, 8662.0], [13.675, 2188.0], [13.676, 848.0], [13.677, 2022.0], [13.678, 1118.0], [13.679, 1476.0], [13.68, 6187.0], [13.681, 2579.0], [13.682, 2671.0], [13.683, 1043.0], [13.684, 1379.0], [13.685, 2517.0], [13.686, 1475.0], [13.687, 572.0]], "timestamp": "2025-12-12T10:08:36.004715+00:00"}, {"symbol": "AVAXUSDT", "bids": [[13.666, 361.0], [13.665, 60.0], [13.664, 1184.0], [13.663, 752.0], [13.662, 1260.0], [13.661, 1747.0], [13.66, 1293.0], [13.659, 1231.0], [13.658, 2046.0], [13.657, 1473.0], [13.656, 1267.0], [13.655, 2354.0], [13.654, 1505.0], [13.653, 2000.0], [13.652, 1486.0], [13.651, 1192.0], [13.65, 3527.0], [13.649, 3088.0], [13.648, 977.0], [13.647, 1409.0]], "asks": [[13.667, 906.0], [13.668, 6359.0], [13.669, 938.0], [13.67, 1454.0], [13.671, 2479.0], [13.672, 5404.0], [13.673, 2564.0], [13.674, 3433.0], [13.675, 2339.0], [13.676, 913.0], [13.677, 2745.0], [13.678, 6130.0], [13.679, 1993.0], [13.68, 1543.0], [13.681, 1241.0], [13.682, 2056.0], [13.683, 1455.0], [13.684, 1612.0], [13.685, 2517.0], [13.686, 1620.0]], "timestamp": "2025-12-12T10:09:29.352085+00:00"}, {"symbol": "AVAXUSDT", "bids": [[13.666, 495.0], [13.665, 2578.0], [13.664, 1082.0], [13.663, 642.0], [13.662, 1310.0], [13.661, 531.0], [13.66, 1173.0], [13.659, 927.0], [13.658, 1443.0], [13.657, 1301.0], [13.656, 1846.0], [13.655, 2620.0], [13.654, 802.0], [13.653, 970.0], [13.652, 1755.0], [13.651, 1672.0], [13.65, 4440.0], [13.649, 857.0], [13.648, 1301.0], [13.647, 3579.0]], "asks": [[13.667, 233.0], [13.668, 157.0], [13.669, 1289.0], [13.67, 2337.0], [13.671, 5964.0], [13.672, 1623.0], [13.673, 1848.0], [13.674, 6519.0], [13.675, 1524.0], [13.676, 1362.0], [13.677, 1952.0], [13.678, 1118.0], [13.679, 1599.0], [13.68, 1102.0], [13.681, 1227.0], [13.682, 1754.0], [13.683, 903.0], [13.684, 1669.0], [13.685, 2563.0], [13.686, 2289.0]], "timestamp": "2025-12-12T10:10:22.092848+00:00"}, {"symbol": "AVAXUSDT", "bids": [[13.662, 479.0], [13.661, 1868.0], [13.66, 621.0], [13.659, 228.0], [13.658, 973.0], [13.657, 1223.0], [13.656, 1143.0], [13.655, 1575.0], [13.654, 1194.0], [13.653, 1346.0], [13.652, 1803.0], [13.651, 1424.0], [13.65, 4028.0], [13.649, 1772.0], [13.648, 1446.0], [13.647, 2740.0], [13.646, 841.0], [13.645, 1158.0], [13.644, 2328.0], [13.643, 4366.0]], "asks": [[13.663, 589.0], [13.664, 5363.0], [13.665, 324.0], [13.666, 397.0], [13.667, 738.0], [13.668, 2216.0], [13.669, 3427.0], [13.67, 7119.0], [13.671, 1566.0], [13.672, 853.0], [13.673, 963.0], [13.674, 1773.0], [13.675, 937.0], [13.676, 1269.0], [13.677, 2369.0], [13.678, 1012.0], [13.679, 1839.0], [13.68, 1234.0], [13.681, 1694.0], [13.682, 2301.0]], "timestamp": "2025-12-12T10:11:15.057406+00:00"}, {"symbol": "AVAXUSDT", "bids": [[13.649, 316.0], [13.648, 457.0], [13.647, 543.0], [13.646, 659.0], [13.645, 440.0], [13.644, 1375.0], [13.643, 771.0], [13.642, 1496.0], [13.641, 1459.0], [13.64, 1555.0], [13.639, 1329.0], [13.638, 1474.0], [13.637, 1890.0], [13.636, 1280.0], [13.635, 2084.0], [13.634, 3683.0], [13.633, 908.0], [13.632, 2398.0], [13.631, 2274.0], [13.63, 687.0]], "asks": [[13.65, 664.0], [13.651, 279.0], [13.652, 996.0], [13.653, 1799.0], [13.654, 2722.0], [13.655, 2815.0], [13.656, 4773.0], [13.657, 1352.0], [13.658, 2006.0], [13.659, 1321.0], [13.66, 773.0], [13.661, 869.0], [13.662, 1811.0], [13.663, 1195.0], [13.664, 1072.0], [13.665, 1993.0], [13.666, 1126.0], [13.667, 1172.0], [13.668, 2093.0], [13.669, 1909.0]], "timestamp": "2025-12-12T10:12:08.072175+00:00"}, {"symbol": "AVAXUSDT", "bids": [[13.643, 612.0], [13.642, 316.0], [13.641, 497.0], [13.64, 1216.0], [13.639, 420.0], [13.638, 562.0], [13.637, 976.0], [13.636, 1617.0], [13.635, 2037.0], [13.634, 1507.0], [13.633, 956.0], [13.632, 1960.0], [13.631, 1188.0], [13.63, 2637.0], [13.629, 779.0], [13.628, 1347.0], [13.627, 2288.0], [13.626, 3469.0], [13.625, 823.0], [13.624, 1404.0]], "asks": [[13.644, 602.0], [13.645, 451.0], [13.646, 795.0], [13.647, 964.0], [13.648, 1658.0], [13.649, 962.0], [13.65, 1807.0], [13.651, 2145.0], [13.652, 1644.0], [13.653, 1813.0], [13.654, 1977.0], [13.655, 962.0], [13.656, 1806.0], [13.657, 1931.0], [13.658, 3021.0], [13.659, 1356.0], [13.66, 1186.0], [13.661, 1016.0], [13.662, 1798.0], [13.663, 859.0]], "timestamp": "2025-12-12T10:13:01.224044+00:00"}, {"symbol": "AVAXUSDT", "bids": [[13.645, 748.0], [13.644, 692.0], [13.643, 901.0], [13.642, 796.0], [13.641, 734.0], [13.64, 1550.0], [13.639, 590.0], [13.638, 1186.0], [13.637, 1516.0], [13.636, 1559.0], [13.635, 1740.0], [13.634, 2348.0], [13.633, 7227.0], [13.632, 2338.0], [13.631, 1220.0], [13.63, 1871.0], [13.629, 477.0], [13.628, 766.0], [13.627, 1666.0], [13.626, 3544.0]], "asks": [[13.646, 227.0], [13.647, 117.0], [13.648, 411.0], [13.649, 652.0], [13.65, 1279.0], [13.651, 1813.0], [13.652, 2480.0], [13.653, 6154.0], [13.654, 1977.0], [13.655, 752.0], [13.656, 1086.0], [13.657, 1575.0], [13.658, 3548.0], [13.659, 1195.0], [13.66, 932.0], [13.661, 819.0], [13.662, 1699.0], [13.663, 1380.0], [13.664, 2434.0], [13.665, 2195.0]], "timestamp": "2025-12-12T10:13:54.456530+00:00"}, {"symbol": "AVAXUSDT", "bids": [[13.651, 127.0], [13.65, 572.0], [13.649, 1707.0], [13.648, 730.0], [13.647, 1818.0], [13.646, 1466.0], [13.645, 648.0], [13.644, 1069.0], [13.643, 1475.0], [13.642, 817.0], [13.641, 2039.0], [13.64, 1663.0], [13.639, 1583.0], [13.638, 1568.0], [13.637, 2160.0], [13.636, 7894.0], [13.635, 5523.0], [13.634, 600.0], [13.633, 797.0], [13.632, 1574.0]], "asks": [[13.652, 258.0], [13.653, 1288.0], [13.654, 1079.0], [13.655, 1657.0], [13.656, 1663.0], [13.657, 2211.0], [13.658, 1552.0], [13.659, 2534.0], [13.66, 1437.0], [13.661, 1108.0], [13.662, 1753.0], [13.663, 970.0], [13.664, 1365.0], [13.665, 2281.0], [13.666, 817.0], [13.667, 1462.0], [13.668, 2240.0], [13.669, 1728.0], [13.67, 1954.0], [13.671, 2542.0]], "timestamp": "2025-12-12T10:14:48.335793+00:00"}, {"symbol": "AVAXUSDT", "bids": [[13.641, 510.0], [13.64, 1722.0], [13.639, 5883.0], [13.638, 90.0], [13.637, 447.0], [13.636, 549.0], [13.635, 1650.0], [13.634, 1248.0], [13.633, 1860.0], [13.632, 1774.0], [13.631, 1230.0], [13.63, 3500.0], [13.629, 944.0], [13.628, 1078.0], [13.627, 1752.0], [13.626, 1134.0], [13.625, 1801.0], [13.624, 755.0], [13.623, 672.0], [13.622, 1327.0]], "asks": [[13.642, 841.0], [13.643, 561.0], [13.644, 494.0], [13.645, 1067.0], [13.646, 1812.0], [13.647, 2512.0], [13.648, 1898.0], [13.649, 2539.0], [13.65, 1206.0], [13.651, 1740.0], [13.652, 2050.0], [13.653, 945.0], [13.654, 1484.0], [13.655, 1836.0], [13.656, 919.0], [13.657, 1618.0], [13.658, 1939.0], [13.659, 2527.0], [13.66, 1594.0], [13.661, 1325.0]], "timestamp": "2025-12-12T10:15:41.192194+00:00"}, {"symbol": "AVAXUSDT", "bids": [[13.638, 584.0], [13.637, 692.0], [13.636, 958.0], [13.635, 196.0], [13.634, 480.0], [13.633, 1315.0], [13.632, 1173.0], [13.631, 1337.0], [13.63, 2223.0], [13.629, 3030.0], [13.628, 3846.0], [13.627, 2240.0], [13.626, 959.0], [13.625, 593.0], [13.624, 821.0], [13.623, 1972.0], [13.622, 1616.0], [13.621, 975.0], [13.62, 1014.0], [13.619, 1428.0]], "asks": [[13.639, 1099.0], [13.64, 1338.0], [13.641, 1173.0], [13.642, 791.0], [13.643, 2006.0], [13.644, 2939.0], [13.645, 1975.0], [13.646, 2328.0], [13.647, 2248.0], [13.648, 1060.0], [13.649, 1539.0], [13.65, 1934.0], [13.651, 1736.0], [13.652, 1853.0], [13.653, 944.0], [13.654, 771.0], [13.655, 1861.0], [13.656, 655.0], [13.657, 748.0], [13.658, 1582.0]], "timestamp": "2025-12-12T10:16:34.116174+00:00"}, {"symbol": "AVAXUSDT", "bids": [[13.627, 61.0], [13.626, 1279.0], [13.625, 5674.0], [13.624, 258.0], [13.623, 605.0], [13.622, 1952.0], [13.621, 1103.0], [13.62, 1500.0], [13.619, 1900.0], [13.618, 983.0], [13.617, 2226.0], [13.616, 1936.0], [13.615, 1432.0], [13.614, 1769.0], [13.613, 830.0], [13.612, 1228.0], [13.611, 4042.0], [13.61, 765.0], [13.609, 1052.0], [13.608, 1928.0]], "asks": [[13.628, 1047.0], [13.629, 1152.0], [13.63, 1216.0], [13.631, 261.0], [13.632, 393.0], [13.633, 955.0], [13.634, 2283.0], [13.635, 1350.0], [13.636, 1215.0], [13.637, 2527.0], [13.638, 2202.0], [13.639, 2272.0], [13.64, 2140.0], [13.641, 994.0], [13.642, 1054.0], [13.643, 1548.0], [13.644, 782.0], [13.645, 1107.0], [13.646, 1292.0], [13.647, 2001.0]], "timestamp": "2025-12-12T10:17:27.364995+00:00"}, {"symbol": "AVAXUSDT", "bids": [[13.62, 544.0], [13.619, 890.0], [13.618, 886.0], [13.617, 1783.0], [13.616, 6095.0], [13.615, 669.0], [13.614, 1343.0], [13.613, 861.0], [13.612, 1280.0], [13.611, 1808.0], [13.61, 551.0], [13.609, 824.0], [13.608, 1642.0], [13.607, 1344.0], [13.606, 2643.0], [13.605, 1309.0], [13.604, 740.0], [13.603, 1135.0], [13.602, 1550.0], [13.601, 3734.0]], "asks": [[13.621, 372.0], [13.622, 489.0], [13.623, 1030.0], [13.624, 541.0], [13.625, 1167.0], [13.626, 1846.0], [13.627, 2114.0], [13.628, 2403.0], [13.629, 1330.0], [13.63, 1604.0], [13.631, 1751.0], [13.632, 1695.0], [13.633, 1731.0], [13.634, 1693.0], [13.635, 663.0], [13.636, 1647.0], [13.637, 1913.0], [13.638, 2288.0], [13.639, 1555.0], [13.64, 1875.0]], "timestamp": "2025-12-12T10:18:20.818599+00:00"}, {"symbol": "AVAXUSDT", "bids": [[13.615, 588.0], [13.614, 1463.0], [13.613, 5753.0], [13.612, 323.0], [13.611, 1030.0], [13.61, 548.0], [13.609, 1321.0], [13.608, 2258.0], [13.607, 5307.0], [13.606, 1694.0], [13.605, 608.0], [13.604, 1213.0], [13.603, 1235.0], [13.602, 1240.0], [13.601, 1865.0], [13.6, 1835.0], [13.599, 742.0], [13.598, 692.0], [13.597, 1376.0], [13.596, 2412.0]], "asks": [[13.616, 507.0], [13.617, 174.0], [13.618, 1151.0], [13.619, 1238.0], [13.62, 1180.0], [13.621, 1839.0], [13.622, 2030.0], [13.623, 1661.0], [13.624, 1161.0], [13.625, 1639.0], [13.626, 1126.0], [13.627, 1449.0], [13.628, 2212.0], [13.629, 1254.0], [13.63, 1303.0], [13.631, 1871.0], [13.632, 1454.0], [13.633, 1827.0], [13.634, 1837.0], [13.635, 1815.0]], "timestamp": "2025-12-12T10:19:14.057269+00:00"}, {"symbol": "AVAXUSDT", "bids": [[13.608, 75.0], [13.607, 5383.0], [13.606, 512.0], [13.605, 652.0], [13.604, 3239.0], [13.603, 726.0], [13.602, 808.0], [13.601, 1442.0], [13.6, 919.0], [13.599, 1023.0], [13.598, 487.0], [13.597, 1398.0], [13.596, 2890.0], [13.595, 3472.0], [13.594, 2004.0], [13.593, 910.0], [13.592, 812.0], [13.591, 2134.0], [13.59, 3755.0], [13.589, 829.0]], "asks": [[13.609, 647.0], [13.61, 702.0], [13.611, 1157.0], [13.612, 1189.0], [13.613, 1082.0], [13.614, 982.0], [13.615, 1715.0], [13.616, 1614.0], [13.617, 1431.0], [13.618, 1348.0], [13.619, 2456.0], [13.62, 1367.0], [13.621, 1964.0], [13.622, 1801.0], [13.623, 1184.0], [13.624, 831.0], [13.625, 1501.0], [13.626, 1229.0], [13.627, 1265.0], [13.628, 3103.0]], "timestamp": "2025-12-12T10:20:07.422808+00:00"}, {"symbol": "AVAXUSDT", "bids": [[13.618, 146.0], [13.617, 808.0], [13.616, 2106.0], [13.615, 5715.0], [13.614, 789.0], [13.613, 1287.0], [13.612, 1871.0], [13.611, 1545.0], [13.61, 1489.0], [13.609, 1986.0], [13.608, 1257.0], [13.607, 1308.0], [13.606, 1834.0], [13.605, 822.0], [13.604, 2388.0], [13.603, 685.0], [13.602, 1210.0], [13.601, 1367.0], [13.6, 772.0], [13.599, 2809.0]], "asks": [[13.619, 367.0], [13.62, 447.0], [13.621, 622.0], [13.622, 1476.0], [13.623, 1160.0], [13.624, 2057.0], [13.625, 1976.0], [13.626, 1708.0], [13.627, 2125.0], [13.628, 2064.0], [13.629, 1772.0], [13.63, 2454.0], [13.631, 2925.0], [13.632, 1310.0], [13.633, 1141.0], [13.634, 1952.0], [13.635, 629.0], [13.636, 913.0], [13.637, 2754.0], [13.638, 2639.0]], "timestamp": "2025-12-12T10:21:01.076837+00:00"}, {"symbol": "AVAXUSDT", "bids": [[13.614, 103.0], [13.613, 3979.0], [13.612, 351.0], [13.611, 894.0], [13.61, 607.0], [13.609, 898.0], [13.608, 3450.0], [13.607, 1311.0], [13.606, 887.0], [13.605, 1165.0], [13.604, 1794.0], [13.603, 1539.0], [13.602, 1658.0], [13.601, 2010.0], [13.6, 2481.0], [13.599, 3295.0], [13.598, 1151.0], [13.597, 1414.0], [13.596, 2767.0], [13.595, 2467.0]], "asks": [[13.615, 495.0], [13.616, 533.0], [13.617, 838.0], [13.618, 1392.0], [13.619, 1863.0], [13.62, 1562.0], [13.621, 5069.0], [13.622, 2465.0], [13.623, 1999.0], [13.624, 1165.0], [13.625, 1800.0], [13.626, 1221.0], [13.627, 1734.0], [13.628, 2810.0], [13.629, 2144.0], [13.63, 1215.0], [13.631, 2000.0], [13.632, 1120.0], [13.633, 1318.0], [13.634, 1638.0]], "timestamp": "2025-12-12T10:21:54.121906+00:00"}, {"symbol": "AVAXUSDT", "bids": [[13.624, 1010.0], [13.623, 1561.0], [13.622, 4107.0], [13.621, 904.0], [13.62, 544.0], [13.619, 1883.0], [13.618, 1460.0], [13.617, 1639.0], [13.616, 1841.0], [13.615, 1179.0], [13.614, 1809.0], [13.613, 992.0], [13.612, 1852.0], [13.611, 1867.0], [13.61, 2191.0], [13.609, 1558.0], [13.608, 2051.0], [13.607, 1691.0], [13.606, 3364.0], [13.605, 3742.0]], "asks": [[13.625, 264.0], [13.626, 480.0], [13.627, 718.0], [13.628, 1050.0], [13.629, 764.0], [13.63, 1257.0], [13.631, 2839.0], [13.632, 2163.0], [13.633, 1424.0], [13.634, 1556.0], [13.635, 1117.0], [13.636, 1356.0], [13.637, 2011.0], [13.638, 1908.0], [13.639, 1563.0], [13.64, 1682.0], [13.641, 1370.0], [13.642, 1026.0], [13.643, 2591.0], [13.644, 2597.0]], "timestamp": "2025-12-12T10:22:47.369440+00:00"}, {"symbol": "AVAXUSDT", "bids": [[13.627, 315.0], [13.626, 1301.0], [13.625, 482.0], [13.624, 1275.0], [13.623, 1150.0], [13.622, 1073.0], [13.621, 1441.0], [13.62, 1065.0], [13.619, 1527.0], [13.618, 1475.0], [13.617, 1361.0], [13.616, 1763.0], [13.615, 2299.0], [13.614, 1809.0], [13.613, 1962.0], [13.612, 1048.0], [13.611, 1579.0], [13.61, 1582.0], [13.609, 3407.0], [13.608, 1746.0]], "asks": [[13.628, 362.0], [13.629, 191.0], [13.63, 1305.0], [13.631, 1393.0], [13.632, 404.0], [13.633, 1651.0], [13.634, 2852.0], [13.635, 1261.0], [13.636, 1533.0], [13.637, 2575.0], [13.638, 1547.0], [13.639, 1424.0], [13.64, 3215.0], [13.641, 1322.0], [13.642, 1189.0], [13.643, 2748.0], [13.644, 2069.0], [13.645, 1690.0], [13.646, 2215.0], [13.647, 3423.0]], "timestamp": "2025-12-12T10:23:41.027203+00:00"}, {"symbol": "AVAXUSDT", "bids": [[13.622, 642.0], [13.621, 337.0], [13.62, 1289.0], [13.619, 957.0], [13.618, 1107.0], [13.617, 1434.0], [13.616, 1809.0], [13.615, 2662.0], [13.614, 1832.0], [13.613, 556.0], [13.612, 1811.0], [13.611, 1837.0], [13.61, 1808.0], [13.609, 1956.0], [13.608, 1887.0], [13.607, 1462.0], [13.606, 702.0], [13.605, 868.0], [13.604, 1749.0], [13.603, 3195.0]], "asks": [[13.623, 362.0], [13.624, 283.0], [13.625, 525.0], [13.626, 695.0], [13.627, 1393.0], [13.628, 1295.0], [13.629, 2507.0], [13.63, 2255.0], [13.631, 1769.0], [13.632, 1306.0], [13.633, 1775.0], [13.634, 1948.0], [13.635, 1132.0], [13.636, 1417.0], [13.637, 2649.0], [13.638, 1355.0], [13.639, 1020.0], [13.64, 2027.0], [13.641, 1730.0], [13.642, 1613.0]], "timestamp": "2025-12-12T10:24:34.173194+00:00"}, {"symbol": "AVAXUSDT", "bids": [[13.624, 342.0], [13.623, 1241.0], [13.622, 831.0], [13.621, 1346.0], [13.62, 1511.0], [13.619, 789.0], [13.618, 1060.0], [13.617, 1556.0], [13.616, 1654.0], [13.615, 982.0], [13.614, 1731.0], [13.613, 1890.0], [13.612, 1975.0], [13.611, 3427.0], [13.61, 1452.0], [13.609, 2262.0], [13.608, 2327.0], [13.607, 1187.0], [13.606, 699.0], [13.605, 863.0]], "asks": [[13.625, 355.0], [13.626, 78.0], [13.627, 397.0], [13.628, 667.0], [13.629, 1356.0], [13.63, 1247.0], [13.631, 1673.0], [13.632, 902.0], [13.633, 1640.0], [13.634, 1571.0], [13.635, 1313.0], [13.636, 1564.0], [13.637, 2503.0], [13.638, 1964.0], [13.639, 1221.0], [13.64, 1881.0], [13.641, 1419.0], [13.642, 1471.0], [13.643, 3544.0], [13.644, 1286.0]], "timestamp": "2025-12-12T10:25:28.036402+00:00"}, {"symbol": "AVAXUSDT", "bids": [[13.63, 333.0], [13.629, 734.0], [13.628, 656.0], [13.627, 631.0], [13.626, 1141.0], [13.625, 760.0], [13.624, 1570.0], [13.623, 1712.0], [13.622, 1388.0], [13.621, 2157.0], [13.62, 1627.0], [13.619, 869.0], [13.618, 1792.0], [13.617, 1899.0], [13.616, 1162.0], [13.615, 2603.0], [13.614, 1422.0], [13.613, 541.0], [13.612, 942.0], [13.611, 1403.0]], "asks": [[13.631, 281.0], [13.632, 310.0], [13.633, 863.0], [13.634, 1404.0], [13.635, 1644.0], [13.636, 1953.0], [13.637, 2836.0], [13.638, 1534.0], [13.639, 1135.0], [13.64, 2341.0], [13.641, 1112.0], [13.642, 1455.0], [13.643, 2538.0], [13.644, 1384.0], [13.645, 1526.0], [13.646, 1773.0], [13.647, 2423.0], [13.648, 908.0], [13.649, 2500.0], [13.65, 3595.0]], "timestamp": "2025-12-12T10:26:22.001830+00:00"}, {"symbol": "AVAXUSDT", "bids": [[13.627, 588.0], [13.626, 1033.0], [13.625, 671.0], [13.624, 651.0], [13.623, 1718.0], [13.622, 1505.0], [13.621, 1930.0], [13.62, 1899.0], [13.619, 1055.0], [13.618, 1752.0], [13.617, 4261.0], [13.616, 1465.0], [13.615, 1087.0], [13.614, 1702.0], [13.613, 1612.0], [13.612, 873.0], [13.611, 1895.0], [13.61, 2149.0], [13.609, 2909.0], [13.608, 1622.0]], "asks": [[13.628, 241.0], [13.629, 9.0], [13.63, 646.0], [13.631, 666.0], [13.632, 1521.0], [13.633, 2214.0], [13.634, 2064.0], [13.635, 1234.0], [13.636, 1257.0], [13.637, 1912.0], [13.638, 1427.0], [13.639, 1001.0], [13.64, 2051.0], [13.641, 1868.0], [13.642, 1155.0], [13.643, 1964.0], [13.644, 1612.0], [13.645, 1264.0], [13.646, 1047.0], [13.647, 2390.0]], "timestamp": "2025-12-12T10:27:15.865189+00:00"}, {"symbol": "AVAXUSDT", "bids": [[13.635, 215.0], [13.634, 1212.0], [13.633, 1117.0], [13.632, 1372.0], [13.631, 626.0], [13.63, 1608.0], [13.629, 1366.0], [13.628, 1096.0], [13.627, 1409.0], [13.626, 1767.0], [13.625, 2247.0], [13.624, 918.0], [13.623, 1693.0], [13.622, 1467.0], [13.621, 1526.0], [13.62, 2890.0], [13.619, 1407.0], [13.618, 709.0], [13.617, 1629.0], [13.616, 1035.0]], "asks": [[13.636, 112.0], [13.637, 230.0], [13.638, 451.0], [13.639, 836.0], [13.64, 1410.0], [13.641, 1477.0], [13.642, 939.0], [13.643, 1719.0], [13.644, 1502.0], [13.645, 1372.0], [13.646, 1756.0], [13.647, 1977.0], [13.648, 844.0], [13.649, 1516.0], [13.65, 1634.0], [13.651, 1161.0], [13.652, 1154.0], [13.653, 922.0], [13.654, 2548.0], [13.655, 5765.0]], "timestamp": "2025-12-12T10:28:09.318128+00:00"}, {"symbol": "AVAXUSDT", "bids": [[13.625, 181.0], [13.624, 253.0], [13.623, 384.0], [13.622, 491.0], [13.621, 1002.0], [13.62, 1945.0], [13.619, 687.0], [13.618, 1060.0], [13.617, 2352.0], [13.616, 1247.0], [13.615, 1200.0], [13.614, 2324.0], [13.613, 1519.0], [13.612, 1222.0], [13.611, 5180.0], [13.61, 718.0], [13.609, 708.0], [13.608, 1526.0], [13.607, 622.0], [13.606, 512.0]], "asks": [[13.626, 330.0], [13.627, 551.0], [13.628, 855.0], [13.629, 983.0], [13.63, 1631.0], [13.631, 2574.0], [13.632, 1510.0], [13.633, 1428.0], [13.634, 2822.0], [13.635, 1947.0], [13.636, 929.0], [13.637, 1980.0], [13.638, 1039.0], [13.639, 1030.0], [13.64, 2106.0], [13.641, 1503.0], [13.642, 1905.0], [13.643, 2544.0], [13.644, 837.0], [13.645, 663.0]], "timestamp": "2025-12-12T10:29:03.458519+00:00"}, {"symbol": "AVAXUSDT", "bids": [[13.619, 337.0], [13.618, 159.0], [13.617, 1166.0], [13.616, 775.0], [13.615, 848.0], [13.614, 2129.0], [13.613, 466.0], [13.612, 1076.0], [13.611, 1515.0], [13.61, 692.0], [13.609, 1402.0], [13.608, 2360.0], [13.607, 2588.0], [13.606, 3530.0], [13.605, 1937.0], [13.604, 1220.0], [13.603, 747.0], [13.602, 1059.0], [13.601, 2677.0], [13.6, 702.0]], "asks": [[13.62, 499.0], [13.621, 294.0], [13.622, 860.0], [13.623, 975.0], [13.624, 2094.0], [13.625, 2147.0], [13.626, 1337.0], [13.627, 2177.0], [13.628, 1372.0], [13.629, 1209.0], [13.63, 2364.0], [13.631, 965.0], [13.632, 1268.0], [13.633, 1260.0], [13.634, 1649.0], [13.635, 2083.0], [13.636, 1264.0], [13.637, 2682.0], [13.638, 2349.0], [13.639, 1367.0]], "timestamp": "2025-12-12T10:29:56.839525+00:00"}, {"symbol": "AVAXUSDT", "bids": [[13.619, 284.0], [13.618, 439.0], [13.617, 645.0], [13.616, 539.0], [13.615, 711.0], [13.614, 1459.0], [13.613, 587.0], [13.612, 754.0], [13.611, 555.0], [13.61, 906.0], [13.609, 1431.0], [13.608, 1260.0], [13.607, 2251.0], [13.606, 1545.0], [13.605, 1997.0], [13.604, 572.0], [13.603, 481.0], [13.602, 1495.0], [13.601, 4214.0], [13.6, 848.0]], "asks": [[13.62, 1896.0], [13.621, 369.0], [13.622, 412.0], [13.623, 850.0], [13.624, 1498.0], [13.625, 2081.0], [13.626, 819.0], [13.627, 1297.0], [13.628, 832.0], [13.629, 1501.0], [13.63, 2145.0], [13.631, 842.0], [13.632, 1195.0], [13.633, 943.0], [13.634, 978.0], [13.635, 1428.0], [13.636, 1161.0], [13.637, 1965.0], [13.638, 2324.0], [13.639, 716.0]], "timestamp": "2025-12-12T10:30:50.804970+00:00"}, {"symbol": "AVAXUSDT", "bids": [[13.618, 260.0], [13.617, 1035.0], [13.616, 1304.0], [13.615, 606.0], [13.614, 701.0], [13.613, 836.0], [13.612, 1476.0], [13.611, 1674.0], [13.61, 945.0], [13.609, 749.0], [13.608, 879.0], [13.607, 1282.0], [13.606, 938.0], [13.605, 828.0], [13.604, 1090.0], [13.603, 1372.0], [13.602, 2219.0], [13.601, 1051.0], [13.6, 905.0], [13.599, 3093.0]], "asks": [[13.619, 72.0], [13.62, 341.0], [13.621, 938.0], [13.622, 584.0], [13.623, 865.0], [13.624, 1354.0], [13.625, 1409.0], [13.626, 881.0], [13.627, 966.0], [13.628, 1152.0], [13.629, 1072.0], [13.63, 1018.0], [13.631, 1142.0], [13.632, 1338.0], [13.633, 1002.0], [13.634, 1373.0], [13.635, 1260.0], [13.636, 1262.0], [13.637, 2530.0], [13.638, 1159.0]], "timestamp": "2025-12-12T10:31:44.411559+00:00"}, {"symbol": "AVAXUSDT", "bids": [[13.615, 235.0], [13.614, 468.0], [13.613, 620.0], [13.612, 1062.0], [13.611, 1204.0], [13.61, 1099.0], [13.609, 1124.0], [13.608, 886.0], [13.607, 1122.0], [13.606, 1064.0], [13.605, 961.0], [13.604, 1005.0], [13.603, 1724.0], [13.602, 970.0], [13.601, 2650.0], [13.6, 1116.0], [13.599, 2985.0], [13.598, 777.0], [13.597, 581.0], [13.596, 829.0]], "asks": [[13.616, 387.0], [13.617, 340.0], [13.618, 1000.0], [13.619, 955.0], [13.62, 1626.0], [13.621, 1137.0], [13.622, 938.0], [13.623, 1105.0], [13.624, 833.0], [13.625, 875.0], [13.626, 805.0], [13.627, 1176.0], [13.628, 1160.0], [13.629, 1205.0], [13.63, 1355.0], [13.631, 1317.0], [13.632, 1409.0], [13.633, 1107.0], [13.634, 1948.0], [13.635, 1073.0]], "timestamp": "2025-12-12T10:32:37.303745+00:00"}, {"symbol": "AVAXUSDT", "bids": [[13.613, 10.0], [13.612, 179.0], [13.611, 541.0], [13.61, 744.0], [13.609, 1270.0], [13.608, 2967.0], [13.607, 534.0], [13.606, 815.0], [13.605, 840.0], [13.604, 630.0], [13.603, 1658.0], [13.602, 1476.0], [13.601, 930.0], [13.6, 2343.0], [13.599, 2876.0], [13.598, 775.0], [13.597, 581.0], [13.596, 1106.0], [13.595, 1569.0], [13.594, 482.0]], "asks": [[13.614, 1484.0], [13.615, 790.0], [13.616, 1228.0], [13.617, 948.0], [13.618, 1033.0], [13.619, 2379.0], [13.62, 1695.0], [13.621, 1215.0], [13.622, 1032.0], [13.623, 940.0], [13.624, 1287.0], [13.625, 1318.0], [13.626, 1329.0], [13.627, 1349.0], [13.628, 1311.0], [13.629, 1051.0], [13.63, 1256.0], [13.631, 1528.0], [13.632, 1624.0], [13.633, 1691.0]], "timestamp": "2025-12-12T10:33:30.243659+00:00"}, {"symbol": "AVAXUSDT", "bids": [[13.609, 13.0], [13.608, 83.0], [13.607, 932.0], [13.606, 1865.0], [13.605, 4336.0], [13.604, 712.0], [13.603, 740.0], [13.602, 684.0], [13.601, 714.0], [13.6, 489.0], [13.599, 670.0], [13.598, 1306.0], [13.597, 2380.0], [13.596, 4607.0], [13.595, 1916.0], [13.594, 874.0], [13.593, 664.0], [13.592, 944.0], [13.591, 1807.0], [13.59, 674.0]], "asks": [[13.61, 601.0], [13.611, 828.0], [13.612, 934.0], [13.613, 1114.0], [13.614, 1221.0], [13.615, 2056.0], [13.616, 1468.0], [13.617, 1116.0], [13.618, 1033.0], [13.619, 1585.0], [13.62, 920.0], [13.621, 716.0], [13.622, 592.0], [13.623, 776.0], [13.624, 1139.0], [13.625, 812.0], [13.626, 916.0], [13.627, 1151.0], [13.628, 2230.0], [13.629, 1988.0]], "timestamp": "2025-12-12T10:34:23.696714+00:00"}, {"symbol": "AVAXUSDT", "bids": [[13.616, 367.0], [13.615, 1243.0], [13.614, 1822.0], [13.613, 5567.0], [13.612, 571.0], [13.611, 1737.0], [13.61, 1558.0], [13.609, 2058.0], [13.608, 2465.0], [13.607, 1891.0], [13.606, 1149.0], [13.605, 745.0], [13.604, 1783.0], [13.603, 1084.0], [13.602, 1770.0], [13.601, 586.0], [13.6, 570.0], [13.599, 676.0], [13.598, 726.0], [13.597, 966.0]], "asks": [[13.617, 237.0], [13.618, 86.0], [13.619, 754.0], [13.62, 729.0], [13.621, 1346.0], [13.622, 728.0], [13.623, 741.0], [13.624, 999.0], [13.625, 1008.0], [13.626, 995.0], [13.627, 1122.0], [13.628, 779.0], [13.629, 1401.0], [13.63, 1521.0], [13.631, 1086.0], [13.632, 989.0], [13.633, 1323.0], [13.634, 1072.0], [13.635, 1924.0], [13.636, 931.0]], "timestamp": "2025-12-12T10:35:17.143727+00:00"}, {"symbol": "AVAXUSDT", "bids": [[13.615, 495.0], [13.614, 4532.0], [13.613, 423.0], [13.612, 406.0], [13.611, 1606.0], [13.61, 1444.0], [13.609, 1352.0], [13.608, 1502.0], [13.607, 1101.0], [13.606, 2464.0], [13.605, 1340.0], [13.604, 1033.0], [13.603, 1026.0], [13.602, 1015.0], [13.601, 1668.0], [13.6, 695.0], [13.599, 1429.0], [13.598, 2893.0], [13.597, 584.0], [13.596, 919.0]], "asks": [[13.616, 384.0], [13.617, 366.0], [13.618, 709.0], [13.619, 824.0], [13.62, 533.0], [13.621, 387.0], [13.622, 1457.0], [13.623, 568.0], [13.624, 1251.0], [13.625, 918.0], [13.626, 713.0], [13.627, 1358.0], [13.628, 1563.0], [13.629, 2063.0], [13.63, 1337.0], [13.631, 1890.0], [13.632, 1187.0], [13.633, 1015.0], [13.634, 2047.0], [13.635, 1445.0]], "timestamp": "2025-12-12T10:36:10.297118+00:00"}, {"symbol": "AVAXUSDT", "bids": [[13.614, 26.0], [13.613, 4298.0], [13.612, 178.0], [13.611, 519.0], [13.61, 1303.0], [13.609, 1242.0], [13.608, 1263.0], [13.607, 1248.0], [13.606, 1696.0], [13.605, 1833.0], [13.604, 1006.0], [13.603, 1246.0], [13.602, 1117.0], [13.601, 938.0], [13.6, 1651.0], [13.599, 1458.0], [13.598, 2907.0], [13.597, 584.0], [13.596, 1248.0], [13.595, 1813.0]], "asks": [[13.615, 410.0], [13.616, 771.0], [13.617, 730.0], [13.618, 905.0], [13.619, 519.0], [13.62, 627.0], [13.621, 975.0], [13.622, 623.0], [13.623, 1066.0], [13.624, 980.0], [13.625, 948.0], [13.626, 1575.0], [13.627, 1400.0], [13.628, 1557.0], [13.629, 1926.0], [13.63, 1368.0], [13.631, 2291.0], [13.632, 1847.0], [13.633, 2070.0], [13.634, 965.0]], "timestamp": "2025-12-12T10:37:03.570543+00:00"}, {"symbol": "AVAXUSDT", "bids": [[13.588, 326.0], [13.587, 831.0], [13.586, 1372.0], [13.585, 5117.0], [13.584, 103.0], [13.583, 412.0], [13.582, 552.0], [13.581, 783.0], [13.58, 739.0], [13.579, 752.0], [13.578, 971.0], [13.577, 1958.0], [13.576, 1563.0], [13.575, 658.0], [13.574, 547.0], [13.573, 758.0], [13.572, 886.0], [13.571, 1369.0], [13.57, 2253.0], [13.569, 3093.0]], "asks": [[13.589, 186.0], [13.59, 85.0], [13.591, 943.0], [13.592, 860.0], [13.593, 1504.0], [13.594, 1655.0], [13.595, 1011.0], [13.596, 1617.0], [13.597, 1228.0], [13.598, 2230.0], [13.599, 1045.0], [13.6, 1062.0], [13.601, 1081.0], [13.602, 894.0], [13.603, 1334.0], [13.604, 2395.0], [13.605, 1538.0], [13.606, 746.0], [13.607, 1220.0], [13.608, 1400.0]], "timestamp": "2025-12-12T10:37:56.492743+00:00"}, {"symbol": "AVAXUSDT", "bids": [[13.579, 389.0], [13.578, 169.0], [13.577, 485.0], [13.576, 969.0], [13.575, 372.0], [13.574, 744.0], [13.573, 1393.0], [13.572, 1332.0], [13.571, 977.0], [13.57, 1731.0], [13.569, 1342.0], [13.568, 1638.0], [13.567, 2196.0], [13.566, 2800.0], [13.565, 915.0], [13.564, 1877.0], [13.563, 2171.0], [13.562, 664.0], [13.561, 712.0], [13.56, 884.0]], "asks": [[13.58, 691.0], [13.581, 1018.0], [13.582, 1503.0], [13.583, 1396.0], [13.584, 1528.0], [13.585, 2268.0], [13.586, 2774.0], [13.587, 1625.0], [13.588, 1707.0], [13.589, 1576.0], [13.59, 1215.0], [13.591, 1961.0], [13.592, 1559.0], [13.593, 1141.0], [13.594, 1727.0], [13.595, 1120.0], [13.596, 1148.0], [13.597, 2448.0], [13.598, 1685.0], [13.599, 839.0]], "timestamp": "2025-12-12T10:38:49.818839+00:00"}, {"symbol": "AVAXUSDT", "bids": [[13.577, 675.0], [13.576, 624.0], [13.575, 5648.0], [13.574, 311.0], [13.573, 1122.0], [13.572, 769.0], [13.571, 929.0], [13.57, 1233.0], [13.569, 1030.0], [13.568, 1052.0], [13.567, 2033.0], [13.566, 1450.0], [13.565, 1586.0], [13.564, 1214.0], [13.563, 758.0], [13.562, 1263.0], [13.561, 2127.0], [13.56, 3191.0], [13.559, 1520.0], [13.558, 1732.0]], "asks": [[13.578, 1025.0], [13.579, 829.0], [13.58, 752.0], [13.581, 1223.0], [13.582, 1403.0], [13.583, 970.0], [13.584, 1953.0], [13.585, 1603.0], [13.586, 1667.0], [13.587, 1939.0], [13.588, 1608.0], [13.589, 1051.0], [13.59, 1553.0], [13.591, 2202.0], [13.592, 724.0], [13.593, 1511.0], [13.594, 1921.0], [13.595, 1878.0], [13.596, 2578.0], [13.597, 2086.0]], "timestamp": "2025-12-12T10:39:43.091609+00:00"}