[{"id": "529253428", "price": 13.117, "amount": 395.0, "side": "sell", "timestamp": 1765582893609}, {"id": "529253429", "price": 13.116, "amount": 37.0, "side": "sell", "timestamp": 1765582893609}, {"id": "529253430", "price": 13.118, "amount": 1.0, "side": "buy", "timestamp": 1765582894388}, {"id": "529253431", "price": 13.117, "amount": 1.0, "side": "sell", "timestamp": 1765582895396}, {"id": "529253432", "price": 13.117, "amount": 7.0, "side": "sell", "timestamp": 1765582898175}, {"id": "529253433", "price": 13.117, "amount": 1.0, "side": "sell", "timestamp": 1765582898555}, {"id": "529253434", "price": 13.117, "amount": 1.0, "side": "sell", "timestamp": 1765582900583}, {"id": "529253435", "price": 13.117, "amount": 1.0, "side": "sell", "timestamp": 1765582901051}, {"id": "529253436", "price": 13.117, "amount": 1.0, "side": "sell", "timestamp": 1765582901457}, {"id": "529253437", "price": 13.118, "amount": 1.0, "side": "buy", "timestamp": 1765582905909}, {"id": "529253438", "price": 13.118, "amount": 49.0, "side": "buy", "timestamp": 1765582906399}, {"id": "529253439", "price": 13.119, "amount": 6.0, "side": "buy", "timestamp": 1765582906542}, {"id": "529253440", "price": 13.119, "amount": 4.0, "side": "sell", "timestamp": 1765582907224}, {"id": "529253441", "price": 13.119, "amount": 6.0, "side": "sell", "timestamp": 1765582912161}, {"id": "529253442", "price": 13.119, "amount": 7.0, "side": "sell", "timestamp": 1765582916270}, {"id": "529253443", "price": 13.119, "amount": 1.0, "side": "sell", "timestamp": 1765582919737}, {"id": "529253444", "price": 13.119, "amount": 1.0, "side": "sell", "timestamp": 1765582920764}, {"id": "529253445", "price": 13.119, "amount": 3.0, "side": "sell", "timestamp": 1765582921107}, {"id": "529253446", "price": 13.12, "amount": 2.0, "side": "buy", "timestamp": 1765582921389}, {"id": "529253447", "price": 13.119, "amount": 5.0, "side": "sell", "timestamp": 1765582921400}, {"id": "529253448", "price": 13.12, "amount": 1.0, "side": "buy", "timestamp": 1765582921434}, {"id": "529253449", "price": 13.119, "amount": 1.0, "side": "sell", "timestamp": 1765582922814}, {"id": "529253450", "price": 13.12, "amount": 24.0, "side": "buy", "timestamp": 1765582923022}, {"id": "529253451", "price": 13.12, "amount": 1.0, "side": "buy", "timestamp": 1765582923327}, {"id": "529253452", "price": 13.12, "amount": 1.0, "side": "buy", "timestamp": 1765582924843}, {"id": "529253453", "price": 13.119, "amount": 3.0, "side": "sell", "timestamp": 1765582925986}, {"id": "529253454", "price": 13.119, "amount": 1.0, "side": "sell", "timestamp": 1765582926110}, {"id": "529253455", "price": 13.119, "amount": 4.0, "side": "sell", "timestamp": 1765582926501}, {"id": "529253456", "price": 13.12, "amount": 25.0, "side": "buy", "timestamp": 1765582927892}, {"id": "529253457", "price": 13.119, "amount": 1.0, "side": "sell", "timestamp": 1765582928015}, {"id": "529253458", "price": 13.119, "amount": 317.0, "side": "sell", "timestamp": 1765582928657}, {"id": "529253459", "price": 13.118, "amount": 1.0, "side": "sell", "timestamp": 1765582941850}, {"id": "529253460", "price": 13.119, "amount": 5.0, "side": "buy", "timestamp": 1765582950763}, {"id": "529253461", "price": 13.118, "amount": 1.0, "side": "sell", "timestamp": 1765582951665}, {"id": "529253462", "price": 13.118, "amount": 1.0, "side": "sell", "timestamp": 1765582952594}, {"id": "529253463", "price": 13.119, "amount": 1.0, "side": "buy", "timestamp": 1765582953320}, {"id": "529253464", "price": 13.118, "amount": 1.0, "side": "sell", "timestamp": 1765582955740}, {"id": "529253465", "price": 13.118, "amount": 42.0, "side": "sell", "timestamp": 1765582957174}, {"id": "529253466", "price": 13.118, "amount": 1.0, "side": "sell", "timestamp": 1765582959816}, {"id": "529253467", "price": 13.119, "amount": 4.0, "side": "buy", "timestamp": 1765582960551}, {"id": "529253468", "price": 13.118, "amount": 1.0, "side": "sell", "timestamp": 1765582967299}, {"id": "529253469", "price": 13.119, "amount": 26.0, "side": "buy", "timestamp": 1765582967892}, {"id": "529253470", "price": 13.119, "amount": 5.0, "side": "buy", "timestamp": 1765582975789}, {"id": "529253471", "price": 13.118, "amount": 1.0, "side": "sell", "timestamp": 1765582979346}, {"id": "529253472", "price": 13.118, "amount": 1.0, "side": "sell", "timestamp": 1765582980675}, {"id": "529253473", "price": 13.119, "amount": 2.0, "side": "buy", "timestamp": 1765582981498}, {"id": "529253474", "price": 13.118, "amount": 1.0, "side": "sell", "timestamp": 1765582982156}, {"id": "529253475", "price": 13.119, "amount": 6.0, "side": "buy", "timestamp": 1765582982383}, {"id": "529253476", "price": 13.119, "amount": 1.0, "side": "buy", "timestamp": 1765582982579}, {"id": "529253477", "price": 13.118, "amount": 1.0, "side": "sell", "timestamp": 1765582983086}, {"id": "529253454", "price": 13.119, "amount": 1.0, "side": "sell", "timestamp": 1765582926110}, {"id": "529253455", "price": 13.119, "amount": 4.0, "side": "sell", "timestamp": 1765582926501}, {"id": "529253456", "price": 13.12, "amount": 25.0, "side": "buy", "timestamp": 1765582927892}, {"id": "529253457", "price": 13.119, "amount": 1.0, "side": "sell", "timestamp": 1765582928015}, {"id": "529253458", "price": 13.119, "amount": 317.0, "side": "sell", "timestamp": 1765582928657}, {"id": "529253459", "price": 13.118, "amount": 1.0, "side": "sell", "timestamp": 1765582941850}, {"id": "529253460", "price": 13.119, "amount": 5.0, "side": "buy", "timestamp": 1765582950763}, {"id": "529253461", "price": 13.118, "amount": 1.0, "side": "sell", "timestamp": 1765582951665}, {"id": "529253462", "price": 13.118, "amount": 1.0, "side": "sell", "timestamp": 1765582952594}, {"id": "529253463", "price": 13.119, "amount": 1.0, "side": "buy", "timestamp": 1765582953320}, {"id": "529253464", "price": 13.118, "amount": 1.0, "side": "sell", "timestamp": 1765582955740}, {"id": "529253465", "price": 13.118, "amount": 42.0, "side": "sell", "timestamp": 1765582957174}, {"id": "529253466", "price": 13.118, "amount": 1.0, "side": "sell", "timestamp": 1765582959816}, {"id": "529253467", "price": 13.119, "amount": 4.0, "side": "buy", "timestamp": 1765582960551}, {"id": "529253468", "price": 13.118, "amount": 1.0, "side": "sell", "timestamp": 1765582967299}, {"id": "529253469", "price": 13.119, "amount": 26.0, "side": "buy", "timestamp": 1765582967892}, {"id": "529253470", "price": 13.119, "amount": 5.0, "side": "buy", "timestamp": 1765582975789}, {"id": "529253471", "price": 13.118, "amount": 1.0, "side": "sell", "timestamp": 1765582979346}, {"id": "529253472", "price": 13.118, "amount": 1.0, "side": "sell", "timestamp": 1765582980675}, {"id": "529253473", "price": 13.119, "amount": 2.0, "side": "buy", "timestamp": 1765582981498}, {"id": "529253474", "price": 13.118, "amount": 1.0, "side": "sell", "timestamp": 1765582982156}, {"id": "529253475", "price": 13.119, "amount": 6.0, "side": "buy", "timestamp": 1765582982383}, {"id": "529253476", "price": 13.119, "amount": 1.0, "side": "buy", "timestamp": 1765582982579}, {"id": "529253477", "price": 13.118, "amount": 1.0, "side": "sell", "timestamp": 1765582983086}, {"id": "529253478", "price": 13.119, "amount": 3.0, "side": "buy", "timestamp": 1765582983819}, {"id": "529253479", "price": 13.119, "amount": 1.0, "side": "buy", "timestamp": 1765582984857}, {"id": "529253480", "price": 13.119, "amount": 1.0, "side": "buy", "timestamp": 1765582986211}, {"id": "529253481", "price": 13.118, "amount": 1.0, "side": "sell", "timestamp": 1765582986779}, {"id": "529253482", "price": 13.118, "amount": 1.0, "side": "sell", "timestamp": 1765582990679}, {"id": "529253483", "price": 13.118, "amount": 2.0, "side": "sell", "timestamp": 1765582991687}, {"id": "529253484", "price": 13.118, "amount": 1.0, "side": "sell", "timestamp": 1765582996862}, {"id": "529253485", "price": 13.118, "amount": 1.0, "side": "sell", "timestamp": 1765582997513}, {"id": "529253486", "price": 13.118, "amount": 2.0, "side": "sell", "timestamp": 1765582998375}, {"id": "529253487", "price": 13.119, "amount": 1.0, "side": "buy", "timestamp": 1765582999727}, {"id": "529253488", "price": 13.119, "amount": 4.0, "side": "buy", "timestamp": 1765583000160}, {"id": "529253489", "price": 13.119, "amount": 2.0, "side": "buy", "timestamp": 1765583000977}, {"id": "529253490", "price": 13.118, "amount": 342.0, "side": "sell", "timestamp": 1765583005367}, {"id": "529253491", "price": 13.117, "amount": 202.0, "side": "sell", "timestamp": 1765583005445}, {"id": "529253492", "price": 13.116, "amount": 21.0, "side": "sell", "timestamp": 1765583005448}, {"id": "529253493", "price": 13.116, "amount": 20.0, "side": "buy", "timestamp": 1765583005907}, {"id": "529253494", "price": 13.116, "amount": 8.0, "side": "buy", "timestamp": 1765583006091}, {"id": "529253495", "price": 13.116, "amount": 45.0, "side": "buy", "timestamp": 1765583012892}, {"id": "529253496", "price": 13.115, "amount": 1.0, "side": "sell", "timestamp": 1765583013556}, {"id": "529253497", "price": 13.115, "amount": 6.0, "side": "sell", "timestamp": 1765583023071}, {"id": "529253498", "price": 13.116, "amount": 1.0, "side": "buy", "timestamp": 1765583025760}, {"id": "529253499", "price": 13.115, "amount": 1.0, "side": "sell", "timestamp": 1765583026409}, {"id": "529253500", "price": 13.115, "amount": 1.0, "side": "sell", "timestamp": 1765583027742}, {"id": "529253501", "price": 13.115, "amount": 1.0, "side": "sell", "timestamp": 1765583029085}, {"id": "529253502", "price": 13.116, "amount": 4.0, "side": "buy", "timestamp": 1765583034352}, {"id": "529253503", "price": 13.115, "amount": 2.0, "side": "sell", "timestamp": 1765583037279}, {"id": "529253471", "price": 13.118, "amount": 1.0, "side": "sell", "timestamp": 1765582979346}, {"id": "529253472", "price": 13.118, "amount": 1.0, "side": "sell", "timestamp": 1765582980675}, {"id": "529253473", "price": 13.119, "amount": 2.0, "side": "buy", "timestamp": 1765582981498}, {"id": "529253474", "price": 13.118, "amount": 1.0, "side": "sell", "timestamp": 1765582982156}, {"id": "529253475", "price": 13.119, "amount": 6.0, "side": "buy", "timestamp": 1765582982383}, {"id": "529253476", "price": 13.119, "amount": 1.0, "side": "buy", "timestamp": 1765582982579}, {"id": "529253477", "price": 13.118, "amount": 1.0, "side": "sell", "timestamp": 1765582983086}, {"id": "529253478", "price": 13.119, "amount": 3.0, "side": "buy", "timestamp": 1765582983819}, {"id": "529253479", "price": 13.119, "amount": 1.0, "side": "buy", "timestamp": 1765582984857}, {"id": "529253480", "price": 13.119, "amount": 1.0, "side": "buy", "timestamp": 1765582986211}, {"id": "529253481", "price": 13.118, "amount": 1.0, "side": "sell", "timestamp": 1765582986779}, {"id": "529253482", "price": 13.118, "amount": 1.0, "side": "sell", "timestamp": 1765582990679}, {"id": "529253483", "price": 13.118, "amount": 2.0, "side": "sell", "timestamp": 1765582991687}, {"id": "529253484", "price": 13.118, "amount": 1.0, "side": "sell", "timestamp": 1765582996862}, {"id": "529253485", "price": 13.118, "amount": 1.0, "side": "sell", "timestamp": 1765582997513}, {"id": "529253486", "price": 13.118, "amount": 2.0, "side": "sell", "timestamp": 1765582998375}, {"id": "529253487", "price": 13.119, "amount": 1.0, "side": "buy", "timestamp": 1765582999727}, {"id": "529253488", "price": 13.119, "amount": 4.0, "side": "buy", "timestamp": 1765583000160}, {"id": "529253489", "price": 13.119, "amount": 2.0, "side": "buy", "timestamp": 1765583000977}, {"id": "529253490", "price": 13.118, "amount": 342.0, "side": "sell", "timestamp": 1765583005367}, {"id": "529253491", "price": 13.117, "amount": 202.0, "side": "sell", "timestamp": 1765583005445}, {"id": "529253492", "price": 13.116, "amount": 21.0, "side": "sell", "timestamp": 1765583005448}, {"id": "529253493", "price": 13.116, "amount": 20.0, "side": "buy", "timestamp": 1765583005907}, {"id": "529253494", "price": 13.116, "amount": 8.0, "side": "buy", "timestamp": 1765583006091}, {"id": "529253495", "price": 13.116, "amount": 45.0, "side": "buy", "timestamp": 1765583012892}, {"id": "529253496", "price": 13.115, "amount": 1.0, "side": "sell", "timestamp": 1765583013556}, {"id": "529253497", "price": 13.115, "amount": 6.0, "side": "sell", "timestamp": 1765583023071}, {"id": "529253498", "price": 13.116, "amount": 1.0, "side": "buy", "timestamp": 1765583025760}, {"id": "529253499", "price": 13.115, "amount": 1.0, "side": "sell", "timestamp": 1765583026409}, {"id": "529253500", "price": 13.115, "amount": 1.0, "side": "sell", "timestamp": 1765583027742}, {"id": "529253501", "price": 13.115, "amount": 1.0, "side": "sell", "timestamp": 1765583029085}, {"id": "529253502", "price": 13.116, "amount": 4.0, "side": "buy", "timestamp": 1765583034352}, {"id": "529253503", "price": 13.115, "amount": 2.0, "side": "sell", "timestamp": 1765583037279}, {"id": "529253504", "price": 13.116, "amount": 2.0, "side": "buy", "timestamp": 1765583041794}, {"id": "529253505", "price": 13.115, "amount": 2.0, "side": "sell", "timestamp": 1765583043547}, {"id": "529253506", "price": 13.116, "amount": 1.0, "side": "buy", "timestamp": 1765583044640}, {"id": "529253507", "price": 13.115, "amount": 1.0, "side": "sell", "timestamp": 1765583048496}, {"id": "529253508", "price": 13.115, "amount": 2.0, "side": "sell", "timestamp": 1765583049156}, {"id": "529253509", "price": 13.115, "amount": 2.0, "side": "sell", "timestamp": 1765583049306}, {"id": "529253510", "price": 13.115, "amount": 3.0, "side": "sell", "timestamp": 1765583049516}, {"id": "529253511", "price": 13.115, "amount": 3.0, "side": "sell", "timestamp": 1765583050099}, {"id": "529253512", "price": 13.116, "amount": 2.0, "side": "buy", "timestamp": 1765583051498}, {"id": "529253513", "price": 13.115, "amount": 27.0, "side": "sell", "timestamp": 1765583059604}, {"id": "529253514", "price": 13.116, "amount": 1.0, "side": "buy", "timestamp": 1765583059787}, {"id": "529253515", "price": 13.115, "amount": 1.0, "side": "sell", "timestamp": 1765583063739}, {"id": "529253516", "price": 13.116, "amount": 10.0, "side": "buy", "timestamp": 1765583066811}, {"id": "529253517", "price": 13.116, "amount": 23.0, "side": "buy", "timestamp": 1765583077892}, {"id": "529253518", "price": 13.115, "amount": 1.0, "side": "sell", "timestamp": 1765583080296}, {"id": "529253519", "price": 13.115, "amount": 3.0, "side": "sell", "timestamp": 1765583083674}, {"id": "529253520", "price": 13.116, "amount": 4.0, "side": "buy", "timestamp": 1765583088869}, {"id": "529253533", "price": 13.113, "amount": 22.0, "side": "sell", "timestamp": 1765583104304}, {"id": "529253534", "price": 13.112, "amount": 27.0, "side": "sell", "timestamp": 1765583104304}, {"id": "529253535", "price": 13.111, "amount": 266.0, "side": "sell", "timestamp": 1765583104304}, {"id": "529253536", "price": 13.112, "amount": 3.0, "side": "buy", "timestamp": 1765583104623}, {"id": "529253537", "price": 13.111, "amount": 1.0, "side": "sell", "timestamp": 1765583104891}, {"id": "529253538", "price": 13.112, "amount": 1.0, "side": "buy", "timestamp": 1765583104917}, {"id": "529253539", "price": 13.111, "amount": 1.0, "side": "sell", "timestamp": 1765583105542}, {"id": "529253540", "price": 13.111, "amount": 4.0, "side": "sell", "timestamp": 1765583106061}, {"id": "529253541", "price": 13.111, "amount": 11.0, "side": "sell", "timestamp": 1765583106303}, {"id": "529253542", "price": 13.11, "amount": 20.0, "side": "sell", "timestamp": 1765583106502}, {"id": "529253543", "price": 13.109, "amount": 29.0, "side": "sell", "timestamp": 1765583106502}, {"id": "529253544", "price": 13.11, "amount": 2.0, "side": "buy", "timestamp": 1765583107109}, {"id": "529253545", "price": 13.109, "amount": 4.0, "side": "sell", "timestamp": 1765583110258}, {"id": "529253546", "price": 13.11, "amount": 300.0, "side": "buy", "timestamp": 1765583111164}, {"id": "529253547", "price": 13.111, "amount": 2.0, "side": "buy", "timestamp": 1765583111170}, {"id": "529253548", "price": 13.111, "amount": 125.0, "side": "sell", "timestamp": 1765583111584}, {"id": "529253549", "price": 13.112, "amount": 41.0, "side": "buy", "timestamp": 1765583112892}, {"id": "529253550", "price": 13.111, "amount": 1.0, "side": "sell", "timestamp": 1765583113138}, {"id": "529253551", "price": 13.111, "amount": 17.0, "side": "sell", "timestamp": 1765583113604}, {"id": "529253552", "price": 13.112, "amount": 334.0, "side": "buy", "timestamp": 1765583118223}, {"id": "529253553", "price": 13.113, "amount": 2.0, "side": "buy", "timestamp": 1765583118290}, {"id": "529253554", "price": 13.113, "amount": 19.0, "side": "sell", "timestamp": 1765583118517}, {"id": "529253555", "price": 13.114, "amount": 9.0, "side": "buy", "timestamp": 1765583118541}, {"id": "529253556", "price": 13.113, "amount": 11.0, "side": "sell", "timestamp": 1765583119168}, {"id": "529253557", "price": 13.114, "amount": 12.0, "side": "buy", "timestamp": 1765583119527}, {"id": "529253558", "price": 13.114, "amount": 3.0, "side": "sell", "timestamp": 1765583119540}, {"id": "529253559", "price": 13.115, "amount": 571.0, "side": "buy", "timestamp": 1765583121562}, {"id": "529253560", "price": 13.116, "amount": 307.0, "side": "buy", "timestamp": 1765583122292}, {"id": "529253561", "price": 13.117, "amount": 709.0, "side": "buy", "timestamp": 1765583122292}, {"id": "529253562", "price": 13.117, "amount": 49.0, "side": "sell", "timestamp": 1765583122672}, {"id": "529253563", "price": 13.116, "amount": 1.0, "side": "sell", "timestamp": 1765583126232}, {"id": "529253564", "price": 13.117, "amount": 46.0, "side": "sell", "timestamp": 1765583126612}, {"id": "529253565", "price": 13.116, "amount": 30.0, "side": "sell", "timestamp": 1765583126612}, {"id": "529253566", "price": 13.116, "amount": 1.0, "side": "sell", "timestamp": 1765583133736}, {"id": "529253567", "price": 13.116, "amount": 1.0, "side": "sell", "timestamp": 1765583135746}, {"id": "529253568", "price": 13.116, "amount": 270.0, "side": "sell", "timestamp": 1765583137174}, {"id": "529253569", "price": 13.115, "amount": 189.0, "side": "sell", "timestamp": 1765583137227}, {"id": "529253570", "price": 13.115, "amount": 3.0, "side": "buy", "timestamp": 1765583137278}, {"id": "529253571", "price": 13.114, "amount": 6.0, "side": "sell", "timestamp": 1765583137432}, {"id": "529253572", "price": 13.114, "amount": 649.0, "side": "buy", "timestamp": 1765583140189}, {"id": "529253573", "price": 13.115, "amount": 281.0, "side": "buy", "timestamp": 1765583140189}, {"id": "529253574", "price": 13.114, "amount": 3.0, "side": "sell", "timestamp": 1765583140271}, {"id": "529253575", "price": 13.113, "amount": 124.0, "side": "sell", "timestamp": 1765583140271}, {"id": "529253576", "price": 13.112, "amount": 213.0, "side": "sell", "timestamp": 1765583140271}, {"id": "529253577", "price": 13.111, "amount": 485.0, "side": "sell", "timestamp": 1765583140271}, {"id": "529253578", "price": 13.11, "amount": 105.0, "side": "sell", "timestamp": 1765583140271}, {"id": "529253579", "price": 13.112, "amount": 1.0, "side": "sell", "timestamp": 1765583140613}, {"id": "529253580", "price": 13.111, "amount": 1.0, "side": "sell", "timestamp": 1765583140613}, {"id": "529253581", "price": 13.111, "amount": 10.0, "side": "buy", "timestamp": 1765583142116}, {"id": "529253582", "price": 13.111, "amount": 137.0, "side": "buy", "timestamp": 1765583144344}, {"id": "529253576", "price": 13.112, "amount": 213.0, "side": "sell", "timestamp": 1765583140271}, {"id": "529253577", "price": 13.111, "amount": 485.0, "side": "sell", "timestamp": 1765583140271}, {"id": "529253578", "price": 13.11, "amount": 105.0, "side": "sell", "timestamp": 1765583140271}, {"id": "529253579", "price": 13.112, "amount": 1.0, "side": "sell", "timestamp": 1765583140613}, {"id": "529253580", "price": 13.111, "amount": 1.0, "side": "sell", "timestamp": 1765583140613}, {"id": "529253581", "price": 13.111, "amount": 10.0, "side": "buy", "timestamp": 1765583142116}, {"id": "529253582", "price": 13.111, "amount": 137.0, "side": "buy", "timestamp": 1765583144344}, {"id": "529253583", "price": 13.112, "amount": 247.0, "side": "buy", "timestamp": 1765583144344}, {"id": "529253584", "price": 13.112, "amount": 3.0, "side": "buy", "timestamp": 1765583155514}, {"id": "529253585", "price": 13.111, "amount": 413.0, "side": "sell", "timestamp": 1765583155700}, {"id": "529253586", "price": 13.11, "amount": 292.0, "side": "sell", "timestamp": 1765583155709}, {"id": "529253587", "price": 13.11, "amount": 5.0, "side": "sell", "timestamp": 1765583157731}, {"id": "529253588", "price": 13.11, "amount": 476.0, "side": "sell", "timestamp": 1765583159146}, {"id": "529253589", "price": 13.109, "amount": 103.0, "side": "sell", "timestamp": 1765583159254}, {"id": "529253590", "price": 13.108, "amount": 83.0, "side": "sell", "timestamp": 1765583159315}, {"id": "529253591", "price": 13.108, "amount": 44.0, "side": "sell", "timestamp": 1765583160487}, {"id": "529253592", "price": 13.108, "amount": 1.0, "side": "buy", "timestamp": 1765583161018}, {"id": "529253593", "price": 13.108, "amount": 1.0, "side": "buy", "timestamp": 1765583161253}, {"id": "529253594", "price": 13.108, "amount": 188.0, "side": "buy", "timestamp": 1765583161981}, {"id": "529253595", "price": 13.108, "amount": 92.0, "side": "buy", "timestamp": 1765583162801}, {"id": "529253596", "price": 13.108, "amount": 215.0, "side": "buy", "timestamp": 1765583163009}, {"id": "529253597", "price": 13.109, "amount": 1.0, "side": "buy", "timestamp": 1765583164747}, {"id": "529253598", "price": 13.109, "amount": 1.0, "side": "buy", "timestamp": 1765583165125}, {"id": "529253599", "price": 13.108, "amount": 1.0, "side": "sell", "timestamp": 1765583165941}, {"id": "529253600", "price": 13.108, "amount": 1.0, "side": "sell", "timestamp": 1765583166070}, {"id": "529253601", "price": 13.109, "amount": 63.0, "side": "buy", "timestamp": 1765583167422}, {"id": "529253602", "price": 13.11, "amount": 13.0, "side": "buy", "timestamp": 1765583167422}, {"id": "529253603", "price": 13.109, "amount": 1.0, "side": "sell", "timestamp": 1765583170424}, {"id": "529253604", "price": 13.109, "amount": 1.0, "side": "sell", "timestamp": 1765583171738}, {"id": "529253605", "price": 13.11, "amount": 436.0, "side": "buy", "timestamp": 1765583172697}, {"id": "529253606", "price": 13.11, "amount": 1.0, "side": "sell", "timestamp": 1765583173489}, {"id": "529253607", "price": 13.11, "amount": 92.0, "side": "sell", "timestamp": 1765583174647}, {"id": "529253608", "price": 13.111, "amount": 23.0, "side": "buy", "timestamp": 1765583177892}, {"id": "529253609", "price": 13.11, "amount": 7.0, "side": "sell", "timestamp": 1765583178045}, {"id": "529253610", "price": 13.111, "amount": 1.0, "side": "buy", "timestamp": 1765583178552}, {"id": "529253611", "price": 13.111, "amount": 884.0, "side": "buy", "timestamp": 1765583181742}, {"id": "529253612", "price": 13.111, "amount": 3.0, "side": "sell", "timestamp": 1765583182143}, {"id": "529253613", "price": 13.112, "amount": 1.0, "side": "buy", "timestamp": 1765583182217}, {"id": "529253614", "price": 13.112, "amount": 92.0, "side": "buy", "timestamp": 1765583183573}, {"id": "529253615", "price": 13.111, "amount": 138.0, "side": "sell", "timestamp": 1765583188405}, {"id": "529253616", "price": 13.11, "amount": 5.0, "side": "sell", "timestamp": 1765583188409}, {"id": "529253617", "price": 13.109, "amount": 1.0, "side": "sell", "timestamp": 1765583188706}, {"id": "529253618", "price": 13.109, "amount": 1.0, "side": "sell", "timestamp": 1765583188935}, {"id": "529253619", "price": 13.109, "amount": 17.0, "side": "sell", "timestamp": 1765583189531}, {"id": "529253620", "price": 13.11, "amount": 1.0, "side": "buy", "timestamp": 1765583190558}, {"id": "529253621", "price": 13.109, "amount": 1.0, "side": "sell", "timestamp": 1765583190750}, {"id": "529253622", "price": 13.109, "amount": 92.0, "side": "sell", "timestamp": 1765583192426}, {"id": "529253623", "price": 13.11, "amount": 3.0, "side": "buy", "timestamp": 1765583192984}, {"id": "529253624", "price": 13.11, "amount": 720.0, "side": "buy", "timestamp": 1765583194676}, {"id": "529253625", "price": 13.11, "amount": 1.0, "side": "sell", "timestamp": 1765583195655}, {"id": "529253618", "price": 13.109, "amount": 1.0, "side": "sell", "timestamp": 1765583188935}, {"id": "529253619", "price": 13.109, "amount": 17.0, "side": "sell", "timestamp": 1765583189531}, {"id": "529253620", "price": 13.11, "amount": 1.0, "side": "buy", "timestamp": 1765583190558}, {"id": "529253621", "price": 13.109, "amount": 1.0, "side": "sell", "timestamp": 1765583190750}, {"id": "529253622", "price": 13.109, "amount": 92.0, "side": "sell", "timestamp": 1765583192426}, {"id": "529253623", "price": 13.11, "amount": 3.0, "side": "buy", "timestamp": 1765583192984}, {"id": "529253624", "price": 13.11, "amount": 720.0, "side": "buy", "timestamp": 1765583194676}, {"id": "529253625", "price": 13.11, "amount": 1.0, "side": "sell", "timestamp": 1765583195655}, {"id": "529253626", "price": 13.11, "amount": 60.0, "side": "sell", "timestamp": 1765583198959}, {"id": "529253627", "price": 13.11, "amount": 1.0, "side": "sell", "timestamp": 1765583199488}, {"id": "529253628", "price": 13.111, "amount": 92.0, "side": "buy", "timestamp": 1765583201306}, {"id": "529253629", "price": 13.111, "amount": 1.0, "side": "buy", "timestamp": 1765583202391}, {"id": "529253630", "price": 13.11, "amount": 1.0, "side": "sell", "timestamp": 1765583206417}, {"id": "529253631", "price": 13.11, "amount": 1.0, "side": "sell", "timestamp": 1765583207731}, {"id": "529253632", "price": 13.111, "amount": 9.0, "side": "buy", "timestamp": 1765583209895}, {"id": "529253633", "price": 13.11, "amount": 4.0, "side": "sell", "timestamp": 1765583209986}, {"id": "529253634", "price": 13.11, "amount": 46.0, "side": "sell", "timestamp": 1765583215199}, {"id": "529253635", "price": 13.11, "amount": 1.0, "side": "sell", "timestamp": 1765583215749}, {"id": "529253636", "price": 13.11, "amount": 2.0, "side": "sell", "timestamp": 1765583216258}, {"id": "529253637", "price": 13.111, "amount": 1.0, "side": "buy", "timestamp": 1765583217067}, {"id": "529253638", "price": 13.111, "amount": 51.0, "side": "buy", "timestamp": 1765583217900}, {"id": "529253639", "price": 13.11, "amount": 1.0, "side": "sell", "timestamp": 1765583218904}, {"id": "529253640", "price": 13.11, "amount": 496.0, "side": "sell", "timestamp": 1765583220603}, {"id": "529253641", "price": 13.109, "amount": 29.0, "side": "sell", "timestamp": 1765583221070}, {"id": "529253642", "price": 13.108, "amount": 88.0, "side": "sell", "timestamp": 1765583221106}, {"id": "529253643", "price": 13.107, "amount": 6.0, "side": "sell", "timestamp": 1765583221113}, {"id": "529253644", "price": 13.106, "amount": 104.0, "side": "sell", "timestamp": 1765583221113}, {"id": "529253645", "price": 13.106, "amount": 9.0, "side": "sell", "timestamp": 1765583221217}, {"id": "529253646", "price": 13.106, "amount": 10.0, "side": "sell", "timestamp": 1765583221466}, {"id": "529253647", "price": 13.106, "amount": 2.0, "side": "sell", "timestamp": 1765583223456}, {"id": "529253648", "price": 13.106, "amount": 1.0, "side": "sell", "timestamp": 1765583224333}, {"id": "529253649", "price": 13.106, "amount": 1.0, "side": "sell", "timestamp": 1765583227940}, {"id": "529253650", "price": 13.106, "amount": 3.0, "side": "sell", "timestamp": 1765583228053}, {"id": "529253651", "price": 13.106, "amount": 1.0, "side": "sell", "timestamp": 1765583228216}, {"id": "529253652", "price": 13.106, "amount": 3.0, "side": "sell", "timestamp": 1765583228542}, {"id": "529253653", "price": 13.107, "amount": 528.0, "side": "buy", "timestamp": 1765583229541}, {"id": "529253654", "price": 13.108, "amount": 2.0, "side": "buy", "timestamp": 1765583229571}, {"id": "529253655", "price": 13.108, "amount": 1.0, "side": "sell", "timestamp": 1765583231640}, {"id": "529253656", "price": 13.109, "amount": 7.0, "side": "buy", "timestamp": 1765583233622}, {"id": "529253657", "price": 13.109, "amount": 58.0, "side": "buy", "timestamp": 1765583234315}, {"id": "529253658", "price": 13.11, "amount": 1.0, "side": "buy", "timestamp": 1765583236174}, {"id": "529253659", "price": 13.109, "amount": 61.0, "side": "sell", "timestamp": 1765583236977}, {"id": "529253660", "price": 13.108, "amount": 19.0, "side": "sell", "timestamp": 1765583237185}, {"id": "529253661", "price": 13.108, "amount": 31.0, "side": "sell", "timestamp": 1765583237430}, {"id": "529253662", "price": 13.107, "amount": 1.0, "side": "sell", "timestamp": 1765583238405}, {"id": "529253663", "price": 13.108, "amount": 1.0, "side": "buy", "timestamp": 1765583238513}, {"id": "529253664", "price": 13.108, "amount": 1.0, "side": "sell", "timestamp": 1765583240461}, {"id": "529253665", "price": 13.109, "amount": 52.0, "side": "buy", "timestamp": 1765583240666}, {"id": "529253666", "price": 13.109, "amount": 1.0, "side": "sell", "timestamp": 1765583243725}, {"id": "529253667", "price": 13.109, "amount": 7.0, "side": "sell", "timestamp": 1765583245961}, {"id": "529253651", "price": 13.106, "amount": 1.0, "side": "sell", "timestamp": 1765583228216}, {"id": "529253652", "price": 13.106, "amount": 3.0, "side": "sell", "timestamp": 1765583228542}, {"id": "529253653", "price": 13.107, "amount": 528.0, "side": "buy", "timestamp": 1765583229541}, {"id": "529253654", "price": 13.108, "amount": 2.0, "side": "buy", "timestamp": 1765583229571}, {"id": "529253655", "price": 13.108, "amount": 1.0, "side": "sell", "timestamp": 1765583231640}, {"id": "529253656", "price": 13.109, "amount": 7.0, "side": "buy", "timestamp": 1765583233622}, {"id": "529253657", "price": 13.109, "amount": 58.0, "side": "buy", "timestamp": 1765583234315}, {"id": "529253658", "price": 13.11, "amount": 1.0, "side": "buy", "timestamp": 1765583236174}, {"id": "529253659", "price": 13.109, "amount": 61.0, "side": "sell", "timestamp": 1765583236977}, {"id": "529253660", "price": 13.108, "amount": 19.0, "side": "sell", "timestamp": 1765583237185}, {"id": "529253661", "price": 13.108, "amount": 31.0, "side": "sell", "timestamp": 1765583237430}, {"id": "529253662", "price": 13.107, "amount": 1.0, "side": "sell", "timestamp": 1765583238405}, {"id": "529253663", "price": 13.108, "amount": 1.0, "side": "buy", "timestamp": 1765583238513}, {"id": "529253664", "price": 13.108, "amount": 1.0, "side": "sell", "timestamp": 1765583240461}, {"id": "529253665", "price": 13.109, "amount": 52.0, "side": "buy", "timestamp": 1765583240666}, {"id": "529253666", "price": 13.109, "amount": 1.0, "side": "sell", "timestamp": 1765583243725}, {"id": "529253667", "price": 13.109, "amount": 7.0, "side": "sell", "timestamp": 1765583245961}, {"id": "529253668", "price": 13.11, "amount": 1.0, "side": "buy", "timestamp": 1765583254323}, {"id": "529253669", "price": 13.109, "amount": 1.0, "side": "sell", "timestamp": 1765583255270}, {"id": "529253670", "price": 13.109, "amount": 133.0, "side": "sell", "timestamp": 1765583257708}, {"id": "529253671", "price": 13.109, "amount": 1.0, "side": "sell", "timestamp": 1765583268938}, {"id": "529253672", "price": 13.11, "amount": 1.0, "side": "buy", "timestamp": 1765583270938}, {"id": "529253673", "price": 13.11, "amount": 4.0, "side": "buy", "timestamp": 1765583275380}, {"id": "529253674", "price": 13.11, "amount": 7.0, "side": "buy", "timestamp": 1765583275605}, {"id": "529253675", "price": 13.109, "amount": 1.0, "side": "sell", "timestamp": 1765583275623}, {"id": "529253676", "price": 13.109, "amount": 1.0, "side": "sell", "timestamp": 1765583278610}, {"id": "529253677", "price": 13.109, "amount": 8.0, "side": "sell", "timestamp": 1765583278860}, {"id": "529253678", "price": 13.109, "amount": 2.0, "side": "sell", "timestamp": 1765583279406}, {"id": "529253679", "price": 13.109, "amount": 1.0, "side": "sell", "timestamp": 1765583279733}, {"id": "529253680", "price": 13.11, "amount": 1.0, "side": "buy", "timestamp": 1765583281186}, {"id": "529253681", "price": 13.109, "amount": 2.0, "side": "sell", "timestamp": 1765583283550}, {"id": "529253682", "price": 13.109, "amount": 2.0, "side": "sell", "timestamp": 1765583285079}, {"id": "529253683", "price": 13.109, "amount": 1.0, "side": "sell", "timestamp": 1765583285424}, {"id": "529253684", "price": 13.109, "amount": 1.0, "side": "sell", "timestamp": 1765583285854}, {"id": "529253685", "price": 13.11, "amount": 4.0, "side": "buy", "timestamp": 1765583286449}, {"id": "529253686", "price": 13.11, "amount": 2.0, "side": "buy", "timestamp": 1765583287797}, {"id": "529253687", "price": 13.109, "amount": 235.0, "side": "sell", "timestamp": 1765583287886}, {"id": "529253688", "price": 13.108, "amount": 4.0, "side": "sell", "timestamp": 1765583288182}, {"id": "529253689", "price": 13.108, "amount": 34.0, "side": "sell", "timestamp": 1765583288510}, {"id": "529253690", "price": 13.108, "amount": 26.0, "side": "sell", "timestamp": 1765583288720}, {"id": "529253691", "price": 13.108, "amount": 16.0, "side": "sell", "timestamp": 1765583290293}, {"id": "529253692", "price": 13.109, "amount": 4.0, "side": "buy", "timestamp": 1765583290753}, {"id": "529253693", "price": 13.108, "amount": 4.0, "side": "sell", "timestamp": 1765583290755}, {"id": "529253694", "price": 13.108, "amount": 15.0, "side": "sell", "timestamp": 1765583292080}, {"id": "529253695", "price": 13.108, "amount": 23.0, "side": "sell", "timestamp": 1765583292374}, {"id": "529253696", "price": 13.107, "amount": 2.0, "side": "sell", "timestamp": 1765583293365}, {"id": "529253697", "price": 13.108, "amount": 45.0, "side": "buy", "timestamp": 1765583293938}, {"id": "529253698", "price": 13.107, "amount": 2.0, "side": "sell", "timestamp": 1765583294269}, {"id": "529253699", "price": 13.108, "amount": 186.0, "side": "buy", "timestamp": 1765583302892}, {"id": "529253700", "price": 13.108, "amount": 5.0, "side": "buy", "timestamp": 1765583303946}, {"id": "529253676", "price": 13.109, "amount": 1.0, "side": "sell", "timestamp": 1765583278610}, {"id": "529253677", "price": 13.109, "amount": 8.0, "side": "sell", "timestamp": 1765583278860}, {"id": "529253678", "price": 13.109, "amount": 2.0, "side": "sell", "timestamp": 1765583279406}, {"id": "529253679", "price": 13.109, "amount": 1.0, "side": "sell", "timestamp": 1765583279733}, {"id": "529253680", "price": 13.11, "amount": 1.0, "side": "buy", "timestamp": 1765583281186}, {"id": "529253681", "price": 13.109, "amount": 2.0, "side": "sell", "timestamp": 1765583283550}, {"id": "529253682", "price": 13.109, "amount": 2.0, "side": "sell", "timestamp": 1765583285079}, {"id": "529253683", "price": 13.109, "amount": 1.0, "side": "sell", "timestamp": 1765583285424}, {"id": "529253684", "price": 13.109, "amount": 1.0, "side": "sell", "timestamp": 1765583285854}, {"id": "529253685", "price": 13.11, "amount": 4.0, "side": "buy", "timestamp": 1765583286449}, {"id": "529253686", "price": 13.11, "amount": 2.0, "side": "buy", "timestamp": 1765583287797}, {"id": "529253687", "price": 13.109, "amount": 235.0, "side": "sell", "timestamp": 1765583287886}, {"id": "529253688", "price": 13.108, "amount": 4.0, "side": "sell", "timestamp": 1765583288182}, {"id": "529253689", "price": 13.108, "amount": 34.0, "side": "sell", "timestamp": 1765583288510}, {"id": "529253690", "price": 13.108, "amount": 26.0, "side": "sell", "timestamp": 1765583288720}, {"id": "529253691", "price": 13.108, "amount": 16.0, "side": "sell", "timestamp": 1765583290293}, {"id": "529253692", "price": 13.109, "amount": 4.0, "side": "buy", "timestamp": 1765583290753}, {"id": "529253693", "price": 13.108, "amount": 4.0, "side": "sell", "timestamp": 1765583290755}, {"id": "529253694", "price": 13.108, "amount": 15.0, "side": "sell", "timestamp": 1765583292080}, {"id": "529253695", "price": 13.108, "amount": 23.0, "side": "sell", "timestamp": 1765583292374}, {"id": "529253696", "price": 13.107, "amount": 2.0, "side": "sell", "timestamp": 1765583293365}, {"id": "529253697", "price": 13.108, "amount": 45.0, "side": "buy", "timestamp": 1765583293938}, {"id": "529253698", "price": 13.107, "amount": 2.0, "side": "sell", "timestamp": 1765583294269}, {"id": "529253699", "price": 13.108, "amount": 186.0, "side": "buy", "timestamp": 1765583302892}, {"id": "529253700", "price": 13.108, "amount": 5.0, "side": "buy", "timestamp": 1765583303946}, {"id": "529253701", "price": 13.108, "amount": 1.0, "side": "sell", "timestamp": 1765583305986}, {"id": "529253702", "price": 13.108, "amount": 2.0, "side": "sell", "timestamp": 1765583309098}, {"id": "529253703", "price": 13.109, "amount": 4.0, "side": "buy", "timestamp": 1765583311382}, {"id": "529253704", "price": 13.108, "amount": 1.0, "side": "sell", "timestamp": 1765583312696}, {"id": "529253705", "price": 13.109, "amount": 1.0, "side": "buy", "timestamp": 1765583314736}, {"id": "529253706", "price": 13.109, "amount": 1.0, "side": "buy", "timestamp": 1765583315606}, {"id": "529253707", "price": 13.108, "amount": 1.0, "side": "sell", "timestamp": 1765583315735}, {"id": "529253708", "price": 13.108, "amount": 1.0, "side": "sell", "timestamp": 1765583317626}, {"id": "529253709", "price": 13.108, "amount": 1.0, "side": "sell", "timestamp": 1765583319272}, {"id": "529253710", "price": 13.109, "amount": 4.0, "side": "buy", "timestamp": 1765583323691}, {"id": "529253711", "price": 13.109, "amount": 1.0, "side": "buy", "timestamp": 1765583326873}, {"id": "529253712", "price": 13.108, "amount": 1.0, "side": "sell", "timestamp": 1765583327029}, {"id": "529253713", "price": 13.108, "amount": 1.0, "side": "sell", "timestamp": 1765583330126}, {"id": "529253714", "price": 13.108, "amount": 2.0, "side": "sell", "timestamp": 1765583333721}, {"id": "529253715", "price": 13.108, "amount": 5.0, "side": "sell", "timestamp": 1765583335605}, {"id": "529253716", "price": 13.109, "amount": 1.0, "side": "buy", "timestamp": 1765583341297}, {"id": "529253717", "price": 13.108, "amount": 4.0, "side": "sell", "timestamp": 1765583342775}, {"id": "529253718", "price": 13.109, "amount": 79.0, "side": "buy", "timestamp": 1765583344068}, {"id": "529253719", "price": 13.109, "amount": 1.0, "side": "sell", "timestamp": 1765583346081}, {"id": "529253720", "price": 13.109, "amount": 1.0, "side": "sell", "timestamp": 1765583346556}, {"id": "529253721", "price": 13.109, "amount": 20.0, "side": "sell", "timestamp": 1765583347486}, {"id": "529253722", "price": 13.11, "amount": 1.0, "side": "buy", "timestamp": 1765583350620}, {"id": "529253723", "price": 13.109, "amount": 244.0, "side": "sell", "timestamp": 1765583350913}, {"id": "529253724", "price": 13.108, "amount": 1.0, "side": "sell", "timestamp": 1765583351735}, {"id": "529253725", "price": 13.109, "amount": 47.0, "side": "buy", "timestamp": 1765583352892}, {"id": "529253724", "price": 13.108, "amount": 1.0, "side": "sell", "timestamp": 1765583351735}, {"id": "529253725", "price": 13.109, "amount": 47.0, "side": "buy", "timestamp": 1765583352892}, {"id": "529253726", "price": 13.109, "amount": 2.0, "side": "buy", "timestamp": 1765583358818}, {"id": "529253727", "price": 13.108, "amount": 17.0, "side": "sell", "timestamp": 1765583360850}, {"id": "529253728", "price": 13.108, "amount": 232.0, "side": "sell", "timestamp": 1765583362074}, {"id": "529253729", "price": 13.107, "amount": 105.0, "side": "sell", "timestamp": 1765583362124}, {"id": "529253730", "price": 13.106, "amount": 104.0, "side": "sell", "timestamp": 1765583362127}, {"id": "529253731", "price": 13.105, "amount": 250.0, "side": "sell", "timestamp": 1765583362128}, {"id": "529253732", "price": 13.104, "amount": 86.0, "side": "sell", "timestamp": 1765583362131}, {"id": "529253733", "price": 13.104, "amount": 265.0, "side": "sell", "timestamp": 1765583362278}, {"id": "529253734", "price": 13.104, "amount": 17.0, "side": "buy", "timestamp": 1765583362436}, {"id": "529253735", "price": 13.105, "amount": 59.0, "side": "buy", "timestamp": 1765583362436}, {"id": "529253736", "price": 13.105, "amount": 1.0, "side": "buy", "timestamp": 1765583362868}, {"id": "529253737", "price": 13.105, "amount": 40.0, "side": "sell", "timestamp": 1765583370530}, {"id": "529253738", "price": 13.105, "amount": 45.0, "side": "sell", "timestamp": 1765583370750}, {"id": "529253739", "price": 13.104, "amount": 1.0, "side": "sell", "timestamp": 1765583372411}, {"id": "529253740", "price": 13.105, "amount": 1.0, "side": "buy", "timestamp": 1765583372841}, {"id": "529253741", "price": 13.104, "amount": 7.0, "side": "sell", "timestamp": 1765583373977}, {"id": "529253742", "price": 13.104, "amount": 1.0, "side": "sell", "timestamp": 1765583377977}, {"id": "529253743", "price": 13.104, "amount": 6.0, "side": "sell", "timestamp": 1765583379153}, {"id": "529253744", "price": 13.104, "amount": 2.0, "side": "sell", "timestamp": 1765583380227}, {"id": "529253745", "price": 13.105, "amount": 2.0, "side": "buy", "timestamp": 1765583383661}, {"id": "529253746", "price": 13.105, "amount": 2.0, "side": "buy", "timestamp": 1765583384222}, {"id": "529253747", "price": 13.104, "amount": 1.0, "side": "sell", "timestamp": 1765583387741}, {"id": "529253748", "price": 13.104, "amount": 1.0, "side": "sell", "timestamp": 1765583394887}, {"id": "529253749", "price": 13.104, "amount": 23.0, "side": "sell", "timestamp": 1765583395605}, {"id": "529253750", "price": 13.104, "amount": 1.0, "side": "sell", "timestamp": 1765583400896}, {"id": "529253751", "price": 13.105, "amount": 1.0, "side": "buy", "timestamp": 1765583401493}, {"id": "529253752", "price": 13.105, "amount": 1.0, "side": "buy", "timestamp": 1765583401983}, {"id": "529253753", "price": 13.105, "amount": 307.0, "side": "buy", "timestamp": 1765583402298}, {"id": "529253754", "price": 13.105, "amount": 249.0, "side": "buy", "timestamp": 1765583402442}, {"id": "529253755", "price": 13.105, "amount": 98.0, "side": "buy", "timestamp": 1765583402860}, {"id": "529253756", "price": 13.105, "amount": 205.0, "side": "buy", "timestamp": 1765583403132}, {"id": "529253757", "price": 13.105, "amount": 457.0, "side": "buy", "timestamp": 1765583403252}, {"id": "529253758", "price": 13.106, "amount": 205.0, "side": "buy", "timestamp": 1765583403929}, {"id": "529253759", "price": 13.106, "amount": 35.0, "side": "buy", "timestamp": 1765583404050}, {"id": "529253760", "price": 13.107, "amount": 116.0, "side": "buy", "timestamp": 1765583404050}, {"id": "529253761", "price": 13.107, "amount": 18.0, "side": "buy", "timestamp": 1765583404334}, {"id": "529253762", "price": 13.106, "amount": 1.0, "side": "sell", "timestamp": 1765583404379}, {"id": "529253763", "price": 13.106, "amount": 2.0, "side": "sell", "timestamp": 1765583404560}, {"id": "529253764", "price": 13.107, "amount": 200.0, "side": "buy", "timestamp": 1765583404722}, {"id": "529253765", "price": 13.108, "amount": 98.0, "side": "buy", "timestamp": 1765583404843}, {"id": "529253766", "price": 13.109, "amount": 58.0, "side": "buy", "timestamp": 1765583404852}, {"id": "529253767", "price": 13.108, "amount": 4.0, "side": "sell", "timestamp": 1765583404976}, {"id": "529253768", "price": 13.108, "amount": 3.0, "side": "sell", "timestamp": 1765583405080}, {"id": "529253769", "price": 13.109, "amount": 200.0, "side": "buy", "timestamp": 1765583405519}, {"id": "529253770", "price": 13.109, "amount": 5.0, "side": "buy", "timestamp": 1765583405663}, {"id": "529253771", "price": 13.108, "amount": 1.0, "side": "sell", "timestamp": 1765583406484}, {"id": "529253772", "price": 13.109, "amount": 4.0, "side": "buy", "timestamp": 1765583407091}, {"id": "529253773", "price": 13.109, "amount": 2.0, "side": "buy", "timestamp": 1765583408422}, {"id": "529253754", "price": 13.105, "amount": 249.0, "side": "buy", "timestamp": 1765583402442}, {"id": "529253755", "price": 13.105, "amount": 98.0, "side": "buy", "timestamp": 1765583402860}, {"id": "529253756", "price": 13.105, "amount": 205.0, "side": "buy", "timestamp": 1765583403132}, {"id": "529253757", "price": 13.105, "amount": 457.0, "side": "buy", "timestamp": 1765583403252}, {"id": "529253758", "price": 13.106, "amount": 205.0, "side": "buy", "timestamp": 1765583403929}, {"id": "529253759", "price": 13.106, "amount": 35.0, "side": "buy", "timestamp": 1765583404050}, {"id": "529253760", "price": 13.107, "amount": 116.0, "side": "buy", "timestamp": 1765583404050}, {"id": "529253761", "price": 13.107, "amount": 18.0, "side": "buy", "timestamp": 1765583404334}, {"id": "529253762", "price": 13.106, "amount": 1.0, "side": "sell", "timestamp": 1765583404379}, {"id": "529253763", "price": 13.106, "amount": 2.0, "side": "sell", "timestamp": 1765583404560}, {"id": "529253764", "price": 13.107, "amount": 200.0, "side": "buy", "timestamp": 1765583404722}, {"id": "529253765", "price": 13.108, "amount": 98.0, "side": "buy", "timestamp": 1765583404843}, {"id": "529253766", "price": 13.109, "amount": 58.0, "side": "buy", "timestamp": 1765583404852}, {"id": "529253767", "price": 13.108, "amount": 4.0, "side": "sell", "timestamp": 1765583404976}, {"id": "529253768", "price": 13.108, "amount": 3.0, "side": "sell", "timestamp": 1765583405080}, {"id": "529253769", "price": 13.109, "amount": 200.0, "side": "buy", "timestamp": 1765583405519}, {"id": "529253770", "price": 13.109, "amount": 5.0, "side": "buy", "timestamp": 1765583405663}, {"id": "529253771", "price": 13.108, "amount": 1.0, "side": "sell", "timestamp": 1765583406484}, {"id": "529253772", "price": 13.109, "amount": 4.0, "side": "buy", "timestamp": 1765583407091}, {"id": "529253773", "price": 13.109, "amount": 2.0, "side": "buy", "timestamp": 1765583408422}, {"id": "529253774", "price": 13.108, "amount": 2.0, "side": "sell", "timestamp": 1765583412815}, {"id": "529253775", "price": 13.109, "amount": 3.0, "side": "buy", "timestamp": 1765583413589}, {"id": "529253776", "price": 13.109, "amount": 1.0, "side": "buy", "timestamp": 1765583414018}, {"id": "529253777", "price": 13.109, "amount": 1.0, "side": "buy", "timestamp": 1765583416336}, {"id": "529253778", "price": 13.108, "amount": 28.0, "side": "sell", "timestamp": 1765583423157}, {"id": "529253779", "price": 13.108, "amount": 1.0, "side": "sell", "timestamp": 1765583423735}, {"id": "529253780", "price": 13.109, "amount": 4.0, "side": "buy", "timestamp": 1765583424070}, {"id": "529253781", "price": 13.109, "amount": 4.0, "side": "buy", "timestamp": 1765583425002}, {"id": "529253782", "price": 13.109, "amount": 1.0, "side": "buy", "timestamp": 1765583426693}, {"id": "529253783", "price": 13.108, "amount": 1.0, "side": "sell", "timestamp": 1765583426851}, {"id": "529253784", "price": 13.108, "amount": 34.0, "side": "buy", "timestamp": 1765583427892}, {"id": "529253785", "price": 13.108, "amount": 12.0, "side": "buy", "timestamp": 1765583428704}, {"id": "529253786", "price": 13.109, "amount": 50.0, "side": "buy", "timestamp": 1765583428704}, {"id": "529253787", "price": 13.108, "amount": 2.0, "side": "sell", "timestamp": 1765583430718}, {"id": "529253788", "price": 13.109, "amount": 1.0, "side": "buy", "timestamp": 1765583435065}, {"id": "529253789", "price": 13.108, "amount": 2.0, "side": "sell", "timestamp": 1765583436529}, {"id": "529253790", "price": 13.109, "amount": 23.0, "side": "buy", "timestamp": 1765583436612}, {"id": "529253791", "price": 13.109, "amount": 12.0, "side": "buy", "timestamp": 1765583436993}, {"id": "529253792", "price": 13.108, "amount": 1.0, "side": "sell", "timestamp": 1765583440083}, {"id": "529253793", "price": 13.108, "amount": 1.0, "side": "sell", "timestamp": 1765583441512}, {"id": "529253794", "price": 13.108, "amount": 1.0, "side": "sell", "timestamp": 1765583441727}, {"id": "529253795", "price": 13.109, "amount": 1.0, "side": "buy", "timestamp": 1765583445728}, {"id": "529253796", "price": 13.109, "amount": 1.0, "side": "buy", "timestamp": 1765583447961}, {"id": "529253797", "price": 13.108, "amount": 7.0, "side": "sell", "timestamp": 1765583451749}, {"id": "529253798", "price": 13.109, "amount": 4.0, "side": "buy", "timestamp": 1765583459478}, {"id": "529253799", "price": 13.108, "amount": 1.0, "side": "sell", "timestamp": 1765583459729}, {"id": "529253800", "price": 13.108, "amount": 1.0, "side": "sell", "timestamp": 1765583460528}, {"id": "529253801", "price": 13.109, "amount": 1.0, "side": "buy", "timestamp": 1765583461471}, {"id": "529253802", "price": 13.108, "amount": 1.0, "side": "sell", "timestamp": 1765583461723}, {"id": "529253803", "price": 13.109, "amount": 1.0, "side": "buy", "timestamp": 1765583462307}, {"id": "529253811", "price": 13.109, "amount": 2.0, "side": "buy", "timestamp": 1765583474200}, {"id": "529253812", "price": 13.109, "amount": 1878.0, "side": "buy", "timestamp": 1765583475755}, {"id": "529253813", "price": 13.11, "amount": 161.0, "side": "buy", "timestamp": 1765583475758}, {"id": "529253814", "price": 13.111, "amount": 205.0, "side": "buy", "timestamp": 1765583475761}, {"id": "529253815", "price": 13.112, "amount": 39.0, "side": "buy", "timestamp": 1765583475800}, {"id": "529253816", "price": 13.112, "amount": 10.0, "side": "buy", "timestamp": 1765583476065}, {"id": "529253817", "price": 13.111, "amount": 1.0, "side": "sell", "timestamp": 1765583476256}, {"id": "529253818", "price": 13.112, "amount": 122.0, "side": "buy", "timestamp": 1765583476813}, {"id": "529253819", "price": 13.113, "amount": 82.0, "side": "buy", "timestamp": 1765583476818}, {"id": "529253820", "price": 13.112, "amount": 1.0, "side": "sell", "timestamp": 1765583477612}, {"id": "529253821", "price": 13.113, "amount": 313.0, "side": "buy", "timestamp": 1765583478910}, {"id": "529253822", "price": 13.114, "amount": 6.0, "side": "buy", "timestamp": 1765583478914}, {"id": "529253823", "price": 13.115, "amount": 126.0, "side": "buy", "timestamp": 1765583479128}, {"id": "529253824", "price": 13.115, "amount": 2.0, "side": "sell", "timestamp": 1765583479139}, {"id": "529253825", "price": 13.116, "amount": 88.0, "side": "buy", "timestamp": 1765583479247}, {"id": "529253826", "price": 13.117, "amount": 9.0, "side": "buy", "timestamp": 1765583479252}, {"id": "529253827", "price": 13.116, "amount": 12.0, "side": "sell", "timestamp": 1765583479332}, {"id": "529253828", "price": 13.117, "amount": 1.0, "side": "buy", "timestamp": 1765583480481}, {"id": "529253829", "price": 13.116, "amount": 85.0, "side": "sell", "timestamp": 1765583481899}, {"id": "529253830", "price": 13.117, "amount": 44.0, "side": "buy", "timestamp": 1765583482892}, {"id": "529253831", "price": 13.117, "amount": 54.0, "side": "buy", "timestamp": 1765583483621}, {"id": "529253832", "price": 13.118, "amount": 319.0, "side": "buy", "timestamp": 1765583483656}, {"id": "529253833", "price": 13.118, "amount": 1.0, "side": "sell", "timestamp": 1765583483784}, {"id": "529253834", "price": 13.119, "amount": 321.0, "side": "buy", "timestamp": 1765583484070}, {"id": "529253835", "price": 13.12, "amount": 17.0, "side": "buy", "timestamp": 1765583484070}, {"id": "529253836", "price": 13.12, "amount": 218.0, "side": "buy", "timestamp": 1765583484403}, {"id": "529253837", "price": 13.121, "amount": 70.0, "side": "buy", "timestamp": 1765583484403}, {"id": "529253838", "price": 13.122, "amount": 8.0, "side": "buy", "timestamp": 1765583484403}, {"id": "529253839", "price": 13.121, "amount": 242.0, "side": "sell", "timestamp": 1765583485020}, {"id": "529253840", "price": 13.12, "amount": 435.0, "side": "sell", "timestamp": 1765583486780}, {"id": "529253841", "price": 13.119, "amount": 1.0, "side": "sell", "timestamp": 1765583486881}, {"id": "529253842", "price": 13.118, "amount": 4.0, "side": "sell", "timestamp": 1765583486932}, {"id": "529253843", "price": 13.118, "amount": 3.0, "side": "buy", "timestamp": 1765583487163}, {"id": "529253844", "price": 13.118, "amount": 1.0, "side": "buy", "timestamp": 1765583489126}, {"id": "529253845", "price": 13.117, "amount": 1.0, "side": "sell", "timestamp": 1765583489512}, {"id": "529253846", "price": 13.117, "amount": 3.0, "side": "sell", "timestamp": 1765583490862}, {"id": "529253847", "price": 13.117, "amount": 23.0, "side": "sell", "timestamp": 1765583491957}, {"id": "529253848", "price": 13.117, "amount": 1.0, "side": "sell", "timestamp": 1765583493169}, {"id": "529253849", "price": 13.118, "amount": 1.0, "side": "buy", "timestamp": 1765583495180}, {"id": "529253850", "price": 13.117, "amount": 1.0, "side": "sell", "timestamp": 1765583495744}, {"id": "529253851", "price": 13.117, "amount": 136.0, "side": "sell", "timestamp": 1765583497704}, {"id": "529253852", "price": 13.116, "amount": 115.0, "side": "sell", "timestamp": 1765583497734}, {"id": "529253853", "price": 13.116, "amount": 1.0, "side": "sell", "timestamp": 1765583497856}, {"id": "529253854", "price": 13.116, "amount": 1.0, "side": "sell", "timestamp": 1765583499047}, {"id": "529253855", "price": 13.116, "amount": 1.0, "side": "sell", "timestamp": 1765583503526}, {"id": "529253856", "price": 13.117, "amount": 531.0, "side": "buy", "timestamp": 1765583505320}, {"id": "529253857", "price": 13.116, "amount": 1.0, "side": "sell", "timestamp": 1765583505856}, {"id": "529253858", "price": 13.117, "amount": 1.0, "side": "buy", "timestamp": 1765583507668}, {"id": "529253859", "price": 13.116, "amount": 1.0, "side": "sell", "timestamp": 1765583510394}, {"id": "529253860", "price": 13.116, "amount": 7.0, "side": "sell", "timestamp": 1765583516417}, {"id": "529253850", "price": 13.117, "amount": 1.0, "side": "sell", "timestamp": 1765583495744}, {"id": "529253851", "price": 13.117, "amount": 136.0, "side": "sell", "timestamp": 1765583497704}, {"id": "529253852", "price": 13.116, "amount": 115.0, "side": "sell", "timestamp": 1765583497734}, {"id": "529253853", "price": 13.116, "amount": 1.0, "side": "sell", "timestamp": 1765583497856}, {"id": "529253854", "price": 13.116, "amount": 1.0, "side": "sell", "timestamp": 1765583499047}, {"id": "529253855", "price": 13.116, "amount": 1.0, "side": "sell", "timestamp": 1765583503526}, {"id": "529253856", "price": 13.117, "amount": 531.0, "side": "buy", "timestamp": 1765583505320}, {"id": "529253857", "price": 13.116, "amount": 1.0, "side": "sell", "timestamp": 1765583505856}, {"id": "529253858", "price": 13.117, "amount": 1.0, "side": "buy", "timestamp": 1765583507668}, {"id": "529253859", "price": 13.116, "amount": 1.0, "side": "sell", "timestamp": 1765583510394}, {"id": "529253860", "price": 13.116, "amount": 7.0, "side": "sell", "timestamp": 1765583516417}, {"id": "529253861", "price": 13.116, "amount": 534.0, "side": "sell", "timestamp": 1765583517225}, {"id": "529253862", "price": 13.115, "amount": 81.0, "side": "sell", "timestamp": 1765583517227}, {"id": "529253863", "price": 13.114, "amount": 8.0, "side": "sell", "timestamp": 1765583518024}, {"id": "529253864", "price": 13.114, "amount": 29.0, "side": "sell", "timestamp": 1765583520223}, {"id": "529253865", "price": 13.114, "amount": 1.0, "side": "buy", "timestamp": 1765583520271}, {"id": "529253866", "price": 13.114, "amount": 2.0, "side": "buy", "timestamp": 1765583521352}, {"id": "529253867", "price": 13.113, "amount": 3.0, "side": "sell", "timestamp": 1765583521802}, {"id": "529253868", "price": 13.114, "amount": 8.0, "side": "buy", "timestamp": 1765583522495}, {"id": "529253869", "price": 13.113, "amount": 1.0, "side": "sell", "timestamp": 1765583522609}, {"id": "529253870", "price": 13.113, "amount": 140.0, "side": "sell", "timestamp": 1765583523051}, {"id": "529253871", "price": 13.112, "amount": 1.0, "side": "sell", "timestamp": 1765583523850}, {"id": "529253872", "price": 13.112, "amount": 3.0, "side": "sell", "timestamp": 1765583524094}, {"id": "529253873", "price": 13.112, "amount": 2.0, "side": "sell", "timestamp": 1765583524515}, {"id": "529253874", "price": 13.112, "amount": 1.0, "side": "sell", "timestamp": 1765583524660}, {"id": "529253875", "price": 13.113, "amount": 1.0, "side": "buy", "timestamp": 1765583524861}, {"id": "529253876", "price": 13.112, "amount": 98.0, "side": "sell", "timestamp": 1765583525064}, {"id": "529253877", "price": 13.112, "amount": 1.0, "side": "buy", "timestamp": 1765583526387}, {"id": "529253878", "price": 13.111, "amount": 45.0, "side": "sell", "timestamp": 1765583527668}, {"id": "529253879", "price": 13.11, "amount": 7.0, "side": "sell", "timestamp": 1765583527734}, {"id": "529253880", "price": 13.109, "amount": 1.0, "side": "sell", "timestamp": 1765583531737}, {"id": "529253881", "price": 13.109, "amount": 1.0, "side": "sell", "timestamp": 1765583533536}, {"id": "529253882", "price": 13.109, "amount": 3.0, "side": "sell", "timestamp": 1765583535205}, {"id": "529253883", "price": 13.11, "amount": 1.0, "side": "buy", "timestamp": 1765583535409}, {"id": "529253884", "price": 13.109, "amount": 2.0, "side": "sell", "timestamp": 1765583535724}, {"id": "529253885", "price": 13.11, "amount": 7.0, "side": "buy", "timestamp": 1765583538616}, {"id": "529253886", "price": 13.109, "amount": 1.0, "side": "sell", "timestamp": 1765583543370}, {"id": "529253887", "price": 13.109, "amount": 322.0, "side": "sell", "timestamp": 1765583549785}, {"id": "529253888", "price": 13.109, "amount": 8.0, "side": "buy", "timestamp": 1765583550840}, {"id": "529253889", "price": 13.109, "amount": 44.0, "side": "buy", "timestamp": 1765583552892}, {"id": "529253890", "price": 13.108, "amount": 1.0, "side": "sell", "timestamp": 1765583554617}, {"id": "529253891", "price": 13.108, "amount": 1.0, "side": "sell", "timestamp": 1765583555602}, {"id": "529253892", "price": 13.108, "amount": 1.0, "side": "sell", "timestamp": 1765583558591}, {"id": "529253893", "price": 13.108, "amount": 2.0, "side": "sell", "timestamp": 1765583561207}, {"id": "529253894", "price": 13.108, "amount": 1.0, "side": "sell", "timestamp": 1765583562417}, {"id": "529253895", "price": 13.108, "amount": 7.0, "side": "sell", "timestamp": 1765583564169}, {"id": "529253896", "price": 13.108, "amount": 2.0, "side": "sell", "timestamp": 1765583565628}, {"id": "529253897", "price": 13.108, "amount": 1.0, "side": "sell", "timestamp": 1765583566024}, {"id": "529253898", "price": 13.108, "amount": 1.0, "side": "sell", "timestamp": 1765583566846}, {"id": "529253899", "price": 13.108, "amount": 1.0, "side": "sell", "timestamp": 1765583567732}, {"id": "529253871", "price": 13.112, "amount": 1.0, "side": "sell", "timestamp": 1765583523850}, {"id": "529253872", "price": 13.112, "amount": 3.0, "side": "sell", "timestamp": 1765583524094}, {"id": "529253873", "price": 13.112, "amount": 2.0, "side": "sell", "timestamp": 1765583524515}, {"id": "529253874", "price": 13.112, "amount": 1.0, "side": "sell", "timestamp": 1765583524660}, {"id": "529253875", "price": 13.113, "amount": 1.0, "side": "buy", "timestamp": 1765583524861}, {"id": "529253876", "price": 13.112, "amount": 98.0, "side": "sell", "timestamp": 1765583525064}, {"id": "529253877", "price": 13.112, "amount": 1.0, "side": "buy", "timestamp": 1765583526387}, {"id": "529253878", "price": 13.111, "amount": 45.0, "side": "sell", "timestamp": 1765583527668}, {"id": "529253879", "price": 13.11, "amount": 7.0, "side": "sell", "timestamp": 1765583527734}, {"id": "529253880", "price": 13.109, "amount": 1.0, "side": "sell", "timestamp": 1765583531737}, {"id": "529253881", "price": 13.109, "amount": 1.0, "side": "sell", "timestamp": 1765583533536}, {"id": "529253882", "price": 13.109, "amount": 3.0, "side": "sell", "timestamp": 1765583535205}, {"id": "529253883", "price": 13.11, "amount": 1.0, "side": "buy", "timestamp": 1765583535409}, {"id": "529253884", "price": 13.109, "amount": 2.0, "side": "sell", "timestamp": 1765583535724}, {"id": "529253885", "price": 13.11, "amount": 7.0, "side": "buy", "timestamp": 1765583538616}, {"id": "529253886", "price": 13.109, "amount": 1.0, "side": "sell", "timestamp": 1765583543370}, {"id": "529253887", "price": 13.109, "amount": 322.0, "side": "sell", "timestamp": 1765583549785}, {"id": "529253888", "price": 13.109, "amount": 8.0, "side": "buy", "timestamp": 1765583550840}, {"id": "529253889", "price": 13.109, "amount": 44.0, "side": "buy", "timestamp": 1765583552892}, {"id": "529253890", "price": 13.108, "amount": 1.0, "side": "sell", "timestamp": 1765583554617}, {"id": "529253891", "price": 13.108, "amount": 1.0, "side": "sell", "timestamp": 1765583555602}, {"id": "529253892", "price": 13.108, "amount": 1.0, "side": "sell", "timestamp": 1765583558591}, {"id": "529253893", "price": 13.108, "amount": 2.0, "side": "sell", "timestamp": 1765583561207}, {"id": "529253894", "price": 13.108, "amount": 1.0, "side": "sell", "timestamp": 1765583562417}, {"id": "529253895", "price": 13.108, "amount": 7.0, "side": "sell", "timestamp": 1765583564169}, {"id": "529253896", "price": 13.108, "amount": 2.0, "side": "sell", "timestamp": 1765583565628}, {"id": "529253897", "price": 13.108, "amount": 1.0, "side": "sell", "timestamp": 1765583566024}, {"id": "529253898", "price": 13.108, "amount": 1.0, "side": "sell", "timestamp": 1765583566846}, {"id": "529253899", "price": 13.108, "amount": 1.0, "side": "sell", "timestamp": 1765583567732}, {"id": "529253900", "price": 13.108, "amount": 96.0, "side": "sell", "timestamp": 1765583576542}, {"id": "529253901", "price": 13.108, "amount": 9.0, "side": "buy", "timestamp": 1765583576601}, {"id": "529253902", "price": 13.107, "amount": 1.0, "side": "sell", "timestamp": 1765583577767}, {"id": "529253903", "price": 13.108, "amount": 6.0, "side": "buy", "timestamp": 1765583581120}, {"id": "529253904", "price": 13.108, "amount": 1.0, "side": "buy", "timestamp": 1765583582412}, {"id": "529253905", "price": 13.108, "amount": 1.0, "side": "buy", "timestamp": 1765583583747}, {"id": "529253906", "price": 13.107, "amount": 3.0, "side": "sell", "timestamp": 1765583586104}, {"id": "529253907", "price": 13.107, "amount": 2.0, "side": "sell", "timestamp": 1765583586580}, {"id": "529253908", "price": 13.107, "amount": 1.0, "side": "sell", "timestamp": 1765583587069}, {"id": "529253909", "price": 13.108, "amount": 3.0, "side": "buy", "timestamp": 1765583587773}, {"id": "529253910", "price": 13.107, "amount": 2.0, "side": "sell", "timestamp": 1765583590958}, {"id": "529253911", "price": 13.107, "amount": 2.0, "side": "sell", "timestamp": 1765583599273}, {"id": "529253912", "price": 13.108, "amount": 3.0, "side": "buy", "timestamp": 1765583603619}, {"id": "529253913", "price": 13.107, "amount": 1.0, "side": "sell", "timestamp": 1765583603726}, {"id": "529253914", "price": 13.107, "amount": 5.0, "side": "sell", "timestamp": 1765583611477}, {"id": "529253915", "price": 13.107, "amount": 1.0, "side": "sell", "timestamp": 1765583612744}, {"id": "529253916", "price": 13.108, "amount": 14.0, "side": "buy", "timestamp": 1765583614852}, {"id": "529253917", "price": 13.107, "amount": 1.0, "side": "sell", "timestamp": 1765583620709}, {"id": "529253918", "price": 13.107, "amount": 8.0, "side": "sell", "timestamp": 1765583621510}, {"id": "529253919", "price": 13.108, "amount": 3.0, "side": "buy", "timestamp": 1765583621694}, {"id": "529253920", "price": 13.108, "amount": 28.0, "side": "buy", "timestamp": 1765583622892}, {"id": "529253904", "price": 13.108, "amount": 1.0, "side": "buy", "timestamp": 1765583582412}, {"id": "529253905", "price": 13.108, "amount": 1.0, "side": "buy", "timestamp": 1765583583747}, {"id": "529253906", "price": 13.107, "amount": 3.0, "side": "sell", "timestamp": 1765583586104}, {"id": "529253907", "price": 13.107, "amount": 2.0, "side": "sell", "timestamp": 1765583586580}, {"id": "529253908", "price": 13.107, "amount": 1.0, "side": "sell", "timestamp": 1765583587069}, {"id": "529253909", "price": 13.108, "amount": 3.0, "side": "buy", "timestamp": 1765583587773}, {"id": "529253910", "price": 13.107, "amount": 2.0, "side": "sell", "timestamp": 1765583590958}, {"id": "529253911", "price": 13.107, "amount": 2.0, "side": "sell", "timestamp": 1765583599273}, {"id": "529253912", "price": 13.108, "amount": 3.0, "side": "buy", "timestamp": 1765583603619}, {"id": "529253913", "price": 13.107, "amount": 1.0, "side": "sell", "timestamp": 1765583603726}, {"id": "529253914", "price": 13.107, "amount": 5.0, "side": "sell", "timestamp": 1765583611477}, {"id": "529253915", "price": 13.107, "amount": 1.0, "side": "sell", "timestamp": 1765583612744}, {"id": "529253916", "price": 13.108, "amount": 14.0, "side": "buy", "timestamp": 1765583614852}, {"id": "529253917", "price": 13.107, "amount": 1.0, "side": "sell", "timestamp": 1765583620709}, {"id": "529253918", "price": 13.107, "amount": 8.0, "side": "sell", "timestamp": 1765583621510}, {"id": "529253919", "price": 13.108, "amount": 3.0, "side": "buy", "timestamp": 1765583621694}, {"id": "529253920", "price": 13.108, "amount": 28.0, "side": "buy", "timestamp": 1765583622892}, {"id": "529253921", "price": 13.108, "amount": 4.0, "side": "buy", "timestamp": 1765583624460}, {"id": "529253922", "price": 13.108, "amount": 4.0, "side": "buy", "timestamp": 1765583625514}, {"id": "529253923", "price": 13.108, "amount": 4.0, "side": "buy", "timestamp": 1765583635149}, {"id": "529253924", "price": 13.107, "amount": 626.0, "side": "sell", "timestamp": 1765583635670}, {"id": "529253925", "price": 13.106, "amount": 10.0, "side": "sell", "timestamp": 1765583635676}, {"id": "529253926", "price": 13.105, "amount": 97.0, "side": "sell", "timestamp": 1765583635676}, {"id": "529253927", "price": 13.104, "amount": 108.0, "side": "sell", "timestamp": 1765583635679}, {"id": "529253928", "price": 13.105, "amount": 12.0, "side": "buy", "timestamp": 1765583635710}, {"id": "529253929", "price": 13.104, "amount": 1.0, "side": "sell", "timestamp": 1765583635818}, {"id": "529253930", "price": 13.104, "amount": 3.0, "side": "sell", "timestamp": 1765583636271}, {"id": "529253931", "price": 13.104, "amount": 8.0, "side": "sell", "timestamp": 1765583639349}, {"id": "529253932", "price": 13.103, "amount": 1.0, "side": "sell", "timestamp": 1765583639725}, {"id": "529253933", "price": 13.103, "amount": 173.0, "side": "sell", "timestamp": 1765583640361}, {"id": "529253934", "price": 13.102, "amount": 4.0, "side": "sell", "timestamp": 1765583640436}, {"id": "529253935", "price": 13.101, "amount": 3.0, "side": "sell", "timestamp": 1765583640926}, {"id": "529253936", "price": 13.102, "amount": 2.0, "side": "buy", "timestamp": 1765583641307}, {"id": "529253937", "price": 13.102, "amount": 3.0, "side": "buy", "timestamp": 1765583642825}, {"id": "529253938", "price": 13.101, "amount": 3.0, "side": "sell", "timestamp": 1765583649114}, {"id": "529253939", "price": 13.101, "amount": 2.0, "side": "sell", "timestamp": 1765583649496}, {"id": "529253940", "price": 13.101, "amount": 2.0, "side": "sell", "timestamp": 1765583649930}, {"id": "529253941", "price": 13.101, "amount": 1.0, "side": "sell", "timestamp": 1765583650403}, {"id": "529253942", "price": 13.101, "amount": 15.0, "side": "sell", "timestamp": 1765583653604}, {"id": "529253943", "price": 13.102, "amount": 4.0, "side": "buy", "timestamp": 1765583654488}, {"id": "529253944", "price": 13.101, "amount": 1.0, "side": "sell", "timestamp": 1765583660875}, {"id": "529253945", "price": 13.102, "amount": 1183.0, "side": "buy", "timestamp": 1765583662513}, {"id": "529253946", "price": 13.103, "amount": 7.0, "side": "buy", "timestamp": 1765583662532}, {"id": "529253947", "price": 13.104, "amount": 241.0, "side": "buy", "timestamp": 1765583662585}, {"id": "529253948", "price": 13.105, "amount": 242.0, "side": "buy", "timestamp": 1765583663596}, {"id": "529253949", "price": 13.105, "amount": 17.0, "side": "sell", "timestamp": 1765583664015}, {"id": "529253950", "price": 13.106, "amount": 10.0, "side": "buy", "timestamp": 1765583666214}, {"id": "529253951", "price": 13.106, "amount": 4.0, "side": "buy", "timestamp": 1765583671249}, {"id": "529253952", "price": 13.105, "amount": 34.0, "side": "sell", "timestamp": 1765583674615}, {"id": "529253953", "price": 13.104, "amount": 1.0, "side": "sell", "timestamp": 1765583675748}, {"id": "529253965", "price": 13.102, "amount": 3.0, "side": "sell", "timestamp": 1765583690915}, {"id": "529253966", "price": 13.103, "amount": 1.0, "side": "buy", "timestamp": 1765583692248}, {"id": "529253967", "price": 13.102, "amount": 1.0, "side": "sell", "timestamp": 1765583693256}, {"id": "529253968", "price": 13.103, "amount": 4.0, "side": "buy", "timestamp": 1765583695448}, {"id": "529253969", "price": 13.103, "amount": 108.0, "side": "buy", "timestamp": 1765583696113}, {"id": "529253970", "price": 13.104, "amount": 390.0, "side": "buy", "timestamp": 1765583696114}, {"id": "529253971", "price": 13.105, "amount": 570.0, "side": "buy", "timestamp": 1765583696114}, {"id": "529253972", "price": 13.106, "amount": 388.0, "side": "buy", "timestamp": 1765583696133}, {"id": "529253973", "price": 13.105, "amount": 1.0, "side": "buy", "timestamp": 1765583696144}, {"id": "529253974", "price": 13.106, "amount": 228.0, "side": "buy", "timestamp": 1765583696156}, {"id": "529253975", "price": 13.107, "amount": 90.0, "side": "buy", "timestamp": 1765583696175}, {"id": "529253976", "price": 13.108, "amount": 282.0, "side": "buy", "timestamp": 1765583696221}, {"id": "529253977", "price": 13.108, "amount": 13.0, "side": "sell", "timestamp": 1765583696347}, {"id": "529253978", "price": 13.109, "amount": 36.0, "side": "buy", "timestamp": 1765583696402}, {"id": "529253979", "price": 13.108, "amount": 320.0, "side": "sell", "timestamp": 1765583696423}, {"id": "529253980", "price": 13.107, "amount": 225.0, "side": "sell", "timestamp": 1765583696485}, {"id": "529253981", "price": 13.106, "amount": 1.0, "side": "sell", "timestamp": 1765583696732}, {"id": "529253982", "price": 13.105, "amount": 91.0, "side": "sell", "timestamp": 1765583700487}, {"id": "529253983", "price": 13.105, "amount": 2.0, "side": "buy", "timestamp": 1765583701389}, {"id": "529253984", "price": 13.105, "amount": 2.0, "side": "buy", "timestamp": 1765583701600}, {"id": "529253985", "price": 13.105, "amount": 86.0, "side": "buy", "timestamp": 1765583702212}, {"id": "529253986", "price": 13.106, "amount": 265.0, "side": "buy", "timestamp": 1765583702212}, {"id": "529253987", "price": 13.106, "amount": 102.0, "side": "buy", "timestamp": 1765583702314}, {"id": "529253988", "price": 13.106, "amount": 103.0, "side": "buy", "timestamp": 1765583702500}, {"id": "529253989", "price": 13.106, "amount": 83.0, "side": "buy", "timestamp": 1765583702992}, {"id": "529253990", "price": 13.107, "amount": 16.0, "side": "buy", "timestamp": 1765583702992}, {"id": "529253991", "price": 13.108, "amount": 151.0, "side": "buy", "timestamp": 1765583703028}, {"id": "529253992", "price": 13.109, "amount": 200.0, "side": "buy", "timestamp": 1765583703088}, {"id": "529253993", "price": 13.109, "amount": 5.0, "side": "buy", "timestamp": 1765583703430}, {"id": "529253994", "price": 13.109, "amount": 351.0, "side": "buy", "timestamp": 1765583703835}, {"id": "529253995", "price": 13.108, "amount": 1.0, "side": "sell", "timestamp": 1765583704263}, {"id": "529253996", "price": 13.109, "amount": 5.0, "side": "buy", "timestamp": 1765583704283}, {"id": "529253997", "price": 13.109, "amount": 351.0, "side": "buy", "timestamp": 1765583704638}, {"id": "529253998", "price": 13.108, "amount": 1.0, "side": "sell", "timestamp": 1765583704791}, {"id": "529253999", "price": 13.108, "amount": 3.0, "side": "sell", "timestamp": 1765583705075}, {"id": "529254000", "price": 13.109, "amount": 5.0, "side": "buy", "timestamp": 1765583705118}, {"id": "529254001", "price": 13.109, "amount": 200.0, "side": "buy", "timestamp": 1765583705497}, {"id": "529254002", "price": 13.108, "amount": 2.0, "side": "sell", "timestamp": 1765583705596}, {"id": "529254003", "price": 13.109, "amount": 5.0, "side": "buy", "timestamp": 1765583705937}, {"id": "529254004", "price": 13.108, "amount": 1.0, "side": "sell", "timestamp": 1765583709433}, {"id": "529254005", "price": 13.108, "amount": 7.0, "side": "sell", "timestamp": 1765583709908}, {"id": "529254006", "price": 13.108, "amount": 1.0, "side": "sell", "timestamp": 1765583711743}, {"id": "529254007", "price": 13.108, "amount": 4.0, "side": "sell", "timestamp": 1765583713408}, {"id": "529254008", "price": 13.109, "amount": 14.0, "side": "buy", "timestamp": 1765583714819}, {"id": "529254009", "price": 13.109, "amount": 4.0, "side": "buy", "timestamp": 1765583717724}, {"id": "529254010", "price": 13.108, "amount": 1.0, "side": "sell", "timestamp": 1765583719453}, {"id": "529254011", "price": 13.108, "amount": 1.0, "side": "sell", "timestamp": 1765583720555}, {"id": "529254012", "price": 13.109, "amount": 4.0, "side": "buy", "timestamp": 1765583726290}, {"id": "529254013", "price": 13.109, "amount": 4.0, "side": "buy", "timestamp": 1765583726561}, {"id": "529254014", "price": 13.108, "amount": 171.0, "side": "sell", "timestamp": 1765583729020}, {"id": "529254012", "price": 13.109, "amount": 4.0, "side": "buy", "timestamp": 1765583726290}, {"id": "529254013", "price": 13.109, "amount": 4.0, "side": "buy", "timestamp": 1765583726561}, {"id": "529254014", "price": 13.108, "amount": 171.0, "side": "sell", "timestamp": 1765583729020}, {"id": "529254015", "price": 13.108, "amount": 3.0, "side": "sell", "timestamp": 1765583729903}, {"id": "529254016", "price": 13.109, "amount": 3.0, "side": "buy", "timestamp": 1765583730080}, {"id": "529254017", "price": 13.109, "amount": 4.0, "side": "buy", "timestamp": 1765583730403}, {"id": "529254018", "price": 13.108, "amount": 5.0, "side": "sell", "timestamp": 1765583730808}, {"id": "529254019", "price": 13.108, "amount": 3.0, "side": "sell", "timestamp": 1765583731022}, {"id": "529254020", "price": 13.108, "amount": 85.0, "side": "sell", "timestamp": 1765583732558}, {"id": "529254021", "price": 13.108, "amount": 68.0, "side": "sell", "timestamp": 1765583732674}, {"id": "529254022", "price": 13.107, "amount": 1.0, "side": "sell", "timestamp": 1765583737874}, {"id": "529254023", "price": 13.108, "amount": 3.0, "side": "buy", "timestamp": 1765583739323}, {"id": "529254024", "price": 13.107, "amount": 1.0, "side": "sell", "timestamp": 1765583741832}, {"id": "529254025", "price": 13.107, "amount": 4.0, "side": "sell", "timestamp": 1765583743591}, {"id": "529254026", "price": 13.108, "amount": 1.0, "side": "buy", "timestamp": 1765583743600}, {"id": "529254027", "price": 13.107, "amount": 1.0, "side": "sell", "timestamp": 1765583744861}, {"id": "529254028", "price": 13.107, "amount": 1.0, "side": "sell", "timestamp": 1765583747749}, {"id": "529254029", "price": 13.108, "amount": 26.0, "side": "buy", "timestamp": 1765583747892}, {"id": "529254030", "price": 13.107, "amount": 4.0, "side": "sell", "timestamp": 1765583748115}, {"id": "529254031", "price": 13.108, "amount": 1.0, "side": "buy", "timestamp": 1765583748962}, {"id": "529254032", "price": 13.107, "amount": 1.0, "side": "sell", "timestamp": 1765583749421}, {"id": "529254033", "price": 13.108, "amount": 3.0, "side": "buy", "timestamp": 1765583750253}, {"id": "529254034", "price": 13.107, "amount": 61.0, "side": "sell", "timestamp": 1765583751892}, {"id": "529254035", "price": 13.107, "amount": 1.0, "side": "sell", "timestamp": 1765583752981}, {"id": "529254036", "price": 13.107, "amount": 1.0, "side": "sell", "timestamp": 1765583753650}, {"id": "529254037", "price": 13.107, "amount": 1.0, "side": "sell", "timestamp": 1765583753965}, {"id": "529254038", "price": 13.107, "amount": 6.0, "side": "sell", "timestamp": 1765583755715}, {"id": "529254039", "price": 13.107, "amount": 90.0, "side": "sell", "timestamp": 1765583757699}, {"id": "529254040", "price": 13.107, "amount": 2.0, "side": "sell", "timestamp": 1765583761164}, {"id": "529254041", "price": 13.108, "amount": 2.0, "side": "buy", "timestamp": 1765583761452}, {"id": "529254042", "price": 13.107, "amount": 2.0, "side": "sell", "timestamp": 1765583761585}, {"id": "529254043", "price": 13.107, "amount": 2.0, "side": "sell", "timestamp": 1765583763661}, {"id": "529254044", "price": 13.108, "amount": 2.0, "side": "buy", "timestamp": 1765583765867}, {"id": "529254045", "price": 13.107, "amount": 1.0, "side": "sell", "timestamp": 1765583766848}, {"id": "529254046", "price": 13.107, "amount": 4.0, "side": "sell", "timestamp": 1765583767040}, {"id": "529254047", "price": 13.107, "amount": 1.0, "side": "sell", "timestamp": 1765583767602}, {"id": "529254048", "price": 13.107, "amount": 1.0, "side": "sell", "timestamp": 1765583767725}, {"id": "529254049", "price": 13.107, "amount": 33.0, "side": "sell", "timestamp": 1765583768277}, {"id": "529254050", "price": 13.107, "amount": 1.0, "side": "sell", "timestamp": 1765583768882}, {"id": "529254051", "price": 13.108, "amount": 35.0, "side": "buy", "timestamp": 1765583769686}, {"id": "529254052", "price": 13.108, "amount": 1.0, "side": "buy", "timestamp": 1765583770744}, {"id": "529254053", "price": 13.108, "amount": 1.0, "side": "buy", "timestamp": 1765583771878}, {"id": "529254054", "price": 13.107, "amount": 272.0, "side": "sell", "timestamp": 1765583775391}, {"id": "529254055", "price": 13.106, "amount": 3.0, "side": "sell", "timestamp": 1765583775518}, {"id": "529254056", "price": 13.105, "amount": 1.0, "side": "sell", "timestamp": 1765583779474}, {"id": "529254057", "price": 13.106, "amount": 10.0, "side": "buy", "timestamp": 1765583779604}, {"id": "529254058", "price": 13.105, "amount": 3.0, "side": "sell", "timestamp": 1765583780091}, {"id": "529254059", "price": 13.105, "amount": 1.0, "side": "buy", "timestamp": 1765583782082}, {"id": "529254060", "price": 13.105, "amount": 1.0, "side": "buy", "timestamp": 1765583782321}, {"id": "529254061", "price": 13.104, "amount": 9.0, "side": "sell", "timestamp": 1765583782740}, {"id": "529254073", "price": 13.103, "amount": 1.0, "side": "sell", "timestamp": 1765583796413}, {"id": "529254074", "price": 13.104, "amount": 4.0, "side": "buy", "timestamp": 1765583800750}, {"id": "529254075", "price": 13.103, "amount": 1.0, "side": "sell", "timestamp": 1765583800903}, {"id": "529254076", "price": 13.104, "amount": 5.0, "side": "sell", "timestamp": 1765583801708}, {"id": "529254077", "price": 13.104, "amount": 1.0, "side": "buy", "timestamp": 1765583803560}, {"id": "529254078", "price": 13.104, "amount": 575.0, "side": "buy", "timestamp": 1765583804418}, {"id": "529254079", "price": 13.104, "amount": 1.0, "side": "sell", "timestamp": 1765583804536}, {"id": "529254080", "price": 13.104, "amount": 25.0, "side": "sell", "timestamp": 1765583808588}, {"id": "529254081", "price": 13.105, "amount": 1.0, "side": "buy", "timestamp": 1765583809756}, {"id": "529254082", "price": 13.105, "amount": 7.0, "side": "buy", "timestamp": 1765583810154}, {"id": "529254083", "price": 13.105, "amount": 4.0, "side": "buy", "timestamp": 1765583812318}, {"id": "529254084", "price": 13.105, "amount": 1.0, "side": "buy", "timestamp": 1765583814332}, {"id": "529254085", "price": 13.104, "amount": 1.0, "side": "sell", "timestamp": 1765583815984}, {"id": "529254086", "price": 13.104, "amount": 9.0, "side": "sell", "timestamp": 1765583816564}, {"id": "529254087", "price": 13.104, "amount": 1.0, "side": "sell", "timestamp": 1765583816821}, {"id": "529254088", "price": 13.104, "amount": 1.0, "side": "sell", "timestamp": 1765583817541}, {"id": "529254089", "price": 13.104, "amount": 1.0, "side": "sell", "timestamp": 1765583819737}, {"id": "529254090", "price": 13.104, "amount": 36.0, "side": "sell", "timestamp": 1765583820217}, {"id": "529254091", "price": 13.103, "amount": 11.0, "side": "sell", "timestamp": 1765583820220}, {"id": "529254092", "price": 13.102, "amount": 17.0, "side": "sell", "timestamp": 1765583820488}, {"id": "529254093", "price": 13.101, "amount": 11.0, "side": "sell", "timestamp": 1765583820632}, {"id": "529254094", "price": 13.101, "amount": 1.0, "side": "buy", "timestamp": 1765583821061}, {"id": "529254095", "price": 13.101, "amount": 2.0, "side": "buy", "timestamp": 1765583821645}, {"id": "529254096", "price": 13.1, "amount": 2.0, "side": "sell", "timestamp": 1765583823395}, {"id": "529254097", "price": 13.1, "amount": 2.0, "side": "sell", "timestamp": 1765583824131}, {"id": "529254098", "price": 13.1, "amount": 1.0, "side": "sell", "timestamp": 1765583824253}, {"id": "529254099", "price": 13.101, "amount": 37.0, "side": "buy", "timestamp": 1765583824345}, {"id": "529254100", "price": 13.1, "amount": 2.0, "side": "sell", "timestamp": 1765583824549}, {"id": "529254101", "price": 13.1, "amount": 1.0, "side": "sell", "timestamp": 1765583824855}, {"id": "529254102", "price": 13.101, "amount": 441.0, "side": "buy", "timestamp": 1765583825015}, {"id": "529254103", "price": 13.102, "amount": 469.0, "side": "buy", "timestamp": 1765583825015}, {"id": "529254104", "price": 13.103, "amount": 459.0, "side": "buy", "timestamp": 1765583825023}, {"id": "529254105", "price": 13.103, "amount": 684.0, "side": "sell", "timestamp": 1765583825058}, {"id": "529254106", "price": 13.102, "amount": 215.0, "side": "sell", "timestamp": 1765583825058}, {"id": "529254107", "price": 13.101, "amount": 151.0, "side": "sell", "timestamp": 1765583825058}, {"id": "529254108", "price": 13.102, "amount": 1.0, "side": "sell", "timestamp": 1765583825115}, {"id": "529254109", "price": 13.102, "amount": 2.0, "side": "sell", "timestamp": 1765583825391}, {"id": "529254110", "price": 13.101, "amount": 31.0, "side": "sell", "timestamp": 1765583826001}, {"id": "529254111", "price": 13.101, "amount": 6.0, "side": "sell", "timestamp": 1765583826106}, {"id": "529254112", "price": 13.102, "amount": 1.0, "side": "buy", "timestamp": 1765583826419}, {"id": "529254113", "price": 13.101, "amount": 1.0, "side": "sell", "timestamp": 1765583832033}, {"id": "529254114", "price": 13.102, "amount": 46.0, "side": "sell", "timestamp": 1765583832638}, {"id": "529254115", "price": 13.101, "amount": 52.0, "side": "sell", "timestamp": 1765583832638}, {"id": "529254116", "price": 13.102, "amount": 2.0, "side": "buy", "timestamp": 1765583833667}, {"id": "529254117", "price": 13.101, "amount": 4.0, "side": "sell", "timestamp": 1765583833733}, {"id": "529254118", "price": 13.102, "amount": 1.0, "side": "buy", "timestamp": 1765583834261}, {"id": "529254119", "price": 13.101, "amount": 2.0, "side": "sell", "timestamp": 1765583835172}, {"id": "529254120", "price": 13.101, "amount": 5.0, "side": "sell", "timestamp": 1765583835338}, {"id": "529254121", "price": 13.101, "amount": 2.0, "side": "sell", "timestamp": 1765583835685}, {"id": "529254122", "price": 13.101, "amount": 2.0, "side": "sell", "timestamp": 1765583836353}, {"id": "529254103", "price": 13.102, "amount": 469.0, "side": "buy", "timestamp": 1765583825015}, {"id": "529254104", "price": 13.103, "amount": 459.0, "side": "buy", "timestamp": 1765583825023}, {"id": "529254105", "price": 13.103, "amount": 684.0, "side": "sell", "timestamp": 1765583825058}, {"id": "529254106", "price": 13.102, "amount": 215.0, "side": "sell", "timestamp": 1765583825058}, {"id": "529254107", "price": 13.101, "amount": 151.0, "side": "sell", "timestamp": 1765583825058}, {"id": "529254108", "price": 13.102, "amount": 1.0, "side": "sell", "timestamp": 1765583825115}, {"id": "529254109", "price": 13.102, "amount": 2.0, "side": "sell", "timestamp": 1765583825391}, {"id": "529254110", "price": 13.101, "amount": 31.0, "side": "sell", "timestamp": 1765583826001}, {"id": "529254111", "price": 13.101, "amount": 6.0, "side": "sell", "timestamp": 1765583826106}, {"id": "529254112", "price": 13.102, "amount": 1.0, "side": "buy", "timestamp": 1765583826419}, {"id": "529254113", "price": 13.101, "amount": 1.0, "side": "sell", "timestamp": 1765583832033}, {"id": "529254114", "price": 13.102, "amount": 46.0, "side": "sell", "timestamp": 1765583832638}, {"id": "529254115", "price": 13.101, "amount": 52.0, "side": "sell", "timestamp": 1765583832638}, {"id": "529254116", "price": 13.102, "amount": 2.0, "side": "buy", "timestamp": 1765583833667}, {"id": "529254117", "price": 13.101, "amount": 4.0, "side": "sell", "timestamp": 1765583833733}, {"id": "529254118", "price": 13.102, "amount": 1.0, "side": "buy", "timestamp": 1765583834261}, {"id": "529254119", "price": 13.101, "amount": 2.0, "side": "sell", "timestamp": 1765583835172}, {"id": "529254120", "price": 13.101, "amount": 5.0, "side": "sell", "timestamp": 1765583835338}, {"id": "529254121", "price": 13.101, "amount": 2.0, "side": "sell", "timestamp": 1765583835685}, {"id": "529254122", "price": 13.101, "amount": 2.0, "side": "sell", "timestamp": 1765583836353}, {"id": "529254123", "price": 13.101, "amount": 1.0, "side": "sell", "timestamp": 1765583840320}, {"id": "529254124", "price": 13.101, "amount": 612.0, "side": "sell", "timestamp": 1765583843347}, {"id": "529254125", "price": 13.1, "amount": 862.0, "side": "sell", "timestamp": 1765583843347}, {"id": "529254126", "price": 13.099, "amount": 427.0, "side": "sell", "timestamp": 1765583843347}, {"id": "529254127", "price": 13.099, "amount": 2.0, "side": "buy", "timestamp": 1765583843351}, {"id": "529254128", "price": 13.101, "amount": 233.0, "side": "buy", "timestamp": 1765583844396}, {"id": "529254129", "price": 13.101, "amount": 1.0, "side": "sell", "timestamp": 1765583844437}, {"id": "529254130", "price": 13.101, "amount": 1.0, "side": "sell", "timestamp": 1765583847814}, {"id": "529254131", "price": 13.102, "amount": 4.0, "side": "buy", "timestamp": 1765583849420}, {"id": "529254132", "price": 13.102, "amount": 377.0, "side": "buy", "timestamp": 1765583850522}, {"id": "529254133", "price": 13.103, "amount": 1.0, "side": "buy", "timestamp": 1765583855186}, {"id": "529254134", "price": 13.102, "amount": 1.0, "side": "sell", "timestamp": 1765583855739}, {"id": "529254135", "price": 13.102, "amount": 1.0, "side": "sell", "timestamp": 1765583856153}, {"id": "529254136", "price": 13.102, "amount": 1.0, "side": "sell", "timestamp": 1765583857653}, {"id": "529254137", "price": 13.102, "amount": 1.0, "side": "sell", "timestamp": 1765583866225}, {"id": "529254138", "price": 13.102, "amount": 1.0, "side": "sell", "timestamp": 1765583866888}, {"id": "529254139", "price": 13.102, "amount": 140.0, "side": "sell", "timestamp": 1765583869214}, {"id": "529254140", "price": 13.103, "amount": 47.0, "side": "buy", "timestamp": 1765583872892}, {"id": "529254141", "price": 13.102, "amount": 18.0, "side": "sell", "timestamp": 1765583876353}, {"id": "529254142", "price": 13.102, "amount": 658.0, "side": "sell", "timestamp": 1765583876473}, {"id": "529254143", "price": 13.101, "amount": 2.0, "side": "sell", "timestamp": 1765583877118}, {"id": "529254144", "price": 13.101, "amount": 2.0, "side": "sell", "timestamp": 1765583877534}, {"id": "529254145", "price": 13.101, "amount": 2.0, "side": "sell", "timestamp": 1765583879524}, {"id": "529254146", "price": 13.102, "amount": 2.0, "side": "buy", "timestamp": 1765583881230}, {"id": "529254147", "price": 13.102, "amount": 293.0, "side": "buy", "timestamp": 1765583882507}, {"id": "529254148", "price": 13.102, "amount": 1.0, "side": "sell", "timestamp": 1765583885926}, {"id": "529254149", "price": 13.102, "amount": 1.0, "side": "sell", "timestamp": 1765583886131}, {"id": "529254150", "price": 13.102, "amount": 1.0, "side": "sell", "timestamp": 1765583886543}, {"id": "529254151", "price": 13.102, "amount": 1.0, "side": "sell", "timestamp": 1765583888240}, {"id": "529254152", "price": 13.102, "amount": 1.0, "side": "sell", "timestamp": 1765583889604}, {"id": "529254135", "price": 13.102, "amount": 1.0, "side": "sell", "timestamp": 1765583856153}, {"id": "529254136", "price": 13.102, "amount": 1.0, "side": "sell", "timestamp": 1765583857653}, {"id": "529254137", "price": 13.102, "amount": 1.0, "side": "sell", "timestamp": 1765583866225}, {"id": "529254138", "price": 13.102, "amount": 1.0, "side": "sell", "timestamp": 1765583866888}, {"id": "529254139", "price": 13.102, "amount": 140.0, "side": "sell", "timestamp": 1765583869214}, {"id": "529254140", "price": 13.103, "amount": 47.0, "side": "buy", "timestamp": 1765583872892}, {"id": "529254141", "price": 13.102, "amount": 18.0, "side": "sell", "timestamp": 1765583876353}, {"id": "529254142", "price": 13.102, "amount": 658.0, "side": "sell", "timestamp": 1765583876473}, {"id": "529254143", "price": 13.101, "amount": 2.0, "side": "sell", "timestamp": 1765583877118}, {"id": "529254144", "price": 13.101, "amount": 2.0, "side": "sell", "timestamp": 1765583877534}, {"id": "529254145", "price": 13.101, "amount": 2.0, "side": "sell", "timestamp": 1765583879524}, {"id": "529254146", "price": 13.102, "amount": 2.0, "side": "buy", "timestamp": 1765583881230}, {"id": "529254147", "price": 13.102, "amount": 293.0, "side": "buy", "timestamp": 1765583882507}, {"id": "529254148", "price": 13.102, "amount": 1.0, "side": "sell", "timestamp": 1765583885926}, {"id": "529254149", "price": 13.102, "amount": 1.0, "side": "sell", "timestamp": 1765583886131}, {"id": "529254150", "price": 13.102, "amount": 1.0, "side": "sell", "timestamp": 1765583886543}, {"id": "529254151", "price": 13.102, "amount": 1.0, "side": "sell", "timestamp": 1765583888240}, {"id": "529254152", "price": 13.102, "amount": 1.0, "side": "sell", "timestamp": 1765583889604}, {"id": "529254153", "price": 13.102, "amount": 2.0, "side": "sell", "timestamp": 1765583891729}, {"id": "529254154", "price": 13.102, "amount": 1.0, "side": "sell", "timestamp": 1765583895731}, {"id": "529254155", "price": 13.103, "amount": 1.0, "side": "buy", "timestamp": 1765583896602}, {"id": "529254156", "price": 13.102, "amount": 621.0, "side": "sell", "timestamp": 1765583897217}, {"id": "529254157", "price": 13.102, "amount": 1.0, "side": "sell", "timestamp": 1765583897717}, {"id": "529254158", "price": 13.102, "amount": 1.0, "side": "sell", "timestamp": 1765583898309}, {"id": "529254159", "price": 13.102, "amount": 1.0, "side": "sell", "timestamp": 1765583898500}, {"id": "529254160", "price": 13.102, "amount": 1.0, "side": "sell", "timestamp": 1765583898693}, {"id": "529254161", "price": 13.102, "amount": 49.0, "side": "sell", "timestamp": 1765583902580}, {"id": "529254162", "price": 13.102, "amount": 45.0, "side": "buy", "timestamp": 1765583903153}, {"id": "529254163", "price": 13.101, "amount": 1.0, "side": "sell", "timestamp": 1765583906809}, {"id": "529254164", "price": 13.101, "amount": 191.0, "side": "sell", "timestamp": 1765583909459}, {"id": "529254165", "price": 13.1, "amount": 1.0, "side": "sell", "timestamp": 1765583910193}, {"id": "529254166", "price": 13.1, "amount": 1.0, "side": "sell", "timestamp": 1765583912044}, {"id": "529254167", "price": 13.1, "amount": 7.0, "side": "sell", "timestamp": 1765583913569}, {"id": "529254168", "price": 13.1, "amount": 26.0, "side": "sell", "timestamp": 1765583914263}, {"id": "529254169", "price": 13.099, "amount": 12.0, "side": "sell", "timestamp": 1765583914603}, {"id": "529254170", "price": 13.098, "amount": 13.0, "side": "sell", "timestamp": 1765583914603}, {"id": "529254171", "price": 13.098, "amount": 15.0, "side": "sell", "timestamp": 1765583915605}, {"id": "529254172", "price": 13.098, "amount": 1.0, "side": "sell", "timestamp": 1765583917337}, {"id": "529254173", "price": 13.098, "amount": 2.0, "side": "sell", "timestamp": 1765583918738}, {"id": "529254174", "price": 13.099, "amount": 40.0, "side": "buy", "timestamp": 1765583919408}, {"id": "529254175", "price": 13.098, "amount": 76.0, "side": "sell", "timestamp": 1765583919723}, {"id": "529254176", "price": 13.098, "amount": 1.0, "side": "sell", "timestamp": 1765583927728}, {"id": "529254177", "price": 13.098, "amount": 1.0, "side": "sell", "timestamp": 1765583930535}, {"id": "529254178", "price": 13.098, "amount": 854.0, "side": "sell", "timestamp": 1765583931492}, {"id": "529254179", "price": 13.097, "amount": 646.0, "side": "sell", "timestamp": 1765583931492}, {"id": "529254180", "price": 13.097, "amount": 3.0, "side": "sell", "timestamp": 1765583932183}, {"id": "529254181", "price": 13.098, "amount": 634.0, "side": "buy", "timestamp": 1765583938482}, {"id": "529254182", "price": 13.098, "amount": 15.0, "side": "sell", "timestamp": 1765583939427}, {"id": "529254183", "price": 13.099, "amount": 1.0, "side": "buy", "timestamp": 1765583941190}, {"id": "529254184", "price": 13.099, "amount": 21.0, "side": "buy", "timestamp": 1765583942893}, {"id": "529254169", "price": 13.099, "amount": 12.0, "side": "sell", "timestamp": 1765583914603}, {"id": "529254170", "price": 13.098, "amount": 13.0, "side": "sell", "timestamp": 1765583914603}, {"id": "529254171", "price": 13.098, "amount": 15.0, "side": "sell", "timestamp": 1765583915605}, {"id": "529254172", "price": 13.098, "amount": 1.0, "side": "sell", "timestamp": 1765583917337}, {"id": "529254173", "price": 13.098, "amount": 2.0, "side": "sell", "timestamp": 1765583918738}, {"id": "529254174", "price": 13.099, "amount": 40.0, "side": "buy", "timestamp": 1765583919408}, {"id": "529254175", "price": 13.098, "amount": 76.0, "side": "sell", "timestamp": 1765583919723}, {"id": "529254176", "price": 13.098, "amount": 1.0, "side": "sell", "timestamp": 1765583927728}, {"id": "529254177", "price": 13.098, "amount": 1.0, "side": "sell", "timestamp": 1765583930535}, {"id": "529254178", "price": 13.098, "amount": 854.0, "side": "sell", "timestamp": 1765583931492}, {"id": "529254179", "price": 13.097, "amount": 646.0, "side": "sell", "timestamp": 1765583931492}, {"id": "529254180", "price": 13.097, "amount": 3.0, "side": "sell", "timestamp": 1765583932183}, {"id": "529254181", "price": 13.098, "amount": 634.0, "side": "buy", "timestamp": 1765583938482}, {"id": "529254182", "price": 13.098, "amount": 15.0, "side": "sell", "timestamp": 1765583939427}, {"id": "529254183", "price": 13.099, "amount": 1.0, "side": "buy", "timestamp": 1765583941190}, {"id": "529254184", "price": 13.099, "amount": 21.0, "side": "buy", "timestamp": 1765583942893}, {"id": "529254185", "price": 13.098, "amount": 3.0, "side": "sell", "timestamp": 1765583946690}, {"id": "529254186", "price": 13.099, "amount": 2.0, "side": "buy", "timestamp": 1765583952667}, {"id": "529254187", "price": 13.099, "amount": 14.0, "side": "buy", "timestamp": 1765583952790}, {"id": "529254188", "price": 13.098, "amount": 39.0, "side": "sell", "timestamp": 1765583952899}, {"id": "529254189", "price": 13.098, "amount": 323.0, "side": "sell", "timestamp": 1765583953620}, {"id": "529254190", "price": 13.098, "amount": 1.0, "side": "sell", "timestamp": 1765583954772}, {"id": "529254191", "price": 13.098, "amount": 3.0, "side": "sell", "timestamp": 1765583955128}, {"id": "529254192", "price": 13.099, "amount": 1.0, "side": "buy", "timestamp": 1765583958170}, {"id": "529254193", "price": 13.098, "amount": 45.0, "side": "sell", "timestamp": 1765583959896}, {"id": "529254194", "price": 13.099, "amount": 435.0, "side": "buy", "timestamp": 1765583962405}, {"id": "529254195", "price": 13.1, "amount": 2.0, "side": "buy", "timestamp": 1765583962650}, {"id": "529254196", "price": 13.099, "amount": 1.0, "side": "sell", "timestamp": 1765583963451}, {"id": "529254197", "price": 13.099, "amount": 1.0, "side": "sell", "timestamp": 1765583963740}, {"id": "529254198", "price": 13.099, "amount": 1.0, "side": "sell", "timestamp": 1765583965390}, {"id": "529254199", "price": 13.099, "amount": 1.0, "side": "sell", "timestamp": 1765583968340}, {"id": "529254200", "price": 13.099, "amount": 87.0, "side": "sell", "timestamp": 1765583968699}, {"id": "529254201", "price": 13.098, "amount": 5.0, "side": "sell", "timestamp": 1765583970915}, {"id": "529254202", "price": 13.099, "amount": 1.0, "side": "buy", "timestamp": 1765583971885}, {"id": "529254203", "price": 13.098, "amount": 1.0, "side": "sell", "timestamp": 1765583974229}, {"id": "529254204", "price": 13.099, "amount": 46.0, "side": "sell", "timestamp": 1765583975519}, {"id": "529254205", "price": 13.098, "amount": 236.0, "side": "sell", "timestamp": 1765583975519}, {"id": "529254206", "price": 13.099, "amount": 53.0, "side": "buy", "timestamp": 1765583977892}, {"id": "529254207", "price": 13.098, "amount": 50.0, "side": "sell", "timestamp": 1765583981078}, {"id": "529254208", "price": 13.099, "amount": 4.0, "side": "buy", "timestamp": 1765583982612}, {"id": "529254209", "price": 13.099, "amount": 1.0, "side": "buy", "timestamp": 1765583985230}, {"id": "529254210", "price": 13.099, "amount": 1.0, "side": "buy", "timestamp": 1765583989145}, {"id": "529254211", "price": 13.098, "amount": 39.0, "side": "sell", "timestamp": 1765583989941}, {"id": "529254212", "price": 13.099, "amount": 4.0, "side": "buy", "timestamp": 1765583990578}, {"id": "529254213", "price": 13.099, "amount": 363.0, "side": "buy", "timestamp": 1765583992747}, {"id": "529254214", "price": 13.1, "amount": 9.0, "side": "buy", "timestamp": 1765583993350}, {"id": "529254215", "price": 13.1, "amount": 3.0, "side": "buy", "timestamp": 1765583993819}, {"id": "529254216", "price": 13.1, "amount": 61.0, "side": "buy", "timestamp": 1765583994149}, {"id": "529254217", "price": 13.101, "amount": 3.0, "side": "buy", "timestamp": 1765583994739}, {"id": "529254218", "price": 13.1, "amount": 9.0, "side": "sell", "timestamp": 1765583995603}]