[{"id": "1007915522", "price": 133.08, "amount": 0.05, "side": "sell", "timestamp": 1764999791057}, {"id": "1007915523", "price": 133.09, "amount": 11.35, "side": "buy", "timestamp": 1764999791671}, {"id": "1007915524", "price": 133.1, "amount": 0.14, "side": "buy", "timestamp": 1764999792581}, {"id": "1007915525", "price": 133.1, "amount": 0.09, "side": "buy", "timestamp": 1764999792769}, {"id": "1007915526", "price": 133.09, "amount": 0.05, "side": "sell", "timestamp": 1764999793026}, {"id": "1007915527", "price": 133.1, "amount": 0.75, "side": "buy", "timestamp": 1764999794199}, {"id": "1007915528", "price": 133.09, "amount": 0.04, "side": "sell", "timestamp": 1764999794993}, {"id": "1007915529", "price": 133.1, "amount": 0.16, "side": "buy", "timestamp": 1764999796507}, {"id": "1007915530", "price": 133.09, "amount": 0.21, "side": "sell", "timestamp": 1764999796763}, {"id": "1007915531", "price": 133.1, "amount": 0.15, "side": "buy", "timestamp": 1764999797878}, {"id": "1007915532", "price": 133.1, "amount": 0.36, "side": "buy", "timestamp": 1764999798223}, {"id": "1007915533", "price": 133.1, "amount": 7.51, "side": "buy", "timestamp": 1764999799053}, {"id": "1007915534", "price": 133.09, "amount": 0.04, "side": "sell", "timestamp": 1764999799502}, {"id": "1007915535", "price": 133.1, "amount": 0.73, "side": "buy", "timestamp": 1764999800101}, {"id": "1007915536", "price": 133.1, "amount": 114.1, "side": "buy", "timestamp": 1764999801790}, {"id": "1007915537", "price": 133.09, "amount": 6.04, "side": "sell", "timestamp": 1764999801991}, {"id": "1007915538", "price": 133.1, "amount": 2.04, "side": "buy", "timestamp": 1764999803735}, {"id": "1007915539", "price": 133.09, "amount": 0.69, "side": "sell", "timestamp": 1764999804825}, {"id": "1007915540", "price": 133.09, "amount": 0.08, "side": "sell", "timestamp": 1764999804957}, {"id": "1007915541", "price": 133.09, "amount": 7.51, "side": "sell", "timestamp": 1764999806603}, {"id": "1007915542", "price": 133.09, "amount": 0.33, "side": "sell", "timestamp": 1764999807239}, {"id": "1007915543", "price": 133.1, "amount": 0.04, "side": "buy", "timestamp": 1764999809160}, {"id": "1007915544", "price": 133.1, "amount": 0.06, "side": "buy", "timestamp": 1764999809581}, {"id": "1007915545", "price": 133.09, "amount": 0.74, "side": "sell", "timestamp": 1764999809786}, {"id": "1007915546", "price": 133.1, "amount": 0.14, "side": "buy", "timestamp": 1764999811830}, {"id": "1007915547", "price": 133.1, "amount": 0.26, "side": "buy", "timestamp": 1764999813265}, {"id": "1007915548", "price": 133.1, "amount": 0.05, "side": "buy", "timestamp": 1764999814153}, {"id": "1007915549", "price": 133.09, "amount": 339.01, "side": "sell", "timestamp": 1764999814535}, {"id": "1007915550", "price": 133.08, "amount": 29.71, "side": "sell", "timestamp": 1764999814761}, {"id": "1007915551", "price": 133.08, "amount": 0.8, "side": "sell", "timestamp": 1764999814875}, {"id": "1007915552", "price": 133.09, "amount": 0.51, "side": "buy", "timestamp": 1764999815280}, {"id": "1007915553", "price": 133.09, "amount": 0.11, "side": "buy", "timestamp": 1764999815671}, {"id": "1007915554", "price": 133.08, "amount": 0.99, "side": "sell", "timestamp": 1764999818985}, {"id": "1007915555", "price": 133.08, "amount": 0.08, "side": "sell", "timestamp": 1764999819837}, {"id": "1007915556", "price": 133.08, "amount": 0.63, "side": "sell", "timestamp": 1764999819994}, {"id": "1007915557", "price": 133.08, "amount": 16.54, "side": "sell", "timestamp": 1764999821631}, {"id": "1007915558", "price": 133.08, "amount": 0.04, "side": "buy", "timestamp": 1764999822009}, {"id": "1007915559", "price": 133.07, "amount": 41.26, "side": "sell", "timestamp": 1764999822108}, {"id": "1007915560", "price": 133.08, "amount": 3.75, "side": "buy", "timestamp": 1764999822667}, {"id": "1007915561", "price": 133.07, "amount": 26.13, "side": "sell", "timestamp": 1764999822918}, {"id": "1007915562", "price": 133.08, "amount": 12.0, "side": "buy", "timestamp": 1764999824176}, {"id": "1007915563", "price": 133.07, "amount": 0.65, "side": "sell", "timestamp": 1764999824956}, {"id": "1007915564", "price": 133.08, "amount": 776.83, "side": "buy", "timestamp": 1764999824972}, {"id": "1007915565", "price": 133.09, "amount": 10.74, "side": "buy", "timestamp": 1764999824982}, {"id": "1007915566", "price": 133.1, "amount": 0.83, "side": "buy", "timestamp": 1764999827720}, {"id": "1007915567", "price": 133.09, "amount": 0.09, "side": "sell", "timestamp": 1764999828113}, {"id": "1007915568", "price": 133.1, "amount": 0.15, "side": "buy", "timestamp": 1764999829124}, {"id": "1007915569", "price": 133.09, "amount": 19.13, "side": "sell", "timestamp": 1764999830010}, {"id": "1007915570", "price": 133.1, "amount": 5.38, "side": "buy", "timestamp": 1764999830226}, {"id": "1007915571", "price": 133.1, "amount": 0.26, "side": "buy", "timestamp": 1764999830730}, {"id": "1007915614", "price": 133.02, "amount": 0.42, "side": "sell", "timestamp": 1764999855008}, {"id": "1007915615", "price": 133.02, "amount": 0.24, "side": "sell", "timestamp": 1764999855681}, {"id": "1007915616", "price": 133.03, "amount": 0.15, "side": "buy", "timestamp": 1764999857531}, {"id": "1007915617", "price": 133.02, "amount": 31.21, "side": "sell", "timestamp": 1764999858042}, {"id": "1007915618", "price": 133.02, "amount": 49.04, "side": "sell", "timestamp": 1764999858236}, {"id": "1007915619", "price": 133.02, "amount": 4.14, "side": "sell", "timestamp": 1764999858521}, {"id": "1007915620", "price": 133.01, "amount": 1.0, "side": "sell", "timestamp": 1764999858926}, {"id": "1007915621", "price": 133.02, "amount": 0.18, "side": "buy", "timestamp": 1764999859027}, {"id": "1007915622", "price": 133.01, "amount": 0.95, "side": "sell", "timestamp": 1764999859812}, {"id": "1007915623", "price": 133.01, "amount": 0.12, "side": "sell", "timestamp": 1764999859925}, {"id": "1007915624", "price": 133.02, "amount": 0.3, "side": "buy", "timestamp": 1764999860217}, {"id": "1007915625", "price": 133.01, "amount": 5.0, "side": "sell", "timestamp": 1764999861620}, {"id": "1007915626", "price": 133.01, "amount": 4.6, "side": "sell", "timestamp": 1764999862972}, {"id": "1007915627", "price": 133.02, "amount": 1.21, "side": "buy", "timestamp": 1764999864170}, {"id": "1007915628", "price": 133.01, "amount": 0.07, "side": "sell", "timestamp": 1764999864777}, {"id": "1007915629", "price": 133.01, "amount": 0.62, "side": "sell", "timestamp": 1764999864904}, {"id": "1007915630", "price": 133.01, "amount": 0.37, "side": "sell", "timestamp": 1764999865019}, {"id": "1007915631", "price": 133.01, "amount": 0.16, "side": "sell", "timestamp": 1764999865681}, {"id": "1007915632", "price": 133.01, "amount": 0.38, "side": "sell", "timestamp": 1764999866151}, {"id": "1007915633", "price": 133.02, "amount": 23.0, "side": "buy", "timestamp": 1764999866715}, {"id": "1007915634", "price": 133.01, "amount": 5.07, "side": "sell", "timestamp": 1764999867180}, {"id": "1007915635", "price": 133.01, "amount": 0.08, "side": "sell", "timestamp": 1764999867664}, {"id": "1007915636", "price": 133.02, "amount": 1.18, "side": "buy", "timestamp": 1764999868379}, {"id": "1007915637", "price": 133.01, "amount": 0.07, "side": "sell", "timestamp": 1764999868640}, {"id": "1007915638", "price": 133.02, "amount": 1.0, "side": "buy", "timestamp": 1764999869195}, {"id": "1007915639", "price": 133.01, "amount": 0.91, "side": "sell", "timestamp": 1764999869736}, {"id": "1007915640", "price": 133.01, "amount": 0.1, "side": "sell", "timestamp": 1764999869863}, {"id": "1007915641", "price": 133.01, "amount": 0.01, "side": "sell", "timestamp": 1764999870600}, {"id": "1007915642", "price": 133.01, "amount": 52.92, "side": "sell", "timestamp": 1764999870727}, {"id": "1007915643", "price": 133.0, "amount": 302.75, "side": "sell", "timestamp": 1764999870727}, {"id": "1007915644", "price": 132.99, "amount": 28.2, "side": "sell", "timestamp": 1764999870727}, {"id": "1007915645", "price": 133.0, "amount": 0.33, "side": "buy", "timestamp": 1764999870809}, {"id": "1007915646", "price": 133.0, "amount": 0.15, "side": "buy", "timestamp": 1764999871687}, {"id": "1007915647", "price": 132.99, "amount": 0.31, "side": "sell", "timestamp": 1764999872621}, {"id": "1007915648", "price": 132.99, "amount": 31.22, "side": "sell", "timestamp": 1764999872957}, {"id": "1007915649", "price": 133.0, "amount": 22.55, "side": "buy", "timestamp": 1764999873135}, {"id": "1007915650", "price": 132.99, "amount": 9.28, "side": "sell", "timestamp": 1764999873321}, {"id": "1007915651", "price": 132.99, "amount": 1.07, "side": "sell", "timestamp": 1764999873512}, {"id": "1007915652", "price": 132.99, "amount": 33.3, "side": "sell", "timestamp": 1764999874169}, {"id": "1007915653", "price": 132.99, "amount": 30.4, "side": "sell", "timestamp": 1764999874427}, {"id": "1007915654", "price": 132.99, "amount": 0.96, "side": "sell", "timestamp": 1764999874783}, {"id": "1007915655", "price": 132.99, "amount": 0.12, "side": "sell", "timestamp": 1764999874938}, {"id": "1007915656", "price": 132.99, "amount": 1.5, "side": "sell", "timestamp": 1764999875764}, {"id": "1007915657", "price": 132.99, "amount": 17.34, "side": "sell", "timestamp": 1764999876280}, {"id": "1007915658", "price": 132.99, "amount": 0.01, "side": "sell", "timestamp": 1764999877462}, {"id": "1007915659", "price": 132.99, "amount": 0.6, "side": "sell", "timestamp": 1764999879708}, {"id": "1007915660", "price": 132.99, "amount": 0.12, "side": "sell", "timestamp": 1764999879842}, {"id": "1007915661", "price": 132.99, "amount": 0.36, "side": "sell", "timestamp": 1764999880074}, {"id": "1007915662", "price": 132.99, "amount": 1.5, "side": "sell", "timestamp": 1764999881954}, {"id": "1007915663", "price": 133.0, "amount": 130.25, "side": "buy", "timestamp": 1764999882864}, {"id": "1007915721", "price": 133.05, "amount": 26.3, "side": "buy", "timestamp": 1764999912552}, {"id": "1007915722", "price": 133.05, "amount": 0.07, "side": "sell", "timestamp": 1764999913161}, {"id": "1007915723", "price": 133.06, "amount": 0.01, "side": "buy", "timestamp": 1764999913555}, {"id": "1007915724", "price": 133.05, "amount": 49.37, "side": "sell", "timestamp": 1764999914865}, {"id": "1007915725", "price": 133.04, "amount": 18.95, "side": "sell", "timestamp": 1764999914907}, {"id": "1007915726", "price": 133.03, "amount": 0.9, "side": "sell", "timestamp": 1764999914953}, {"id": "1007915727", "price": 133.03, "amount": 0.06, "side": "buy", "timestamp": 1764999916069}, {"id": "1007915728", "price": 133.03, "amount": 0.05, "side": "buy", "timestamp": 1764999916312}, {"id": "1007915729", "price": 133.03, "amount": 0.13, "side": "buy", "timestamp": 1764999916789}, {"id": "1007915730", "price": 133.02, "amount": 0.83, "side": "sell", "timestamp": 1764999916969}, {"id": "1007915731", "price": 133.03, "amount": 3.57, "side": "buy", "timestamp": 1764999916972}, {"id": "1007915732", "price": 133.03, "amount": 1.99, "side": "buy", "timestamp": 1764999918458}, {"id": "1007915733", "price": 133.02, "amount": 0.09, "side": "sell", "timestamp": 1764999918645}, {"id": "1007915734", "price": 133.02, "amount": 0.42, "side": "sell", "timestamp": 1764999918921}, {"id": "1007915735", "price": 133.02, "amount": 0.04, "side": "sell", "timestamp": 1764999919095}, {"id": "1007915736", "price": 133.02, "amount": 2.0, "side": "sell", "timestamp": 1764999919925}, {"id": "1007915737", "price": 133.03, "amount": 28.11, "side": "buy", "timestamp": 1764999920779}, {"id": "1007915738", "price": 133.03, "amount": 0.05, "side": "buy", "timestamp": 1764999920990}, {"id": "1007915739", "price": 133.03, "amount": 0.38, "side": "buy", "timestamp": 1764999921184}, {"id": "1007915740", "price": 133.02, "amount": 27.01, "side": "sell", "timestamp": 1764999921889}, {"id": "1007915741", "price": 133.03, "amount": 0.09, "side": "buy", "timestamp": 1764999923839}, {"id": "1007915742", "price": 133.02, "amount": 12.88, "side": "sell", "timestamp": 1764999924264}, {"id": "1007915743", "price": 133.01, "amount": 10.99, "side": "sell", "timestamp": 1764999924296}, {"id": "1007915744", "price": 133.0, "amount": 0.02, "side": "sell", "timestamp": 1764999924687}, {"id": "1007915745", "price": 133.01, "amount": 0.1, "side": "buy", "timestamp": 1764999924769}, {"id": "1007915746", "price": 133.0, "amount": 0.64, "side": "sell", "timestamp": 1764999924901}, {"id": "1007915747", "price": 133.0, "amount": 100.0, "side": "sell", "timestamp": 1764999926058}, {"id": "1007915748", "price": 133.0, "amount": 34.65, "side": "sell", "timestamp": 1764999926395}, {"id": "1007915749", "price": 133.01, "amount": 0.05, "side": "buy", "timestamp": 1764999926439}, {"id": "1007915750", "price": 133.0, "amount": 220.05, "side": "sell", "timestamp": 1764999927459}, {"id": "1007915751", "price": 133.01, "amount": 7.0, "side": "buy", "timestamp": 1764999928543}, {"id": "1007915752", "price": 133.01, "amount": 10.67, "side": "buy", "timestamp": 1764999928896}, {"id": "1007915753", "price": 133.02, "amount": 5.15, "side": "buy", "timestamp": 1764999928950}, {"id": "1007915754", "price": 133.03, "amount": 0.22, "side": "buy", "timestamp": 1764999929402}, {"id": "1007915755", "price": 133.02, "amount": 0.29, "side": "sell", "timestamp": 1764999930063}, {"id": "1007915756", "price": 133.02, "amount": 6.78, "side": "sell", "timestamp": 1764999930184}, {"id": "1007915757", "price": 133.02, "amount": 60.14, "side": "sell", "timestamp": 1764999930748}, {"id": "1007915758", "price": 133.03, "amount": 2.34, "side": "buy", "timestamp": 1764999931370}, {"id": "1007915759", "price": 133.03, "amount": 16.38, "side": "buy", "timestamp": 1764999931560}, {"id": "1007915760", "price": 133.04, "amount": 6.5, "side": "buy", "timestamp": 1764999931600}, {"id": "1007915761", "price": 133.04, "amount": 0.01, "side": "sell", "timestamp": 1764999931955}, {"id": "1007915762", "price": 133.04, "amount": 2.94, "side": "sell", "timestamp": 1764999932246}, {"id": "1007915763", "price": 133.04, "amount": 42.29, "side": "sell", "timestamp": 1764999932722}, {"id": "1007915764", "price": 133.05, "amount": 7.66, "side": "buy", "timestamp": 1764999932729}, {"id": "1007915765", "price": 133.04, "amount": 1.1, "side": "sell", "timestamp": 1764999933636}, {"id": "1007915766", "price": 133.04, "amount": 1.0, "side": "sell", "timestamp": 1764999934014}, {"id": "1007915767", "price": 133.04, "amount": 35.33, "side": "sell", "timestamp": 1764999934146}, {"id": "1007915768", "price": 133.05, "amount": 8.75, "side": "buy", "timestamp": 1764999934350}, {"id": "1007915769", "price": 133.06, "amount": 0.22, "side": "buy", "timestamp": 1764999934601}, {"id": "1007915770", "price": 133.05, "amount": 0.49, "side": "sell", "timestamp": 1764999935066}, {"id": "1007915821", "price": 132.99, "amount": 136.48, "side": "sell", "timestamp": 1764999960836}, {"id": "1007915822", "price": 132.98, "amount": 17.79, "side": "sell", "timestamp": 1764999960992}, {"id": "1007915823", "price": 132.98, "amount": 1.35, "side": "buy", "timestamp": 1764999961081}, {"id": "1007915824", "price": 132.97, "amount": 0.31, "side": "sell", "timestamp": 1764999961244}, {"id": "1007915825", "price": 132.98, "amount": 0.86, "side": "buy", "timestamp": 1764999961249}, {"id": "1007915826", "price": 132.97, "amount": 49.09, "side": "sell", "timestamp": 1764999961624}, {"id": "1007915827", "price": 132.96, "amount": 0.37, "side": "sell", "timestamp": 1764999962120}, {"id": "1007915828", "price": 132.97, "amount": 0.24, "side": "buy", "timestamp": 1764999962687}, {"id": "1007915829", "price": 132.97, "amount": 36.6, "side": "buy", "timestamp": 1764999962979}, {"id": "1007915830", "price": 132.96, "amount": 0.15, "side": "sell", "timestamp": 1764999963228}, {"id": "1007915831", "price": 132.97, "amount": 1.5, "side": "buy", "timestamp": 1764999963383}, {"id": "1007915832", "price": 132.96, "amount": 0.04, "side": "sell", "timestamp": 1764999964749}, {"id": "1007915833", "price": 132.97, "amount": 139.53, "side": "buy", "timestamp": 1764999965007}, {"id": "1007915834", "price": 132.98, "amount": 0.25, "side": "buy", "timestamp": 1764999965940}, {"id": "1007915835", "price": 132.97, "amount": 6.85, "side": "sell", "timestamp": 1764999965945}, {"id": "1007915836", "price": 132.97, "amount": 33.26, "side": "sell", "timestamp": 1764999967247}, {"id": "1007915837", "price": 132.98, "amount": 20.09, "side": "buy", "timestamp": 1764999967412}, {"id": "1007915838", "price": 132.98, "amount": 4.33, "side": "buy", "timestamp": 1764999968188}, {"id": "1007915839", "price": 132.98, "amount": 42.29, "side": "buy", "timestamp": 1764999968390}, {"id": "1007915840", "price": 132.99, "amount": 7.54, "side": "buy", "timestamp": 1764999968457}, {"id": "1007915841", "price": 132.99, "amount": 6.12, "side": "sell", "timestamp": 1764999968903}, {"id": "1007915842", "price": 132.99, "amount": 5.28, "side": "sell", "timestamp": 1764999969032}, {"id": "1007915843", "price": 133.0, "amount": 27.03, "side": "buy", "timestamp": 1764999969193}, {"id": "1007915844", "price": 133.0, "amount": 30.93, "side": "sell", "timestamp": 1764999969259}, {"id": "1007915845", "price": 133.0, "amount": 0.39, "side": "sell", "timestamp": 1764999969724}, {"id": "1007915846", "price": 133.0, "amount": 0.04, "side": "sell", "timestamp": 1764999970234}, {"id": "1007915847", "price": 133.0, "amount": 0.09, "side": "sell", "timestamp": 1764999971662}, {"id": "1007915848", "price": 133.01, "amount": 0.07, "side": "buy", "timestamp": 1764999972178}, {"id": "1007915849", "price": 133.01, "amount": 0.29, "side": "buy", "timestamp": 1764999973298}, {"id": "1007915850", "price": 133.0, "amount": 14.17, "side": "sell", "timestamp": 1764999973975}, {"id": "1007915851", "price": 133.01, "amount": 0.12, "side": "buy", "timestamp": 1764999976256}, {"id": "1007915852", "price": 133.01, "amount": 1.0, "side": "buy", "timestamp": 1764999976435}, {"id": "1007915853", "price": 133.0, "amount": 0.07, "side": "sell", "timestamp": 1764999976598}, {"id": "1007915854", "price": 133.01, "amount": 64.15, "side": "buy", "timestamp": 1764999977268}, {"id": "1007915855", "price": 133.01, "amount": 0.66, "side": "sell", "timestamp": 1764999977693}, {"id": "1007915856", "price": 133.01, "amount": 3.92, "side": "sell", "timestamp": 1764999978313}, {"id": "1007915857", "price": 133.02, "amount": 0.37, "side": "buy", "timestamp": 1764999978461}, {"id": "1007915858", "price": 133.02, "amount": 0.44, "side": "buy", "timestamp": 1764999979310}, {"id": "1007915859", "price": 133.02, "amount": 0.43, "side": "buy", "timestamp": 1764999979595}, {"id": "1007915860", "price": 133.02, "amount": 1.88, "side": "buy", "timestamp": 1764999980287}, {"id": "1007915861", "price": 133.01, "amount": 1.46, "side": "sell", "timestamp": 1764999982122}, {"id": "1007915862", "price": 133.01, "amount": 35.81, "side": "sell", "timestamp": 1764999982363}, {"id": "1007915863", "price": 133.0, "amount": 6.46, "side": "sell", "timestamp": 1764999984103}, {"id": "1007915864", "price": 132.99, "amount": 5.0, "side": "sell", "timestamp": 1764999984823}, {"id": "1007915865", "price": 133.0, "amount": 0.04, "side": "buy", "timestamp": 1764999985774}, {"id": "1007915866", "price": 133.0, "amount": 7.51, "side": "buy", "timestamp": 1764999986267}, {"id": "1007915867", "price": 132.99, "amount": 1.39, "side": "sell", "timestamp": 1764999986507}, {"id": "1007915868", "price": 132.99, "amount": 0.05, "side": "sell", "timestamp": 1764999986681}, {"id": "1007915869", "price": 133.0, "amount": 400.0, "side": "buy", "timestamp": 1764999987215}, {"id": "1007915870", "price": 132.99, "amount": 0.05, "side": "sell", "timestamp": 1764999987229}, {"id": "1007915903", "price": 133.0, "amount": 15.96, "side": "sell", "timestamp": 1765000010009}, {"id": "1007915904", "price": 132.99, "amount": 8.42, "side": "sell", "timestamp": 1765000010018}, {"id": "1007915905", "price": 132.98, "amount": 0.14, "side": "sell", "timestamp": 1765000010041}, {"id": "1007915906", "price": 132.99, "amount": 3.75, "side": "buy", "timestamp": 1765000010115}, {"id": "1007915907", "price": 132.99, "amount": 1.85, "side": "buy", "timestamp": 1765000010890}, {"id": "1007915908", "price": 132.98, "amount": 2.7, "side": "sell", "timestamp": 1765000012422}, {"id": "1007915909", "price": 132.98, "amount": 6.99, "side": "buy", "timestamp": 1765000012631}, {"id": "1007915910", "price": 132.98, "amount": 0.31, "side": "buy", "timestamp": 1765000014197}, {"id": "1007915911", "price": 132.98, "amount": 0.48, "side": "buy", "timestamp": 1765000015023}, {"id": "1007915912", "price": 132.98, "amount": 0.11, "side": "buy", "timestamp": 1765000015759}, {"id": "1007915913", "price": 132.97, "amount": 31.22, "side": "sell", "timestamp": 1765000016211}, {"id": "1007915914", "price": 132.98, "amount": 16.66, "side": "buy", "timestamp": 1765000016352}, {"id": "1007915915", "price": 132.97, "amount": 19.85, "side": "sell", "timestamp": 1765000016428}, {"id": "1007915916", "price": 132.98, "amount": 0.7, "side": "buy", "timestamp": 1765000018244}, {"id": "1007915917", "price": 132.97, "amount": 4.96, "side": "sell", "timestamp": 1765000019448}, {"id": "1007915918", "price": 132.97, "amount": 2.87, "side": "sell", "timestamp": 1765000019551}, {"id": "1007915919", "price": 132.98, "amount": 0.14, "side": "buy", "timestamp": 1765000020455}, {"id": "1007915920", "price": 132.98, "amount": 0.72, "side": "buy", "timestamp": 1765000021424}, {"id": "1007915921", "price": 132.98, "amount": 15.03, "side": "buy", "timestamp": 1765000021818}, {"id": "1007915922", "price": 132.97, "amount": 0.82, "side": "sell", "timestamp": 1765000022601}, {"id": "1007915923", "price": 132.98, "amount": 65.6, "side": "buy", "timestamp": 1765000024065}, {"id": "1007915924", "price": 132.99, "amount": 4.77, "side": "buy", "timestamp": 1765000024135}, {"id": "1007915925", "price": 133.0, "amount": 7.86, "side": "buy", "timestamp": 1765000024204}, {"id": "1007915926", "price": 133.01, "amount": 0.44, "side": "buy", "timestamp": 1765000024301}, {"id": "1007915927", "price": 133.0, "amount": 0.13, "side": "sell", "timestamp": 1765000025625}, {"id": "1007915928", "price": 133.0, "amount": 3.56, "side": "sell", "timestamp": 1765000025809}, {"id": "1007915929", "price": 133.01, "amount": 13.97, "side": "buy", "timestamp": 1765000026636}, {"id": "1007915930", "price": 133.01, "amount": 32.39, "side": "buy", "timestamp": 1765000027707}, {"id": "1007915931", "price": 133.02, "amount": 28.12, "side": "buy", "timestamp": 1765000027726}, {"id": "1007915932", "price": 133.03, "amount": 35.69, "side": "buy", "timestamp": 1765000027748}, {"id": "1007915933", "price": 133.04, "amount": 31.01, "side": "buy", "timestamp": 1765000027783}, {"id": "1007915934", "price": 133.05, "amount": 1.85, "side": "buy", "timestamp": 1765000028281}, {"id": "1007915935", "price": 133.05, "amount": 5.04, "side": "buy", "timestamp": 1765000028511}, {"id": "1007915936", "price": 133.05, "amount": 6.99, "side": "sell", "timestamp": 1765000029031}, {"id": "1007915937", "price": 133.06, "amount": 0.39, "side": "buy", "timestamp": 1765000029169}, {"id": "1007915938", "price": 133.06, "amount": 0.63, "side": "buy", "timestamp": 1765000031072}, {"id": "1007915939", "price": 133.05, "amount": 0.81, "side": "sell", "timestamp": 1765000031199}, {"id": "1007915940", "price": 133.05, "amount": 0.25, "side": "sell", "timestamp": 1765000032703}, {"id": "1007915941", "price": 133.06, "amount": 23.61, "side": "buy", "timestamp": 1765000033454}, {"id": "1007915942", "price": 133.07, "amount": 0.22, "side": "buy", "timestamp": 1765000033500}, {"id": "1007915943", "price": 133.06, "amount": 3.45, "side": "sell", "timestamp": 1765000033660}, {"id": "1007915944", "price": 133.07, "amount": 0.12, "side": "buy", "timestamp": 1765000034014}, {"id": "1007915945", "price": 133.07, "amount": 0.92, "side": "buy", "timestamp": 1765000034703}, {"id": "1007915946", "price": 133.06, "amount": 3.79, "side": "sell", "timestamp": 1765000035197}, {"id": "1007915947", "price": 133.07, "amount": 0.09, "side": "buy", "timestamp": 1765000036660}, {"id": "1007915948", "price": 133.06, "amount": 9.74, "side": "sell", "timestamp": 1765000036784}, {"id": "1007915949", "price": 133.06, "amount": 3.4, "side": "sell", "timestamp": 1765000037302}, {"id": "1007915950", "price": 133.06, "amount": 0.05, "side": "sell", "timestamp": 1765000037701}, {"id": "1007915951", "price": 133.06, "amount": 3.39, "side": "sell", "timestamp": 1765000038644}, {"id": "1007915952", "price": 133.07, "amount": 0.07, "side": "buy", "timestamp": 1765000038891}, {"id": "1007915996", "price": 133.05, "amount": 0.45, "side": "sell", "timestamp": 1765000063025}, {"id": "1007915997", "price": 133.05, "amount": 1.18, "side": "sell", "timestamp": 1765000063835}, {"id": "1007915998", "price": 133.06, "amount": 0.22, "side": "buy", "timestamp": 1765000064608}, {"id": "1007915999", "price": 133.05, "amount": 0.68, "side": "sell", "timestamp": 1765000064918}, {"id": "1007916000", "price": 133.06, "amount": 106.8, "side": "buy", "timestamp": 1765000064937}, {"id": "1007916001", "price": 133.07, "amount": 39.6, "side": "buy", "timestamp": 1765000064944}, {"id": "1007916002", "price": 133.08, "amount": 0.04, "side": "buy", "timestamp": 1765000065133}, {"id": "1007916003", "price": 133.08, "amount": 20.06, "side": "buy", "timestamp": 1765000066856}, {"id": "1007916004", "price": 133.08, "amount": 2.1, "side": "buy", "timestamp": 1765000068228}, {"id": "1007916005", "price": 133.08, "amount": 0.34, "side": "buy", "timestamp": 1765000068480}, {"id": "1007916006", "price": 133.08, "amount": 0.75, "side": "buy", "timestamp": 1765000068645}, {"id": "1007916007", "price": 133.08, "amount": 18.39, "side": "buy", "timestamp": 1765000068907}, {"id": "1007916008", "price": 133.09, "amount": 15.57, "side": "buy", "timestamp": 1765000069148}, {"id": "1007916009", "price": 133.08, "amount": 0.5, "side": "sell", "timestamp": 1765000069372}, {"id": "1007916010", "price": 133.08, "amount": 5.0, "side": "sell", "timestamp": 1765000069787}, {"id": "1007916011", "price": 133.09, "amount": 1.0, "side": "buy", "timestamp": 1765000070962}, {"id": "1007916012", "price": 133.09, "amount": 0.37, "side": "buy", "timestamp": 1765000071661}, {"id": "1007916013", "price": 133.08, "amount": 2.45, "side": "sell", "timestamp": 1765000072909}, {"id": "1007916014", "price": 133.09, "amount": 0.08, "side": "buy", "timestamp": 1765000073150}, {"id": "1007916015", "price": 133.09, "amount": 0.01, "side": "buy", "timestamp": 1765000074403}, {"id": "1007916016", "price": 133.08, "amount": 1.05, "side": "sell", "timestamp": 1765000074877}, {"id": "1007916017", "price": 133.09, "amount": 0.01, "side": "buy", "timestamp": 1765000074987}, {"id": "1007916018", "price": 133.08, "amount": 0.5, "side": "sell", "timestamp": 1765000075290}, {"id": "1007916019", "price": 133.09, "amount": 0.05, "side": "buy", "timestamp": 1765000075958}, {"id": "1007916020", "price": 133.09, "amount": 0.03, "side": "buy", "timestamp": 1765000076353}, {"id": "1007916021", "price": 133.09, "amount": 0.7, "side": "buy", "timestamp": 1765000076595}, {"id": "1007916022", "price": 133.09, "amount": 0.07, "side": "buy", "timestamp": 1765000079292}, {"id": "1007916023", "price": 133.08, "amount": 0.09, "side": "sell", "timestamp": 1765000079651}, {"id": "1007916024", "price": 133.09, "amount": 0.06, "side": "buy", "timestamp": 1765000079799}, {"id": "1007916025", "price": 133.08, "amount": 0.07, "side": "sell", "timestamp": 1765000080552}, {"id": "1007916026", "price": 133.08, "amount": 5.21, "side": "sell", "timestamp": 1765000080736}, {"id": "1007916027", "price": 133.09, "amount": 0.08, "side": "buy", "timestamp": 1765000081071}, {"id": "1007916028", "price": 133.08, "amount": 0.24, "side": "sell", "timestamp": 1765000081082}, {"id": "1007916029", "price": 133.08, "amount": 0.08, "side": "sell", "timestamp": 1765000081218}, {"id": "1007916030", "price": 133.09, "amount": 0.56, "side": "buy", "timestamp": 1765000081246}, {"id": "1007916031", "price": 133.09, "amount": 1.22, "side": "buy", "timestamp": 1765000082649}, {"id": "1007916032", "price": 133.08, "amount": 0.06, "side": "sell", "timestamp": 1765000082854}, {"id": "1007916033", "price": 133.08, "amount": 0.04, "side": "sell", "timestamp": 1765000083328}, {"id": "1007916034", "price": 133.09, "amount": 2.0, "side": "buy", "timestamp": 1765000084973}, {"id": "1007916035", "price": 133.09, "amount": 2.0, "side": "buy", "timestamp": 1765000085988}, {"id": "1007916036", "price": 133.08, "amount": 54.37, "side": "sell", "timestamp": 1765000086902}, {"id": "1007916037", "price": 133.08, "amount": 9.66, "side": "sell", "timestamp": 1765000087015}, {"id": "1007916038", "price": 133.08, "amount": 66.61, "side": "sell", "timestamp": 1765000088712}, {"id": "1007916039", "price": 133.07, "amount": 2.22, "side": "sell", "timestamp": 1765000088728}, {"id": "1007916040", "price": 133.07, "amount": 12.0, "side": "buy", "timestamp": 1765000088808}, {"id": "1007916041", "price": 133.06, "amount": 12.3, "side": "sell", "timestamp": 1765000089092}, {"id": "1007916042", "price": 133.05, "amount": 6.79, "side": "sell", "timestamp": 1765000089118}, {"id": "1007916043", "price": 133.05, "amount": 5.52, "side": "buy", "timestamp": 1765000089118}, {"id": "1007916044", "price": 133.04, "amount": 1.2, "side": "sell", "timestamp": 1765000089730}, {"id": "1007916045", "price": 133.04, "amount": 0.21, "side": "sell", "timestamp": 1765000089930}, {"id": "1007916074", "price": 133.08, "amount": 3.73, "side": "buy", "timestamp": 1765000113208}, {"id": "1007916075", "price": 133.08, "amount": 0.66, "side": "buy", "timestamp": 1765000113371}, {"id": "1007916076", "price": 133.08, "amount": 15.0, "side": "buy", "timestamp": 1765000113676}, {"id": "1007916077", "price": 133.07, "amount": 15.0, "side": "sell", "timestamp": 1765000114114}, {"id": "1007916078", "price": 133.08, "amount": 0.04, "side": "buy", "timestamp": 1765000114173}, {"id": "1007916079", "price": 133.07, "amount": 2.68, "side": "sell", "timestamp": 1765000114268}, {"id": "1007916080", "price": 133.08, "amount": 59.08, "side": "buy", "timestamp": 1765000114761}, {"id": "1007916081", "price": 133.09, "amount": 0.01, "side": "buy", "timestamp": 1765000114787}, {"id": "1007916082", "price": 133.09, "amount": 0.36, "side": "buy", "timestamp": 1765000115077}, {"id": "1007916083", "price": 133.08, "amount": 0.09, "side": "sell", "timestamp": 1765000115671}, {"id": "1007916084", "price": 133.09, "amount": 0.05, "side": "buy", "timestamp": 1765000116062}, {"id": "1007916085", "price": 133.08, "amount": 0.45, "side": "sell", "timestamp": 1765000116957}, {"id": "1007916086", "price": 133.09, "amount": 7.09, "side": "buy", "timestamp": 1765000117554}, {"id": "1007916087", "price": 133.09, "amount": 0.05, "side": "buy", "timestamp": 1765000118264}, {"id": "1007916088", "price": 133.09, "amount": 0.46, "side": "buy", "timestamp": 1765000118798}, {"id": "1007916089", "price": 133.09, "amount": 0.44, "side": "buy", "timestamp": 1765000119752}, {"id": "1007916090", "price": 133.08, "amount": 0.42, "side": "sell", "timestamp": 1765000120454}, {"id": "1007916091", "price": 133.09, "amount": 0.07, "side": "buy", "timestamp": 1765000121179}, {"id": "1007916092", "price": 133.08, "amount": 0.06, "side": "sell", "timestamp": 1765000122073}, {"id": "1007916093", "price": 133.08, "amount": 11.23, "side": "sell", "timestamp": 1765000122703}, {"id": "1007916094", "price": 133.09, "amount": 0.63, "side": "buy", "timestamp": 1765000123218}, {"id": "1007916095", "price": 133.08, "amount": 0.23, "side": "sell", "timestamp": 1765000123218}, {"id": "1007916096", "price": 133.08, "amount": 0.89, "side": "sell", "timestamp": 1765000123871}, {"id": "1007916097", "price": 133.08, "amount": 0.84, "side": "sell", "timestamp": 1765000124045}, {"id": "1007916098", "price": 133.08, "amount": 0.67, "side": "sell", "timestamp": 1765000124852}, {"id": "1007916099", "price": 133.09, "amount": 16.81, "side": "buy", "timestamp": 1765000124921}, {"id": "1007916100", "price": 133.08, "amount": 1.05, "side": "sell", "timestamp": 1765000124970}, {"id": "1007916101", "price": 133.09, "amount": 150.64, "side": "buy", "timestamp": 1765000125001}, {"id": "1007916102", "price": 133.1, "amount": 0.79, "side": "buy", "timestamp": 1765000125002}, {"id": "1007916103", "price": 133.09, "amount": 15.91, "side": "sell", "timestamp": 1765000125344}, {"id": "1007916104", "price": 133.1, "amount": 0.01, "side": "buy", "timestamp": 1765000126055}, {"id": "1007916105", "price": 133.09, "amount": 0.4, "side": "sell", "timestamp": 1765000126584}, {"id": "1007916106", "price": 133.1, "amount": 0.09, "side": "buy", "timestamp": 1765000126816}, {"id": "1007916107", "price": 133.1, "amount": 2.18, "side": "buy", "timestamp": 1765000128030}, {"id": "1007916108", "price": 133.1, "amount": 0.06, "side": "buy", "timestamp": 1765000128270}, {"id": "1007916109", "price": 133.1, "amount": 43.27, "side": "buy", "timestamp": 1765000130119}, {"id": "1007916110", "price": 133.09, "amount": 0.18, "side": "sell", "timestamp": 1765000130259}, {"id": "1007916111", "price": 133.1, "amount": 0.04, "side": "buy", "timestamp": 1765000131323}, {"id": "1007916112", "price": 133.1, "amount": 5.63, "side": "buy", "timestamp": 1765000133913}, {"id": "1007916113", "price": 133.1, "amount": 5.29, "side": "buy", "timestamp": 1765000134132}, {"id": "1007916114", "price": 133.09, "amount": 63.22, "side": "sell", "timestamp": 1765000134351}, {"id": "1007916115", "price": 133.09, "amount": 0.07, "side": "buy", "timestamp": 1765000134362}, {"id": "1007916116", "price": 133.08, "amount": 3.17, "side": "sell", "timestamp": 1765000134420}, {"id": "1007916117", "price": 133.08, "amount": 0.82, "side": "buy", "timestamp": 1765000134434}, {"id": "1007916118", "price": 133.07, "amount": 0.23, "side": "sell", "timestamp": 1765000134953}, {"id": "1007916119", "price": 133.07, "amount": 3.75, "side": "sell", "timestamp": 1765000135408}, {"id": "1007916120", "price": 133.07, "amount": 2.22, "side": "sell", "timestamp": 1765000138729}, {"id": "1007916121", "price": 133.08, "amount": 0.68, "side": "buy", "timestamp": 1765000139509}, {"id": "1007916122", "price": 133.07, "amount": 8.31, "side": "sell", "timestamp": 1765000139889}, {"id": "1007916123", "price": 133.07, "amount": 0.04, "side": "sell", "timestamp": 1765000140228}, {"id": "1007916159", "price": 133.08, "amount": 0.16, "side": "sell", "timestamp": 1765000162331}, {"id": "1007916160", "price": 133.09, "amount": 0.01, "side": "buy", "timestamp": 1765000163117}, {"id": "1007916161", "price": 133.08, "amount": 0.59, "side": "sell", "timestamp": 1765000163296}, {"id": "1007916162", "price": 133.09, "amount": 22.52, "side": "buy", "timestamp": 1765000164755}, {"id": "1007916163", "price": 133.09, "amount": 0.01, "side": "buy", "timestamp": 1765000165885}, {"id": "1007916164", "price": 133.09, "amount": 15.02, "side": "buy", "timestamp": 1765000166041}, {"id": "1007916165", "price": 133.09, "amount": 0.05, "side": "buy", "timestamp": 1765000166844}, {"id": "1007916166", "price": 133.09, "amount": 7.1, "side": "buy", "timestamp": 1765000167093}, {"id": "1007916167", "price": 133.09, "amount": 95.02, "side": "buy", "timestamp": 1765000167230}, {"id": "1007916168", "price": 133.09, "amount": 0.01, "side": "buy", "timestamp": 1765000167681}, {"id": "1007916169", "price": 133.09, "amount": 1.0, "side": "buy", "timestamp": 1765000167935}, {"id": "1007916170", "price": 133.09, "amount": 0.05, "side": "buy", "timestamp": 1765000168629}, {"id": "1007916171", "price": 133.09, "amount": 0.11, "side": "buy", "timestamp": 1765000169434}, {"id": "1007916172", "price": 133.08, "amount": 0.66, "side": "sell", "timestamp": 1765000169709}, {"id": "1007916173", "price": 133.08, "amount": 0.11, "side": "sell", "timestamp": 1765000169822}, {"id": "1007916174", "price": 133.08, "amount": 2.38, "side": "sell", "timestamp": 1765000169974}, {"id": "1007916175", "price": 133.09, "amount": 147.0, "side": "buy", "timestamp": 1765000170199}, {"id": "1007916176", "price": 133.1, "amount": 53.0, "side": "buy", "timestamp": 1765000170199}, {"id": "1007916177", "price": 133.1, "amount": 1.62, "side": "buy", "timestamp": 1765000171751}, {"id": "1007916178", "price": 133.1, "amount": 0.05, "side": "buy", "timestamp": 1765000171854}, {"id": "1007916179", "price": 133.1, "amount": 0.05, "side": "buy", "timestamp": 1765000173634}, {"id": "1007916180", "price": 133.1, "amount": 0.55, "side": "buy", "timestamp": 1765000175152}, {"id": "1007916181", "price": 133.1, "amount": 0.09, "side": "buy", "timestamp": 1765000176845}, {"id": "1007916182", "price": 133.1, "amount": 63.33, "side": "buy", "timestamp": 1765000177899}, {"id": "1007916183", "price": 133.1, "amount": 0.04, "side": "buy", "timestamp": 1765000178198}, {"id": "1007916184", "price": 133.1, "amount": 0.05, "side": "buy", "timestamp": 1765000178638}, {"id": "1007916185", "price": 133.1, "amount": 49.44, "side": "buy", "timestamp": 1765000178933}, {"id": "1007916186", "price": 133.09, "amount": 7.82, "side": "sell", "timestamp": 1765000179111}, {"id": "1007916187", "price": 133.09, "amount": 281.7, "side": "sell", "timestamp": 1765000181127}, {"id": "1007916188", "price": 133.1, "amount": 2.06, "side": "buy", "timestamp": 1765000181536}, {"id": "1007916189", "price": 133.1, "amount": 1.4, "side": "buy", "timestamp": 1765000183492}, {"id": "1007916190", "price": 133.09, "amount": 0.7, "side": "sell", "timestamp": 1765000183495}, {"id": "1007916191", "price": 133.1, "amount": 55.74, "side": "buy", "timestamp": 1765000183641}, {"id": "1007916192", "price": 133.11, "amount": 0.22, "side": "buy", "timestamp": 1765000183714}, {"id": "1007916193", "price": 133.11, "amount": 16.81, "side": "buy", "timestamp": 1765000184622}, {"id": "1007916194", "price": 133.1, "amount": 2.22, "side": "sell", "timestamp": 1765000185061}, {"id": "1007916195", "price": 133.11, "amount": 0.04, "side": "buy", "timestamp": 1765000186287}, {"id": "1007916196", "price": 133.1, "amount": 0.09, "side": "sell", "timestamp": 1765000187664}, {"id": "1007916197", "price": 133.11, "amount": 33.93, "side": "buy", "timestamp": 1765000187742}, {"id": "1007916198", "price": 133.12, "amount": 15.43, "side": "buy", "timestamp": 1765000188109}, {"id": "1007916199", "price": 133.12, "amount": 4.22, "side": "sell", "timestamp": 1765000188625}, {"id": "1007916200", "price": 133.13, "amount": 118.19, "side": "buy", "timestamp": 1765000189148}, {"id": "1007916201", "price": 133.12, "amount": 1.11, "side": "sell", "timestamp": 1765000190034}, {"id": "1007916202", "price": 133.12, "amount": 47.46, "side": "sell", "timestamp": 1765000190172}, {"id": "1007916203", "price": 133.11, "amount": 27.09, "side": "sell", "timestamp": 1765000190193}, {"id": "1007916204", "price": 133.11, "amount": 0.05, "side": "buy", "timestamp": 1765000190279}, {"id": "1007916205", "price": 133.1, "amount": 0.11, "side": "sell", "timestamp": 1765000190318}, {"id": "1007916206", "price": 133.11, "amount": 0.05, "side": "buy", "timestamp": 1765000190369}, {"id": "1007916207", "price": 133.11, "amount": 40.51, "side": "buy", "timestamp": 1765000191273}, {"id": "1007916208", "price": 133.11, "amount": 0.97, "side": "buy", "timestamp": 1765000192361}, {"id": "1007916260", "price": 133.12, "amount": 5.01, "side": "sell", "timestamp": 1765000220242}, {"id": "1007916261", "price": 133.13, "amount": 37.25, "side": "buy", "timestamp": 1765000221525}, {"id": "1007916262", "price": 133.12, "amount": 3.0, "side": "sell", "timestamp": 1765000221757}, {"id": "1007916263", "price": 133.13, "amount": 0.4, "side": "buy", "timestamp": 1765000221956}, {"id": "1007916264", "price": 133.12, "amount": 1.76, "side": "sell", "timestamp": 1765000221994}, {"id": "1007916265", "price": 133.13, "amount": 1.12, "side": "buy", "timestamp": 1765000222356}, {"id": "1007916266", "price": 133.12, "amount": 1.06, "side": "sell", "timestamp": 1765000222802}, {"id": "1007916267", "price": 133.12, "amount": 0.09, "side": "sell", "timestamp": 1765000223661}, {"id": "1007916268", "price": 133.13, "amount": 1.0, "side": "buy", "timestamp": 1765000225060}, {"id": "1007916269", "price": 133.13, "amount": 15.79, "side": "buy", "timestamp": 1765000226212}, {"id": "1007916270", "price": 133.13, "amount": 50.3, "side": "buy", "timestamp": 1765000226706}, {"id": "1007916271", "price": 133.14, "amount": 131.96, "side": "buy", "timestamp": 1765000227423}, {"id": "1007916272", "price": 133.14, "amount": 15.02, "side": "buy", "timestamp": 1765000227967}, {"id": "1007916273", "price": 133.14, "amount": 0.65, "side": "buy", "timestamp": 1765000228129}, {"id": "1007916274", "price": 133.13, "amount": 6.08, "side": "sell", "timestamp": 1765000228284}, {"id": "1007916275", "price": 133.14, "amount": 0.19, "side": "buy", "timestamp": 1765000228369}, {"id": "1007916276", "price": 133.14, "amount": 0.17, "side": "buy", "timestamp": 1765000228534}, {"id": "1007916277", "price": 133.14, "amount": 66.3, "side": "buy", "timestamp": 1765000228637}, {"id": "1007916278", "price": 133.14, "amount": 0.15, "side": "buy", "timestamp": 1765000228986}, {"id": "1007916279", "price": 133.14, "amount": 4.0, "side": "buy", "timestamp": 1765000229403}, {"id": "1007916280", "price": 133.13, "amount": 24.8, "side": "sell", "timestamp": 1765000229948}, {"id": "1007916281", "price": 133.13, "amount": 36.06, "side": "sell", "timestamp": 1765000230348}, {"id": "1007916282", "price": 133.12, "amount": 1.0, "side": "sell", "timestamp": 1765000231804}, {"id": "1007916283", "price": 133.13, "amount": 9.54, "side": "buy", "timestamp": 1765000232370}, {"id": "1007916284", "price": 133.13, "amount": 0.25, "side": "buy", "timestamp": 1765000232539}, {"id": "1007916285", "price": 133.13, "amount": 0.39, "side": "buy", "timestamp": 1765000233485}, {"id": "1007916286", "price": 133.12, "amount": 0.23, "side": "sell", "timestamp": 1765000233728}, {"id": "1007916287", "price": 133.13, "amount": 0.17, "side": "buy", "timestamp": 1765000234193}, {"id": "1007916288", "price": 133.12, "amount": 225.86, "side": "sell", "timestamp": 1765000234225}, {"id": "1007916289", "price": 133.11, "amount": 4.44, "side": "sell", "timestamp": 1765000234260}, {"id": "1007916290", "price": 133.11, "amount": 0.16, "side": "buy", "timestamp": 1765000234295}, {"id": "1007916291", "price": 133.11, "amount": 43.16, "side": "buy", "timestamp": 1765000235386}, {"id": "1007916292", "price": 133.11, "amount": 0.24, "side": "buy", "timestamp": 1765000235726}, {"id": "1007916293", "price": 133.1, "amount": 0.73, "side": "sell", "timestamp": 1765000235734}, {"id": "1007916294", "price": 133.11, "amount": 0.63, "side": "buy", "timestamp": 1765000235782}, {"id": "1007916295", "price": 133.11, "amount": 0.2, "side": "buy", "timestamp": 1765000236974}, {"id": "1007916296", "price": 133.1, "amount": 0.19, "side": "sell", "timestamp": 1765000237045}, {"id": "1007916297", "price": 133.1, "amount": 0.08, "side": "sell", "timestamp": 1765000237315}, {"id": "1007916298", "price": 133.1, "amount": 0.99, "side": "sell", "timestamp": 1765000237471}, {"id": "1007916299", "price": 133.11, "amount": 200.0, "side": "buy", "timestamp": 1765000238016}, {"id": "1007916300", "price": 133.1, "amount": 0.16, "side": "sell", "timestamp": 1765000238149}, {"id": "1007916301", "price": 133.11, "amount": 0.37, "side": "buy", "timestamp": 1765000238442}, {"id": "1007916302", "price": 133.1, "amount": 1.4, "side": "sell", "timestamp": 1765000239131}, {"id": "1007916303", "price": 133.1, "amount": 15.82, "side": "sell", "timestamp": 1765000239323}, {"id": "1007916304", "price": 133.1, "amount": 0.75, "side": "sell", "timestamp": 1765000239876}, {"id": "1007916305", "price": 133.1, "amount": 0.26, "side": "sell", "timestamp": 1765000240929}, {"id": "1007916306", "price": 133.11, "amount": 40.91, "side": "buy", "timestamp": 1765000242269}, {"id": "1007916307", "price": 133.1, "amount": 1.63, "side": "sell", "timestamp": 1765000243893}, {"id": "1007916308", "price": 133.11, "amount": 0.2, "side": "buy", "timestamp": 1765000243923}, {"id": "1007916309", "price": 133.11, "amount": 0.17, "side": "buy", "timestamp": 1765000244451}, {"id": "1007916364", "price": 133.12, "amount": 2.42, "side": "sell", "timestamp": 1765000277738}, {"id": "1007916365", "price": 133.13, "amount": 0.8, "side": "buy", "timestamp": 1765000277798}, {"id": "1007916366", "price": 133.13, "amount": 0.5, "side": "buy", "timestamp": 1765000278048}, {"id": "1007916367", "price": 133.13, "amount": 0.2, "side": "buy", "timestamp": 1765000278823}, {"id": "1007916368", "price": 133.12, "amount": 55.0, "side": "sell", "timestamp": 1765000279047}, {"id": "1007916369", "price": 133.13, "amount": 0.04, "side": "buy", "timestamp": 1765000279523}, {"id": "1007916370", "price": 133.12, "amount": 0.14, "side": "sell", "timestamp": 1765000279761}, {"id": "1007916371", "price": 133.13, "amount": 1.5, "side": "buy", "timestamp": 1765000279846}, {"id": "1007916372", "price": 133.12, "amount": 0.12, "side": "sell", "timestamp": 1765000280294}, {"id": "1007916373", "price": 133.13, "amount": 195.32, "side": "buy", "timestamp": 1765000280392}, {"id": "1007916374", "price": 133.13, "amount": 7.51, "side": "sell", "timestamp": 1765000280458}, {"id": "1007916375", "price": 133.13, "amount": 0.06, "side": "sell", "timestamp": 1765000280621}, {"id": "1007916376", "price": 133.14, "amount": 17.1, "side": "buy", "timestamp": 1765000280808}, {"id": "1007916377", "price": 133.13, "amount": 1.05, "side": "sell", "timestamp": 1765000280854}, {"id": "1007916378", "price": 133.13, "amount": 50.0, "side": "sell", "timestamp": 1765000281052}, {"id": "1007916379", "price": 133.14, "amount": 6.31, "side": "buy", "timestamp": 1765000281494}, {"id": "1007916380", "price": 133.14, "amount": 0.74, "side": "sell", "timestamp": 1765000281559}, {"id": "1007916381", "price": 133.15, "amount": 0.07, "side": "buy", "timestamp": 1765000282071}, {"id": "1007916382", "price": 133.15, "amount": 3.27, "side": "buy", "timestamp": 1765000282458}, {"id": "1007916383", "price": 133.15, "amount": 6.09, "side": "buy", "timestamp": 1765000283032}, {"id": "1007916384", "price": 133.15, "amount": 0.04, "side": "buy", "timestamp": 1765000283319}, {"id": "1007916385", "price": 133.15, "amount": 0.39, "side": "buy", "timestamp": 1765000283474}, {"id": "1007916386", "price": 133.15, "amount": 0.14, "side": "buy", "timestamp": 1765000283637}, {"id": "1007916387", "price": 133.14, "amount": 3.95, "side": "sell", "timestamp": 1765000283930}, {"id": "1007916388", "price": 133.15, "amount": 1.04, "side": "buy", "timestamp": 1765000284683}, {"id": "1007916389", "price": 133.15, "amount": 55.73, "side": "buy", "timestamp": 1765000284821}, {"id": "1007916390", "price": 133.15, "amount": 0.05, "side": "sell", "timestamp": 1765000285015}, {"id": "1007916391", "price": 133.16, "amount": 0.22, "side": "buy", "timestamp": 1765000285191}, {"id": "1007916392", "price": 133.16, "amount": 5.0, "side": "buy", "timestamp": 1765000285422}, {"id": "1007916393", "price": 133.15, "amount": 8.63, "side": "sell", "timestamp": 1765000286031}, {"id": "1007916394", "price": 133.15, "amount": 1.24, "side": "sell", "timestamp": 1765000287421}, {"id": "1007916395", "price": 133.16, "amount": 0.05, "side": "buy", "timestamp": 1765000288481}, {"id": "1007916396", "price": 133.15, "amount": 17.91, "side": "sell", "timestamp": 1765000288670}, {"id": "1007916397", "price": 133.15, "amount": 14.78, "side": "sell", "timestamp": 1765000288779}, {"id": "1007916398", "price": 133.16, "amount": 0.17, "side": "buy", "timestamp": 1765000288819}, {"id": "1007916399", "price": 133.16, "amount": 3.14, "side": "buy", "timestamp": 1765000289084}, {"id": "1007916400", "price": 133.15, "amount": 0.15, "side": "sell", "timestamp": 1765000289717}, {"id": "1007916401", "price": 133.16, "amount": 128.12, "side": "buy", "timestamp": 1765000289814}, {"id": "1007916402", "price": 133.16, "amount": 0.12, "side": "buy", "timestamp": 1765000290816}, {"id": "1007916403", "price": 133.16, "amount": 0.17, "side": "buy", "timestamp": 1765000291169}, {"id": "1007916404", "price": 133.16, "amount": 0.18, "side": "buy", "timestamp": 1765000291319}, {"id": "1007916405", "price": 133.16, "amount": 8.26, "side": "buy", "timestamp": 1765000292564}, {"id": "1007916406", "price": 133.15, "amount": 0.26, "side": "sell", "timestamp": 1765000292690}, {"id": "1007916407", "price": 133.16, "amount": 16.85, "side": "buy", "timestamp": 1765000293665}, {"id": "1007916408", "price": 133.15, "amount": 9.25, "side": "sell", "timestamp": 1765000294454}, {"id": "1007916409", "price": 133.15, "amount": 0.07, "side": "sell", "timestamp": 1765000294613}, {"id": "1007916410", "price": 133.16, "amount": 0.07, "side": "buy", "timestamp": 1765000295378}, {"id": "1007916411", "price": 133.15, "amount": 0.09, "side": "sell", "timestamp": 1765000295665}, {"id": "1007916412", "price": 133.16, "amount": 0.56, "side": "buy", "timestamp": 1765000295820}, {"id": "1007916413", "price": 133.15, "amount": 0.39, "side": "sell", "timestamp": 1765000296152}, {"id": "1007916468", "price": 133.11, "amount": 0.47, "side": "sell", "timestamp": 1765000321412}, {"id": "1007916469", "price": 133.12, "amount": 0.37, "side": "buy", "timestamp": 1765000321728}, {"id": "1007916470", "price": 133.12, "amount": 0.4, "side": "buy", "timestamp": 1765000322252}, {"id": "1007916471", "price": 133.12, "amount": 0.17, "side": "buy", "timestamp": 1765000323236}, {"id": "1007916472", "price": 133.11, "amount": 31.2, "side": "sell", "timestamp": 1765000323748}, {"id": "1007916473", "price": 133.12, "amount": 0.04, "side": "buy", "timestamp": 1765000323867}, {"id": "1007916474", "price": 133.11, "amount": 16.2, "side": "sell", "timestamp": 1765000324219}, {"id": "1007916475", "price": 133.11, "amount": 205.54, "side": "sell", "timestamp": 1765000324667}, {"id": "1007916476", "price": 133.1, "amount": 76.63, "side": "sell", "timestamp": 1765000324669}, {"id": "1007916477", "price": 133.09, "amount": 2.14, "side": "sell", "timestamp": 1765000324712}, {"id": "1007916478", "price": 133.09, "amount": 15.0, "side": "sell", "timestamp": 1765000325040}, {"id": "1007916479", "price": 133.1, "amount": 0.24, "side": "buy", "timestamp": 1765000326956}, {"id": "1007916480", "price": 133.1, "amount": 0.31, "side": "buy", "timestamp": 1765000327570}, {"id": "1007916481", "price": 133.09, "amount": 0.3, "side": "sell", "timestamp": 1765000328148}, {"id": "1007916482", "price": 133.09, "amount": 1.49, "side": "sell", "timestamp": 1765000328738}, {"id": "1007916483", "price": 133.09, "amount": 7.75, "side": "sell", "timestamp": 1765000329528}, {"id": "1007916484", "price": 133.09, "amount": 0.65, "side": "sell", "timestamp": 1765000329785}, {"id": "1007916485", "price": 133.09, "amount": 0.09, "side": "sell", "timestamp": 1765000331662}, {"id": "1007916486", "price": 133.09, "amount": 0.27, "side": "sell", "timestamp": 1765000332745}, {"id": "1007916487", "price": 133.09, "amount": 0.65, "side": "sell", "timestamp": 1765000333122}, {"id": "1007916488", "price": 133.1, "amount": 0.17, "side": "buy", "timestamp": 1765000334604}, {"id": "1007916489", "price": 133.09, "amount": 0.65, "side": "sell", "timestamp": 1765000334780}, {"id": "1007916490", "price": 133.09, "amount": 0.14, "side": "sell", "timestamp": 1765000335374}, {"id": "1007916491", "price": 133.1, "amount": 0.33, "side": "buy", "timestamp": 1765000335564}, {"id": "1007916492", "price": 133.09, "amount": 1.0, "side": "sell", "timestamp": 1765000335894}, {"id": "1007916493", "price": 133.09, "amount": 0.31, "side": "sell", "timestamp": 1765000336141}, {"id": "1007916494", "price": 133.09, "amount": 0.26, "side": "sell", "timestamp": 1765000336742}, {"id": "1007916495", "price": 133.1, "amount": 0.05, "side": "buy", "timestamp": 1765000336893}, {"id": "1007916496", "price": 133.09, "amount": 3.61, "side": "sell", "timestamp": 1765000337605}, {"id": "1007916497", "price": 133.1, "amount": 3.58, "side": "buy", "timestamp": 1765000337702}, {"id": "1007916498", "price": 133.09, "amount": 25.72, "side": "sell", "timestamp": 1765000337740}, {"id": "1007916499", "price": 133.09, "amount": 3.93, "side": "buy", "timestamp": 1765000339079}, {"id": "1007916500", "price": 133.08, "amount": 31.2, "side": "sell", "timestamp": 1765000339108}, {"id": "1007916501", "price": 133.09, "amount": 0.17, "side": "buy", "timestamp": 1765000339610}, {"id": "1007916502", "price": 133.09, "amount": 0.13, "side": "buy", "timestamp": 1765000339879}, {"id": "1007916503", "price": 133.08, "amount": 3.88, "side": "sell", "timestamp": 1765000340023}, {"id": "1007916504", "price": 133.08, "amount": 0.71, "side": "sell", "timestamp": 1765000342398}, {"id": "1007916505", "price": 133.09, "amount": 0.05, "side": "buy", "timestamp": 1765000342943}, {"id": "1007916506", "price": 133.09, "amount": 0.08, "side": "buy", "timestamp": 1765000344335}, {"id": "1007916507", "price": 133.08, "amount": 11.43, "side": "sell", "timestamp": 1765000344371}, {"id": "1007916508", "price": 133.08, "amount": 1.0, "side": "sell", "timestamp": 1765000344509}, {"id": "1007916509", "price": 133.08, "amount": 0.59, "side": "sell", "timestamp": 1765000344955}, {"id": "1007916510", "price": 133.08, "amount": 2.44, "side": "sell", "timestamp": 1765000345535}, {"id": "1007916511", "price": 133.07, "amount": 83.55, "side": "sell", "timestamp": 1765000345666}, {"id": "1007916512", "price": 133.07, "amount": 0.28, "side": "buy", "timestamp": 1765000345759}, {"id": "1007916513", "price": 133.06, "amount": 0.52, "side": "sell", "timestamp": 1765000345925}, {"id": "1007916514", "price": 133.07, "amount": 0.05, "side": "buy", "timestamp": 1765000346649}, {"id": "1007916515", "price": 133.07, "amount": 0.54, "side": "buy", "timestamp": 1765000347204}, {"id": "1007916516", "price": 133.07, "amount": 0.04, "side": "buy", "timestamp": 1765000347594}, {"id": "1007916517", "price": 133.07, "amount": 0.06, "side": "buy", "timestamp": 1765000347987}, {"id": "1007916561", "price": 133.12, "amount": 0.19, "side": "buy", "timestamp": 1765000370821}, {"id": "1007916562", "price": 133.11, "amount": 1.54, "side": "sell", "timestamp": 1765000371325}, {"id": "1007916563", "price": 133.12, "amount": 0.17, "side": "buy", "timestamp": 1765000371788}, {"id": "1007916564", "price": 133.11, "amount": 0.04, "side": "sell", "timestamp": 1765000371920}, {"id": "1007916565", "price": 133.12, "amount": 0.04, "side": "buy", "timestamp": 1765000372273}, {"id": "1007916566", "price": 133.12, "amount": 0.11, "side": "buy", "timestamp": 1765000372540}, {"id": "1007916567", "price": 133.11, "amount": 12.72, "side": "sell", "timestamp": 1765000372823}, {"id": "1007916568", "price": 133.11, "amount": 5.84, "side": "buy", "timestamp": 1765000374181}, {"id": "1007916569", "price": 133.11, "amount": 0.28, "side": "buy", "timestamp": 1765000374770}, {"id": "1007916570", "price": 133.1, "amount": 0.05, "side": "sell", "timestamp": 1765000376196}, {"id": "1007916571", "price": 133.11, "amount": 0.04, "side": "buy", "timestamp": 1765000376256}, {"id": "1007916572", "price": 133.1, "amount": 0.39, "side": "sell", "timestamp": 1765000376766}, {"id": "1007916573", "price": 133.1, "amount": 0.49, "side": "sell", "timestamp": 1765000377175}, {"id": "1007916574", "price": 133.11, "amount": 3.88, "side": "buy", "timestamp": 1765000377183}, {"id": "1007916575", "price": 133.11, "amount": 0.04, "side": "buy", "timestamp": 1765000378425}, {"id": "1007916576", "price": 133.11, "amount": 2.14, "side": "buy", "timestamp": 1765000379263}, {"id": "1007916577", "price": 133.1, "amount": 3.64, "side": "sell", "timestamp": 1765000379500}, {"id": "1007916578", "price": 133.1, "amount": 0.07, "side": "sell", "timestamp": 1765000379821}, {"id": "1007916579", "price": 133.1, "amount": 0.11, "side": "sell", "timestamp": 1765000379929}, {"id": "1007916580", "price": 133.11, "amount": 0.13, "side": "buy", "timestamp": 1765000380237}, {"id": "1007916581", "price": 133.11, "amount": 77.37, "side": "buy", "timestamp": 1765000380714}, {"id": "1007916582", "price": 133.12, "amount": 33.44, "side": "buy", "timestamp": 1765000380726}, {"id": "1007916583", "price": 133.13, "amount": 1.92, "side": "buy", "timestamp": 1765000380751}, {"id": "1007916584", "price": 133.14, "amount": 0.24, "side": "buy", "timestamp": 1765000381316}, {"id": "1007916585", "price": 133.13, "amount": 0.05, "side": "sell", "timestamp": 1765000382843}, {"id": "1007916586", "price": 133.13, "amount": 0.93, "side": "sell", "timestamp": 1765000385008}, {"id": "1007916587", "price": 133.14, "amount": 3.86, "side": "buy", "timestamp": 1765000385108}, {"id": "1007916588", "price": 133.13, "amount": 2.37, "side": "sell", "timestamp": 1765000385567}, {"id": "1007916589", "price": 133.14, "amount": 0.24, "side": "buy", "timestamp": 1765000385712}, {"id": "1007916590", "price": 133.13, "amount": 27.42, "side": "sell", "timestamp": 1765000387598}, {"id": "1007916591", "price": 133.12, "amount": 47.14, "side": "sell", "timestamp": 1765000387650}, {"id": "1007916592", "price": 133.12, "amount": 0.12, "side": "buy", "timestamp": 1765000387710}, {"id": "1007916593", "price": 133.12, "amount": 0.45, "side": "buy", "timestamp": 1765000388232}, {"id": "1007916594", "price": 133.11, "amount": 0.55, "side": "sell", "timestamp": 1765000388762}, {"id": "1007916595", "price": 133.12, "amount": 2.2, "side": "buy", "timestamp": 1765000389251}, {"id": "1007916596", "price": 133.11, "amount": 0.26, "side": "sell", "timestamp": 1765000389712}, {"id": "1007916597", "price": 133.11, "amount": 0.57, "side": "sell", "timestamp": 1765000389883}, {"id": "1007916598", "price": 133.11, "amount": 0.44, "side": "sell", "timestamp": 1765000390077}, {"id": "1007916599", "price": 133.11, "amount": 1.88, "side": "sell", "timestamp": 1765000390655}, {"id": "1007916600", "price": 133.1, "amount": 0.19, "side": "sell", "timestamp": 1765000393260}, {"id": "1007916601", "price": 133.11, "amount": 0.04, "side": "buy", "timestamp": 1765000393777}, {"id": "1007916602", "price": 133.11, "amount": 0.45, "side": "buy", "timestamp": 1765000394183}, {"id": "1007916603", "price": 133.1, "amount": 0.65, "side": "sell", "timestamp": 1765000394805}, {"id": "1007916604", "price": 133.1, "amount": 0.39, "side": "sell", "timestamp": 1765000395082}, {"id": "1007916605", "price": 133.11, "amount": 0.78, "side": "buy", "timestamp": 1765000395628}, {"id": "1007916606", "price": 133.11, "amount": 0.23, "side": "buy", "timestamp": 1765000396348}, {"id": "1007916607", "price": 133.11, "amount": 1.51, "side": "buy", "timestamp": 1765000397318}, {"id": "1007916608", "price": 133.1, "amount": 0.35, "side": "sell", "timestamp": 1765000399609}, {"id": "1007916609", "price": 133.1, "amount": 0.5, "side": "sell", "timestamp": 1765000399744}, {"id": "1007916610", "price": 133.11, "amount": 0.04, "side": "buy", "timestamp": 1765000399858}, {"id": "1007916647", "price": 133.09, "amount": 372.32, "side": "buy", "timestamp": 1765000416794}, {"id": "1007916648", "price": 133.1, "amount": 4.11, "side": "buy", "timestamp": 1765000416849}, {"id": "1007916649", "price": 133.11, "amount": 28.68, "side": "buy", "timestamp": 1765000416852}, {"id": "1007916650", "price": 133.11, "amount": 1.73, "side": "sell", "timestamp": 1765000418943}, {"id": "1007916651", "price": 133.11, "amount": 1.73, "side": "sell", "timestamp": 1765000419068}, {"id": "1007916652", "price": 133.12, "amount": 0.04, "side": "buy", "timestamp": 1765000419421}, {"id": "1007916653", "price": 133.12, "amount": 14.78, "side": "buy", "timestamp": 1765000419581}, {"id": "1007916654", "price": 133.13, "amount": 24.26, "side": "buy", "timestamp": 1765000419702}, {"id": "1007916655", "price": 133.13, "amount": 33.73, "side": "sell", "timestamp": 1765000420020}, {"id": "1007916656", "price": 133.14, "amount": 13.16, "side": "buy", "timestamp": 1765000422203}, {"id": "1007916657", "price": 133.14, "amount": 0.73, "side": "buy", "timestamp": 1765000422338}, {"id": "1007916658", "price": 133.14, "amount": 1.0, "side": "buy", "timestamp": 1765000426414}, {"id": "1007916659", "price": 133.13, "amount": 2.78, "side": "sell", "timestamp": 1765000427113}, {"id": "1007916660", "price": 133.14, "amount": 0.37, "side": "buy", "timestamp": 1765000427450}, {"id": "1007916661", "price": 133.13, "amount": 75.1, "side": "sell", "timestamp": 1765000427472}, {"id": "1007916662", "price": 133.13, "amount": 0.07, "side": "sell", "timestamp": 1765000427625}, {"id": "1007916663", "price": 133.14, "amount": 7.76, "side": "buy", "timestamp": 1765000427814}, {"id": "1007916664", "price": 133.13, "amount": 0.71, "side": "sell", "timestamp": 1765000428763}, {"id": "1007916665", "price": 133.14, "amount": 75.1, "side": "buy", "timestamp": 1765000429609}, {"id": "1007916666", "price": 133.13, "amount": 0.62, "side": "sell", "timestamp": 1765000429715}, {"id": "1007916667", "price": 133.13, "amount": 0.39, "side": "sell", "timestamp": 1765000430033}, {"id": "1007916668", "price": 133.14, "amount": 0.71, "side": "buy", "timestamp": 1765000430750}, {"id": "1007916669", "price": 133.14, "amount": 0.14, "side": "buy", "timestamp": 1765000432329}, {"id": "1007916670", "price": 133.14, "amount": 0.05, "side": "buy", "timestamp": 1765000432932}, {"id": "1007916671", "price": 133.13, "amount": 0.17, "side": "sell", "timestamp": 1765000433095}, {"id": "1007916672", "price": 133.13, "amount": 0.18, "side": "sell", "timestamp": 1765000434620}, {"id": "1007916673", "price": 133.13, "amount": 90.26, "side": "sell", "timestamp": 1765000435753}, {"id": "1007916674", "price": 133.14, "amount": 1.49, "side": "buy", "timestamp": 1765000437569}, {"id": "1007916675", "price": 133.14, "amount": 1.76, "side": "buy", "timestamp": 1765000437929}, {"id": "1007916676", "price": 133.14, "amount": 15.02, "side": "buy", "timestamp": 1765000439204}, {"id": "1007916677", "price": 133.13, "amount": 0.09, "side": "sell", "timestamp": 1765000439663}, {"id": "1007916678", "price": 133.14, "amount": 0.27, "side": "buy", "timestamp": 1765000441041}, {"id": "1007916679", "price": 133.14, "amount": 0.06, "side": "buy", "timestamp": 1765000442474}, {"id": "1007916680", "price": 133.14, "amount": 149.74, "side": "buy", "timestamp": 1765000442672}, {"id": "1007916681", "price": 133.14, "amount": 0.05, "side": "buy", "timestamp": 1765000443217}, {"id": "1007916682", "price": 133.13, "amount": 95.36, "side": "sell", "timestamp": 1765000443359}, {"id": "1007916683", "price": 133.12, "amount": 2.07, "side": "sell", "timestamp": 1765000443367}, {"id": "1007916684", "price": 133.12, "amount": 57.93, "side": "buy", "timestamp": 1765000444653}, {"id": "1007916685", "price": 133.12, "amount": 0.33, "side": "sell", "timestamp": 1765000446814}, {"id": "1007916686", "price": 133.13, "amount": 0.15, "side": "buy", "timestamp": 1765000447191}, {"id": "1007916687", "price": 133.13, "amount": 3.75, "side": "buy", "timestamp": 1765000447361}, {"id": "1007916688", "price": 133.12, "amount": 27.76, "side": "sell", "timestamp": 1765000447499}, {"id": "1007916689", "price": 133.13, "amount": 49.59, "side": "buy", "timestamp": 1765000447544}, {"id": "1007916690", "price": 133.13, "amount": 0.06, "side": "buy", "timestamp": 1765000447887}, {"id": "1007916691", "price": 133.13, "amount": 0.24, "side": "buy", "timestamp": 1765000448158}, {"id": "1007916692", "price": 133.13, "amount": 0.41, "side": "buy", "timestamp": 1765000449254}, {"id": "1007916693", "price": 133.12, "amount": 0.8, "side": "sell", "timestamp": 1765000449757}, {"id": "1007916694", "price": 133.12, "amount": 0.55, "side": "sell", "timestamp": 1765000449942}, {"id": "1007916695", "price": 133.12, "amount": 1.54, "side": "sell", "timestamp": 1765000451535}, {"id": "1007916696", "price": 133.13, "amount": 0.08, "side": "buy", "timestamp": 1765000452070}, {"id": "1007916739", "price": 133.15, "amount": 0.2, "side": "buy", "timestamp": 1765000468834}, {"id": "1007916740", "price": 133.15, "amount": 8.59, "side": "buy", "timestamp": 1765000469282}, {"id": "1007916741", "price": 133.14, "amount": 0.9, "side": "sell", "timestamp": 1765000469975}, {"id": "1007916742", "price": 133.15, "amount": 0.04, "side": "buy", "timestamp": 1765000470210}, {"id": "1007916743", "price": 133.15, "amount": 2.08, "side": "buy", "timestamp": 1765000474604}, {"id": "1007916744", "price": 133.14, "amount": 0.17, "side": "sell", "timestamp": 1765000474754}, {"id": "1007916745", "price": 133.14, "amount": 0.72, "side": "sell", "timestamp": 1765000474889}, {"id": "1007916746", "price": 133.15, "amount": 48.66, "side": "buy", "timestamp": 1765000474956}, {"id": "1007916747", "price": 133.15, "amount": 0.05, "side": "buy", "timestamp": 1765000475156}, {"id": "1007916748", "price": 133.15, "amount": 0.21, "side": "buy", "timestamp": 1765000475461}, {"id": "1007916749", "price": 133.14, "amount": 0.09, "side": "sell", "timestamp": 1765000475672}, {"id": "1007916750", "price": 133.14, "amount": 3.71, "side": "sell", "timestamp": 1765000475788}, {"id": "1007916751", "price": 133.15, "amount": 0.4, "side": "buy", "timestamp": 1765000476746}, {"id": "1007916752", "price": 133.15, "amount": 15.69, "side": "buy", "timestamp": 1765000477165}, {"id": "1007916753", "price": 133.14, "amount": 12.62, "side": "sell", "timestamp": 1765000477217}, {"id": "1007916754", "price": 133.15, "amount": 5.0, "side": "buy", "timestamp": 1765000477405}, {"id": "1007916755", "price": 133.15, "amount": 14.06, "side": "buy", "timestamp": 1765000478114}, {"id": "1007916756", "price": 133.14, "amount": 1.1, "side": "sell", "timestamp": 1765000478614}, {"id": "1007916757", "price": 133.14, "amount": 73.73, "side": "sell", "timestamp": 1765000479039}, {"id": "1007916758", "price": 133.13, "amount": 5.8, "side": "sell", "timestamp": 1765000479052}, {"id": "1007916759", "price": 133.12, "amount": 0.7, "side": "sell", "timestamp": 1765000479734}, {"id": "1007916760", "price": 133.12, "amount": 0.23, "side": "sell", "timestamp": 1765000479975}, {"id": "1007916761", "price": 133.13, "amount": 3.75, "side": "buy", "timestamp": 1765000480927}, {"id": "1007916762", "price": 133.13, "amount": 0.04, "side": "buy", "timestamp": 1765000481432}, {"id": "1007916763", "price": 133.12, "amount": 0.05, "side": "sell", "timestamp": 1765000482800}, {"id": "1007916764", "price": 133.13, "amount": 0.05, "side": "buy", "timestamp": 1765000483152}, {"id": "1007916765", "price": 133.13, "amount": 0.06, "side": "buy", "timestamp": 1765000483500}, {"id": "1007916766", "price": 133.13, "amount": 5.12, "side": "buy", "timestamp": 1765000484025}, {"id": "1007916767", "price": 133.12, "amount": 0.95, "side": "sell", "timestamp": 1765000484709}, {"id": "1007916768", "price": 133.12, "amount": 0.05, "side": "sell", "timestamp": 1765000484859}, {"id": "1007916769", "price": 133.13, "amount": 0.04, "side": "buy", "timestamp": 1765000488044}, {"id": "1007916770", "price": 133.13, "amount": 7.53, "side": "buy", "timestamp": 1765000488892}, {"id": "1007916771", "price": 133.13, "amount": 5.27, "side": "buy", "timestamp": 1765000489513}, {"id": "1007916772", "price": 133.12, "amount": 0.98, "side": "sell", "timestamp": 1765000489877}, {"id": "1007916773", "price": 133.13, "amount": 1.76, "side": "buy", "timestamp": 1765000490858}, {"id": "1007916774", "price": 133.13, "amount": 0.09, "side": "buy", "timestamp": 1765000491611}, {"id": "1007916775", "price": 133.13, "amount": 49.5, "side": "buy", "timestamp": 1765000492071}, {"id": "1007916776", "price": 133.14, "amount": 0.44, "side": "buy", "timestamp": 1765000493901}, {"id": "1007916777", "price": 133.14, "amount": 0.65, "side": "buy", "timestamp": 1765000494151}, {"id": "1007916778", "price": 133.14, "amount": 18.78, "side": "buy", "timestamp": 1765000494957}, {"id": "1007916779", "price": 133.15, "amount": 0.09, "side": "buy", "timestamp": 1765000495279}, {"id": "1007916780", "price": 133.14, "amount": 0.25, "side": "sell", "timestamp": 1765000495740}, {"id": "1007916781", "price": 133.15, "amount": 0.04, "side": "buy", "timestamp": 1765000496121}, {"id": "1007916782", "price": 133.14, "amount": 0.16, "side": "sell", "timestamp": 1765000497111}, {"id": "1007916783", "price": 133.15, "amount": 0.23, "side": "buy", "timestamp": 1765000498408}, {"id": "1007916784", "price": 133.15, "amount": 25.19, "side": "buy", "timestamp": 1765000500456}, {"id": "1007916785", "price": 133.15, "amount": 0.48, "side": "buy", "timestamp": 1765000501395}, {"id": "1007916786", "price": 133.15, "amount": 0.12, "side": "buy", "timestamp": 1765000501799}, {"id": "1007916787", "price": 133.15, "amount": 0.05, "side": "buy", "timestamp": 1765000502305}, {"id": "1007916788", "price": 133.14, "amount": 35.34, "side": "sell", "timestamp": 1765000502439}, {"id": "1007916839", "price": 133.16, "amount": 20.42, "side": "buy", "timestamp": 1765000532006}, {"id": "1007916840", "price": 133.17, "amount": 17.74, "side": "buy", "timestamp": 1765000532166}, {"id": "1007916841", "price": 133.18, "amount": 1.31, "side": "buy", "timestamp": 1765000532516}, {"id": "1007916842", "price": 133.17, "amount": 1.11, "side": "sell", "timestamp": 1765000533031}, {"id": "1007916843", "price": 133.18, "amount": 21.98, "side": "buy", "timestamp": 1765000533031}, {"id": "1007916844", "price": 133.17, "amount": 0.04, "side": "sell", "timestamp": 1765000533031}, {"id": "1007916845", "price": 133.18, "amount": 0.05, "side": "buy", "timestamp": 1765000533125}, {"id": "1007916846", "price": 133.18, "amount": 1.3, "side": "buy", "timestamp": 1765000533439}, {"id": "1007916847", "price": 133.18, "amount": 0.31, "side": "buy", "timestamp": 1765000533835}, {"id": "1007916848", "price": 133.18, "amount": 5.3, "side": "buy", "timestamp": 1765000534379}, {"id": "1007916849", "price": 133.18, "amount": 0.03, "side": "buy", "timestamp": 1765000534774}, {"id": "1007916850", "price": 133.17, "amount": 0.05, "side": "sell", "timestamp": 1765000534822}, {"id": "1007916851", "price": 133.18, "amount": 0.05, "side": "buy", "timestamp": 1765000534967}, {"id": "1007916852", "price": 133.18, "amount": 1.3, "side": "buy", "timestamp": 1765000535380}, {"id": "1007916853", "price": 133.18, "amount": 1.29, "side": "buy", "timestamp": 1765000536348}, {"id": "1007916854", "price": 133.18, "amount": 4.0, "side": "buy", "timestamp": 1765000538564}, {"id": "1007916855", "price": 133.18, "amount": 15.94, "side": "buy", "timestamp": 1765000539329}, {"id": "1007916856", "price": 133.17, "amount": 102.36, "side": "sell", "timestamp": 1765000540102}, {"id": "1007916857", "price": 133.16, "amount": 15.41, "side": "sell", "timestamp": 1765000540206}, {"id": "1007916858", "price": 133.16, "amount": 152.05, "side": "buy", "timestamp": 1765000540270}, {"id": "1007916859", "price": 133.15, "amount": 4.06, "side": "sell", "timestamp": 1765000540326}, {"id": "1007916860", "price": 133.16, "amount": 1.08, "side": "buy", "timestamp": 1765000540471}, {"id": "1007916861", "price": 133.15, "amount": 0.11, "side": "sell", "timestamp": 1765000540732}, {"id": "1007916862", "price": 133.16, "amount": 0.07, "side": "buy", "timestamp": 1765000541057}, {"id": "1007916863", "price": 133.15, "amount": 3.74, "side": "sell", "timestamp": 1765000541099}, {"id": "1007916864", "price": 133.15, "amount": 0.45, "side": "sell", "timestamp": 1765000541218}, {"id": "1007916865", "price": 133.16, "amount": 0.04, "side": "buy", "timestamp": 1765000541339}, {"id": "1007916866", "price": 133.15, "amount": 61.42, "side": "sell", "timestamp": 1765000541620}, {"id": "1007916867", "price": 133.16, "amount": 14.86, "side": "buy", "timestamp": 1765000542921}, {"id": "1007916868", "price": 133.17, "amount": 31.91, "side": "buy", "timestamp": 1765000542936}, {"id": "1007916869", "price": 133.18, "amount": 0.44, "side": "buy", "timestamp": 1765000542972}, {"id": "1007916870", "price": 133.18, "amount": 9.88, "side": "buy", "timestamp": 1765000543569}, {"id": "1007916871", "price": 133.17, "amount": 0.6, "side": "sell", "timestamp": 1765000544352}, {"id": "1007916872", "price": 133.18, "amount": 0.01, "side": "buy", "timestamp": 1765000545309}, {"id": "1007916873", "price": 133.18, "amount": 11.96, "side": "buy", "timestamp": 1765000545788}, {"id": "1007916874", "price": 133.18, "amount": 33.68, "side": "buy", "timestamp": 1765000547420}, {"id": "1007916875", "price": 133.17, "amount": 0.09, "side": "sell", "timestamp": 1765000547666}, {"id": "1007916876", "price": 133.18, "amount": 0.11, "side": "buy", "timestamp": 1765000547860}, {"id": "1007916877", "price": 133.18, "amount": 3.74, "side": "buy", "timestamp": 1765000548109}, {"id": "1007916878", "price": 133.18, "amount": 2.1, "side": "buy", "timestamp": 1765000548837}, {"id": "1007916879", "price": 133.17, "amount": 2.9, "side": "sell", "timestamp": 1765000549454}, {"id": "1007916880", "price": 133.17, "amount": 0.07, "side": "sell", "timestamp": 1765000549865}, {"id": "1007916881", "price": 133.18, "amount": 0.22, "side": "buy", "timestamp": 1765000550060}, {"id": "1007916882", "price": 133.17, "amount": 7.71, "side": "sell", "timestamp": 1765000550254}, {"id": "1007916883", "price": 133.17, "amount": 1.0, "side": "sell", "timestamp": 1765000550431}, {"id": "1007916884", "price": 133.18, "amount": 0.01, "side": "buy", "timestamp": 1765000551585}, {"id": "1007916885", "price": 133.18, "amount": 10.46, "side": "buy", "timestamp": 1765000552715}, {"id": "1007916886", "price": 133.18, "amount": 0.07, "side": "buy", "timestamp": 1765000553842}, {"id": "1007916887", "price": 133.18, "amount": 3.64, "side": "buy", "timestamp": 1765000554102}, {"id": "1007916888", "price": 133.18, "amount": 0.04, "side": "buy", "timestamp": 1765000555347}, {"id": "1007916945", "price": 133.15, "amount": 52.53, "side": "sell", "timestamp": 1765000580863}, {"id": "1007916946", "price": 133.16, "amount": 11.26, "side": "buy", "timestamp": 1765000580928}, {"id": "1007916947", "price": 133.15, "amount": 0.56, "side": "sell", "timestamp": 1765000580980}, {"id": "1007916948", "price": 133.15, "amount": 0.91, "side": "sell", "timestamp": 1765000581233}, {"id": "1007916949", "price": 133.16, "amount": 1.0, "side": "buy", "timestamp": 1765000581326}, {"id": "1007916950", "price": 133.16, "amount": 1.39, "side": "buy", "timestamp": 1765000581441}, {"id": "1007916951", "price": 133.15, "amount": 0.33, "side": "sell", "timestamp": 1765000581709}, {"id": "1007916952", "price": 133.15, "amount": 0.09, "side": "sell", "timestamp": 1765000583666}, {"id": "1007916953", "price": 133.15, "amount": 57.26, "side": "sell", "timestamp": 1765000584341}, {"id": "1007916954", "price": 133.15, "amount": 2.5, "side": "buy", "timestamp": 1765000584451}, {"id": "1007916955", "price": 133.14, "amount": 0.57, "side": "sell", "timestamp": 1765000584712}, {"id": "1007916956", "price": 133.15, "amount": 100.0, "side": "buy", "timestamp": 1765000585140}, {"id": "1007916957", "price": 133.15, "amount": 6.3, "side": "buy", "timestamp": 1765000585295}, {"id": "1007916958", "price": 133.15, "amount": 126.41, "side": "buy", "timestamp": 1765000585869}, {"id": "1007916959", "price": 133.15, "amount": 0.04, "side": "buy", "timestamp": 1765000586987}, {"id": "1007916960", "price": 133.14, "amount": 29.97, "side": "sell", "timestamp": 1765000587791}, {"id": "1007916961", "price": 133.14, "amount": 2.46, "side": "buy", "timestamp": 1765000588081}, {"id": "1007916962", "price": 133.14, "amount": 0.58, "side": "buy", "timestamp": 1765000589509}, {"id": "1007916963", "price": 133.13, "amount": 4.66, "side": "sell", "timestamp": 1765000589844}, {"id": "1007916964", "price": 133.12, "amount": 0.6, "side": "sell", "timestamp": 1765000589874}, {"id": "1007916965", "price": 133.12, "amount": 0.25, "side": "sell", "timestamp": 1765000590117}, {"id": "1007916966", "price": 133.13, "amount": 0.04, "side": "buy", "timestamp": 1765000590149}, {"id": "1007916967", "price": 133.13, "amount": 0.01, "side": "buy", "timestamp": 1765000590352}, {"id": "1007916968", "price": 133.13, "amount": 0.05, "side": "buy", "timestamp": 1765000590601}, {"id": "1007916969", "price": 133.12, "amount": 14.21, "side": "sell", "timestamp": 1765000591522}, {"id": "1007916970", "price": 133.12, "amount": 0.01, "side": "buy", "timestamp": 1765000592037}, {"id": "1007916971", "price": 133.12, "amount": 0.08, "side": "buy", "timestamp": 1765000592941}, {"id": "1007916972", "price": 133.11, "amount": 10.27, "side": "sell", "timestamp": 1765000593064}, {"id": "1007916973", "price": 133.12, "amount": 375.03, "side": "buy", "timestamp": 1765000593366}, {"id": "1007916974", "price": 133.12, "amount": 3.42, "side": "buy", "timestamp": 1765000594110}, {"id": "1007916975", "price": 133.11, "amount": 0.65, "side": "sell", "timestamp": 1765000594829}, {"id": "1007916976", "price": 133.11, "amount": 1.1, "side": "sell", "timestamp": 1765000596392}, {"id": "1007916977", "price": 133.12, "amount": 0.02, "side": "buy", "timestamp": 1765000596623}, {"id": "1007916978", "price": 133.11, "amount": 1.84, "side": "sell", "timestamp": 1765000597204}, {"id": "1007916979", "price": 133.11, "amount": 7.02, "side": "sell", "timestamp": 1765000597430}, {"id": "1007916980", "price": 133.11, "amount": 0.66, "side": "sell", "timestamp": 1765000599935}, {"id": "1007916981", "price": 133.11, "amount": 0.08, "side": "sell", "timestamp": 1765000600098}, {"id": "1007916982", "price": 133.12, "amount": 1.09, "side": "buy", "timestamp": 1765000600592}, {"id": "1007916983", "price": 133.11, "amount": 31.2, "side": "sell", "timestamp": 1765000601114}, {"id": "1007916984", "price": 133.12, "amount": 0.04, "side": "buy", "timestamp": 1765000601414}, {"id": "1007916985", "price": 133.12, "amount": 0.02, "side": "buy", "timestamp": 1765000601936}, {"id": "1007916986", "price": 133.12, "amount": 7.59, "side": "buy", "timestamp": 1765000602759}, {"id": "1007916987", "price": 133.12, "amount": 0.09, "side": "buy", "timestamp": 1765000602967}, {"id": "1007916988", "price": 133.12, "amount": 3.75, "side": "buy", "timestamp": 1765000603387}, {"id": "1007916989", "price": 133.12, "amount": 0.01, "side": "buy", "timestamp": 1765000604550}, {"id": "1007916990", "price": 133.11, "amount": 1.12, "side": "sell", "timestamp": 1765000604567}, {"id": "1007916991", "price": 133.11, "amount": 0.61, "side": "sell", "timestamp": 1765000604722}, {"id": "1007916992", "price": 133.12, "amount": 0.04, "side": "buy", "timestamp": 1765000606040}, {"id": "1007916993", "price": 133.12, "amount": 0.11, "side": "buy", "timestamp": 1765000606239}, {"id": "1007916994", "price": 133.12, "amount": 0.05, "side": "buy", "timestamp": 1765000607245}, {"id": "1007917047", "price": 133.09, "amount": 8.82, "side": "sell", "timestamp": 1765000634421}, {"id": "1007917048", "price": 133.09, "amount": 0.81, "side": "sell", "timestamp": 1765000634741}, {"id": "1007917049", "price": 133.1, "amount": 0.05, "side": "buy", "timestamp": 1765000635252}, {"id": "1007917050", "price": 133.09, "amount": 0.86, "side": "sell", "timestamp": 1765000635835}, {"id": "1007917051", "price": 133.09, "amount": 0.33, "side": "sell", "timestamp": 1765000636761}, {"id": "1007917052", "price": 133.1, "amount": 0.85, "side": "buy", "timestamp": 1765000636815}, {"id": "1007917053", "price": 133.1, "amount": 0.03, "side": "buy", "timestamp": 1765000636932}, {"id": "1007917054", "price": 133.1, "amount": 0.12, "side": "buy", "timestamp": 1765000637647}, {"id": "1007917055", "price": 133.09, "amount": 195.49, "side": "sell", "timestamp": 1765000638251}, {"id": "1007917056", "price": 133.09, "amount": 5.95, "side": "sell", "timestamp": 1765000638409}, {"id": "1007917057", "price": 133.09, "amount": 0.43, "side": "buy", "timestamp": 1765000638841}, {"id": "1007917058", "price": 133.09, "amount": 0.33, "side": "buy", "timestamp": 1765000639140}, {"id": "1007917059", "price": 133.09, "amount": 0.75, "side": "buy", "timestamp": 1765000639539}, {"id": "1007917060", "price": 133.08, "amount": 0.15, "side": "sell", "timestamp": 1765000639730}, {"id": "1007917061", "price": 133.09, "amount": 0.77, "side": "buy", "timestamp": 1765000639901}, {"id": "1007917062", "price": 133.08, "amount": 0.75, "side": "sell", "timestamp": 1765000640094}, {"id": "1007917063", "price": 133.09, "amount": 7.0, "side": "buy", "timestamp": 1765000640872}, {"id": "1007917064", "price": 133.08, "amount": 0.11, "side": "sell", "timestamp": 1765000641049}, {"id": "1007917065", "price": 133.09, "amount": 0.37, "side": "buy", "timestamp": 1765000641334}, {"id": "1007917066", "price": 133.09, "amount": 1.17, "side": "buy", "timestamp": 1765000641642}, {"id": "1007917067", "price": 133.09, "amount": 163.48, "side": "buy", "timestamp": 1765000642161}, {"id": "1007917068", "price": 133.1, "amount": 8.59, "side": "buy", "timestamp": 1765000642826}, {"id": "1007917069", "price": 133.1, "amount": 3.49, "side": "buy", "timestamp": 1765000643423}, {"id": "1007917070", "price": 133.09, "amount": 17.93, "side": "sell", "timestamp": 1765000643724}, {"id": "1007917071", "price": 133.09, "amount": 5.6, "side": "sell", "timestamp": 1765000644357}, {"id": "1007917072", "price": 133.1, "amount": 0.9, "side": "buy", "timestamp": 1765000644663}, {"id": "1007917073", "price": 133.1, "amount": 0.05, "side": "buy", "timestamp": 1765000646976}, {"id": "1007917074", "price": 133.1, "amount": 297.39, "side": "buy", "timestamp": 1765000647268}, {"id": "1007917075", "price": 133.09, "amount": 0.45, "side": "sell", "timestamp": 1765000647368}, {"id": "1007917076", "price": 133.1, "amount": 0.13, "side": "buy", "timestamp": 1765000647469}, {"id": "1007917077", "price": 133.1, "amount": 0.05, "side": "buy", "timestamp": 1765000648469}, {"id": "1007917078", "price": 133.1, "amount": 0.06, "side": "buy", "timestamp": 1765000648834}, {"id": "1007917079", "price": 133.1, "amount": 0.15, "side": "buy", "timestamp": 1765000649597}, {"id": "1007917080", "price": 133.1, "amount": 0.04, "side": "buy", "timestamp": 1765000650184}, {"id": "1007917081", "price": 133.1, "amount": 1.0, "side": "buy", "timestamp": 1765000650363}, {"id": "1007917082", "price": 133.09, "amount": 0.44, "side": "sell", "timestamp": 1765000651052}, {"id": "1007917083", "price": 133.1, "amount": 0.11, "side": "buy", "timestamp": 1765000651135}, {"id": "1007917084", "price": 133.1, "amount": 0.46, "side": "buy", "timestamp": 1765000651434}, {"id": "1007917085", "price": 133.1, "amount": 0.28, "side": "buy", "timestamp": 1765000651562}, {"id": "1007917086", "price": 133.1, "amount": 0.11, "side": "buy", "timestamp": 1765000652592}, {"id": "1007917087", "price": 133.1, "amount": 0.01, "side": "buy", "timestamp": 1765000652797}, {"id": "1007917088", "price": 133.09, "amount": 9.9, "side": "sell", "timestamp": 1765000653298}, {"id": "1007917089", "price": 133.1, "amount": 0.02, "side": "buy", "timestamp": 1765000653695}, {"id": "1007917090", "price": 133.09, "amount": 0.8, "side": "sell", "timestamp": 1765000654977}, {"id": "1007917091", "price": 133.09, "amount": 21.59, "side": "sell", "timestamp": 1765000655636}, {"id": "1007917092", "price": 133.08, "amount": 0.09, "side": "sell", "timestamp": 1765000655668}, {"id": "1007917093", "price": 133.08, "amount": 0.95, "side": "sell", "timestamp": 1765000655771}, {"id": "1007917094", "price": 133.08, "amount": 0.91, "side": "sell", "timestamp": 1765000655989}, {"id": "1007917095", "price": 133.09, "amount": 20.76, "side": "buy", "timestamp": 1765000658077}, {"id": "1007917096", "price": 133.09, "amount": 10.11, "side": "buy", "timestamp": 1765000658559}, {"id": "1007917147", "price": 133.09, "amount": 0.04, "side": "sell", "timestamp": 1765000686667}, {"id": "1007917148", "price": 133.09, "amount": 2.88, "side": "sell", "timestamp": 1765000687414}, {"id": "1007917149", "price": 133.1, "amount": 0.92, "side": "buy", "timestamp": 1765000687622}, {"id": "1007917150", "price": 133.1, "amount": 0.02, "side": "buy", "timestamp": 1765000687809}, {"id": "1007917151", "price": 133.09, "amount": 1100.54, "side": "sell", "timestamp": 1765000688754}, {"id": "1007917152", "price": 133.09, "amount": 0.75, "side": "buy", "timestamp": 1765000688989}, {"id": "1007917153", "price": 133.08, "amount": 0.44, "side": "sell", "timestamp": 1765000689305}, {"id": "1007917154", "price": 133.08, "amount": 0.14, "side": "sell", "timestamp": 1765000689731}, {"id": "1007917155", "price": 133.08, "amount": 1.11, "side": "sell", "timestamp": 1765000689842}, {"id": "1007917156", "price": 133.08, "amount": 0.08, "side": "sell", "timestamp": 1765000689949}, {"id": "1007917157", "price": 133.08, "amount": 0.37, "side": "sell", "timestamp": 1765000690054}, {"id": "1007917158", "price": 133.09, "amount": 2.0, "side": "buy", "timestamp": 1765000690066}, {"id": "1007917159", "price": 133.08, "amount": 0.09, "side": "sell", "timestamp": 1765000691664}, {"id": "1007917160", "price": 133.08, "amount": 0.07, "side": "sell", "timestamp": 1765000692879}, {"id": "1007917161", "price": 133.08, "amount": 2.32, "side": "sell", "timestamp": 1765000693557}, {"id": "1007917162", "price": 133.09, "amount": 0.04, "side": "buy", "timestamp": 1765000693632}, {"id": "1007917163", "price": 133.08, "amount": 0.04, "side": "sell", "timestamp": 1765000693633}, {"id": "1007917164", "price": 133.08, "amount": 0.66, "side": "sell", "timestamp": 1765000694374}, {"id": "1007917165", "price": 133.08, "amount": 0.12, "side": "sell", "timestamp": 1765000694731}, {"id": "1007917166", "price": 133.08, "amount": 0.94, "side": "sell", "timestamp": 1765000694844}, {"id": "1007917167", "price": 133.08, "amount": 0.41, "side": "sell", "timestamp": 1765000695021}, {"id": "1007917168", "price": 133.08, "amount": 0.35, "side": "sell", "timestamp": 1765000695173}, {"id": "1007917169", "price": 133.09, "amount": 0.12, "side": "buy", "timestamp": 1765000695486}, {"id": "1007917170", "price": 133.09, "amount": 4.0, "side": "buy", "timestamp": 1765000696016}, {"id": "1007917171", "price": 133.09, "amount": 0.06, "side": "buy", "timestamp": 1765000696262}, {"id": "1007917172", "price": 133.08, "amount": 0.05, "side": "sell", "timestamp": 1765000696698}, {"id": "1007917173", "price": 133.08, "amount": 0.04, "side": "sell", "timestamp": 1765000698593}, {"id": "1007917174", "price": 133.09, "amount": 0.01, "side": "buy", "timestamp": 1765000698707}, {"id": "1007917175", "price": 133.08, "amount": 0.37, "side": "sell", "timestamp": 1765000699228}, {"id": "1007917176", "price": 133.09, "amount": 0.19, "side": "buy", "timestamp": 1765000699335}, {"id": "1007917177", "price": 133.08, "amount": 0.59, "side": "sell", "timestamp": 1765000699723}, {"id": "1007917178", "price": 133.08, "amount": 0.86, "side": "sell", "timestamp": 1765000700052}, {"id": "1007917179", "price": 133.08, "amount": 0.35, "side": "sell", "timestamp": 1765000701912}, {"id": "1007917180", "price": 133.09, "amount": 0.01, "side": "buy", "timestamp": 1765000702097}, {"id": "1007917181", "price": 133.08, "amount": 0.99, "side": "sell", "timestamp": 1765000703386}, {"id": "1007917182", "price": 133.08, "amount": 17.99, "side": "sell", "timestamp": 1765000703708}, {"id": "1007917183", "price": 133.08, "amount": 0.02, "side": "buy", "timestamp": 1765000703883}, {"id": "1007917184", "price": 133.07, "amount": 0.86, "side": "sell", "timestamp": 1765000704748}, {"id": "1007917185", "price": 133.08, "amount": 0.07, "side": "buy", "timestamp": 1765000704815}, {"id": "1007917186", "price": 133.07, "amount": 7.29, "side": "sell", "timestamp": 1765000704858}, {"id": "1007917187", "price": 133.07, "amount": 0.5, "side": "sell", "timestamp": 1765000704991}, {"id": "1007917188", "price": 133.08, "amount": 0.07, "side": "buy", "timestamp": 1765000705625}, {"id": "1007917189", "price": 133.07, "amount": 0.06, "side": "sell", "timestamp": 1765000706501}, {"id": "1007917190", "price": 133.07, "amount": 0.06, "side": "sell", "timestamp": 1765000707337}, {"id": "1007917191", "price": 133.07, "amount": 5.57, "side": "sell", "timestamp": 1765000707539}, {"id": "1007917192", "price": 133.08, "amount": 0.02, "side": "buy", "timestamp": 1765000707736}, {"id": "1007917193", "price": 133.08, "amount": 0.07, "side": "buy", "timestamp": 1765000708528}, {"id": "1007917194", "price": 133.08, "amount": 0.07, "side": "buy", "timestamp": 1765000708889}, {"id": "1007917195", "price": 133.07, "amount": 303.67, "side": "sell", "timestamp": 1765000709847}, {"id": "1007917196", "price": 133.07, "amount": 0.88, "side": "sell", "timestamp": 1765000709948}, {"id": "1007917258", "price": 133.06, "amount": 119.99, "side": "sell", "timestamp": 1765000741514}, {"id": "1007917259", "price": 133.05, "amount": 1.5, "side": "sell", "timestamp": 1765000741611}, {"id": "1007917260", "price": 133.06, "amount": 3.77, "side": "buy", "timestamp": 1765000742013}, {"id": "1007917261", "price": 133.05, "amount": 0.27, "side": "sell", "timestamp": 1765000742208}, {"id": "1007917262", "price": 133.06, "amount": 0.11, "side": "buy", "timestamp": 1765000742615}, {"id": "1007917263", "price": 133.06, "amount": 0.04, "side": "buy", "timestamp": 1765000743143}, {"id": "1007917264", "price": 133.05, "amount": 3.49, "side": "sell", "timestamp": 1765000743268}, {"id": "1007917265", "price": 133.05, "amount": 50.38, "side": "sell", "timestamp": 1765000743594}, {"id": "1007917266", "price": 133.04, "amount": 0.88, "side": "sell", "timestamp": 1765000743985}, {"id": "1007917267", "price": 133.05, "amount": 1.34, "side": "buy", "timestamp": 1765000744795}, {"id": "1007917268", "price": 133.05, "amount": 0.01, "side": "buy", "timestamp": 1765000745627}, {"id": "1007917269", "price": 133.04, "amount": 0.51, "side": "sell", "timestamp": 1765000745830}, {"id": "1007917270", "price": 133.05, "amount": 1.34, "side": "buy", "timestamp": 1765000746174}, {"id": "1007917271", "price": 133.05, "amount": 0.29, "side": "buy", "timestamp": 1765000746484}, {"id": "1007917272", "price": 133.04, "amount": 2115.59, "side": "sell", "timestamp": 1765000746656}, {"id": "1007917273", "price": 133.03, "amount": 1319.43, "side": "sell", "timestamp": 1765000746666}, {"id": "1007917274", "price": 133.02, "amount": 90.09, "side": "sell", "timestamp": 1765000746678}, {"id": "1007917275", "price": 133.01, "amount": 3.84, "side": "sell", "timestamp": 1765000747032}, {"id": "1007917276", "price": 133.01, "amount": 4.8, "side": "sell", "timestamp": 1765000747298}, {"id": "1007917277", "price": 133.02, "amount": 0.19, "side": "buy", "timestamp": 1765000747762}, {"id": "1007917278", "price": 133.01, "amount": 0.32, "side": "sell", "timestamp": 1765000748146}, {"id": "1007917279", "price": 133.02, "amount": 0.01, "side": "buy", "timestamp": 1765000748778}, {"id": "1007917280", "price": 133.02, "amount": 0.7, "side": "buy", "timestamp": 1765000749108}, {"id": "1007917281", "price": 133.01, "amount": 3.48, "side": "sell", "timestamp": 1765000749602}, {"id": "1007917282", "price": 133.02, "amount": 0.01, "side": "buy", "timestamp": 1765000749687}, {"id": "1007917283", "price": 133.01, "amount": 1.21, "side": "sell", "timestamp": 1765000749837}, {"id": "1007917284", "price": 133.01, "amount": 0.17, "side": "sell", "timestamp": 1765000750041}, {"id": "1007917285", "price": 133.01, "amount": 2.56, "side": "sell", "timestamp": 1765000750760}, {"id": "1007917286", "price": 133.02, "amount": 0.05, "side": "buy", "timestamp": 1765000751164}, {"id": "1007917287", "price": 133.02, "amount": 1.0, "side": "buy", "timestamp": 1765000751561}, {"id": "1007917288", "price": 133.01, "amount": 0.11, "side": "sell", "timestamp": 1765000751849}, {"id": "1007917289", "price": 133.02, "amount": 4.88, "side": "buy", "timestamp": 1765000752209}, {"id": "1007917290", "price": 133.01, "amount": 139.38, "side": "sell", "timestamp": 1765000752307}, {"id": "1007917291", "price": 133.01, "amount": 0.51, "side": "buy", "timestamp": 1765000753250}, {"id": "1007917292", "price": 133.0, "amount": 375.93, "side": "sell", "timestamp": 1765000753523}, {"id": "1007917293", "price": 133.01, "amount": 2.45, "side": "buy", "timestamp": 1765000753527}, {"id": "1007917294", "price": 133.01, "amount": 0.09, "side": "buy", "timestamp": 1765000753849}, {"id": "1007917295", "price": 133.0, "amount": 2.24, "side": "sell", "timestamp": 1765000754034}, {"id": "1007917296", "price": 133.01, "amount": 12.77, "side": "buy", "timestamp": 1765000754042}, {"id": "1007917297", "price": 133.0, "amount": 0.06, "side": "sell", "timestamp": 1765000754731}, {"id": "1007917298", "price": 133.01, "amount": 6.66, "side": "buy", "timestamp": 1765000754746}, {"id": "1007917299", "price": 133.0, "amount": 0.2, "side": "sell", "timestamp": 1765000754912}, {"id": "1007917300", "price": 133.0, "amount": 0.69, "side": "sell", "timestamp": 1765000755102}, {"id": "1007917301", "price": 133.0, "amount": 150.0, "side": "sell", "timestamp": 1765000757031}, {"id": "1007917302", "price": 133.01, "amount": 0.11, "side": "buy", "timestamp": 1765000757601}, {"id": "1007917303", "price": 133.0, "amount": 35.19, "side": "sell", "timestamp": 1765000758336}, {"id": "1007917304", "price": 133.01, "amount": 0.13, "side": "buy", "timestamp": 1765000759322}, {"id": "1007917305", "price": 133.0, "amount": 0.07, "side": "sell", "timestamp": 1765000759874}, {"id": "1007917306", "price": 133.0, "amount": 0.95, "side": "sell", "timestamp": 1765000759979}, {"id": "1007917307", "price": 133.0, "amount": 2.65, "side": "sell", "timestamp": 1765000761032}, {"id": "1007917415", "price": 133.0, "amount": 1.0, "side": "buy", "timestamp": 1765000804027}, {"id": "1007917416", "price": 133.0, "amount": 0.12, "side": "buy", "timestamp": 1765000804206}, {"id": "1007917417", "price": 132.99, "amount": 0.1, "side": "sell", "timestamp": 1765000804354}, {"id": "1007917418", "price": 133.0, "amount": 0.13, "side": "buy", "timestamp": 1765000804609}, {"id": "1007917419", "price": 132.99, "amount": 452.22, "side": "sell", "timestamp": 1765000804618}, {"id": "1007917420", "price": 132.98, "amount": 86.09, "side": "sell", "timestamp": 1765000804642}, {"id": "1007917421", "price": 132.98, "amount": 25.35, "side": "sell", "timestamp": 1765000804757}, {"id": "1007917422", "price": 132.98, "amount": 0.83, "side": "buy", "timestamp": 1765000804905}, {"id": "1007917423", "price": 132.97, "amount": 7.23, "side": "sell", "timestamp": 1765000805081}, {"id": "1007917424", "price": 132.97, "amount": 36.86, "side": "sell", "timestamp": 1765000805221}, {"id": "1007917425", "price": 132.97, "amount": 7.51, "side": "buy", "timestamp": 1765000805262}, {"id": "1007917426", "price": 132.96, "amount": 493.52, "side": "sell", "timestamp": 1765000805268}, {"id": "1007917427", "price": 132.95, "amount": 7.23, "side": "sell", "timestamp": 1765000805325}, {"id": "1007917428", "price": 132.95, "amount": 2.63, "side": "sell", "timestamp": 1765000805926}, {"id": "1007917429", "price": 132.95, "amount": 2.0, "side": "sell", "timestamp": 1765000806046}, {"id": "1007917430", "price": 132.96, "amount": 0.09, "side": "buy", "timestamp": 1765000806091}, {"id": "1007917431", "price": 132.96, "amount": 0.01, "side": "buy", "timestamp": 1765000806252}, {"id": "1007917432", "price": 132.95, "amount": 1.07, "side": "sell", "timestamp": 1765000806285}, {"id": "1007917433", "price": 132.95, "amount": 169.22, "side": "sell", "timestamp": 1765000806705}, {"id": "1007917434", "price": 132.94, "amount": 24.18, "side": "sell", "timestamp": 1765000806822}, {"id": "1007917435", "price": 132.94, "amount": 184.02, "side": "buy", "timestamp": 1765000806951}, {"id": "1007917436", "price": 132.93, "amount": 2.25, "side": "sell", "timestamp": 1765000807048}, {"id": "1007917437", "price": 132.94, "amount": 0.26, "side": "buy", "timestamp": 1765000807143}, {"id": "1007917438", "price": 132.93, "amount": 0.16, "side": "sell", "timestamp": 1765000807612}, {"id": "1007917439", "price": 132.93, "amount": 80.32, "side": "sell", "timestamp": 1765000808073}, {"id": "1007917440", "price": 132.92, "amount": 31.23, "side": "sell", "timestamp": 1765000808186}, {"id": "1007917441", "price": 132.92, "amount": 21.41, "side": "sell", "timestamp": 1765000808328}, {"id": "1007917442", "price": 132.91, "amount": 3.76, "side": "sell", "timestamp": 1765000808333}, {"id": "1007917443", "price": 132.91, "amount": 30.31, "side": "sell", "timestamp": 1765000808751}, {"id": "1007917444", "price": 132.91, "amount": 0.12, "side": "buy", "timestamp": 1765000808846}, {"id": "1007917445", "price": 132.9, "amount": 3.0, "side": "sell", "timestamp": 1765000809060}, {"id": "1007917446", "price": 132.9, "amount": 3.39, "side": "sell", "timestamp": 1765000809319}, {"id": "1007917447", "price": 132.9, "amount": 0.08, "side": "sell", "timestamp": 1765000809543}, {"id": "1007917448", "price": 132.91, "amount": 0.17, "side": "buy", "timestamp": 1765000809609}, {"id": "1007917449", "price": 132.9, "amount": 0.46, "side": "sell", "timestamp": 1765000809609}, {"id": "1007917450", "price": 132.91, "amount": 0.25, "side": "buy", "timestamp": 1765000809631}, {"id": "1007917451", "price": 132.9, "amount": 7.15, "side": "sell", "timestamp": 1765000809775}, {"id": "1007917452", "price": 132.9, "amount": 0.2, "side": "sell", "timestamp": 1765000809892}, {"id": "1007917453", "price": 132.9, "amount": 1.85, "side": "sell", "timestamp": 1765000810063}, {"id": "1007917454", "price": 132.91, "amount": 3.29, "side": "buy", "timestamp": 1765000810127}, {"id": "1007917455", "price": 132.9, "amount": 1.17, "side": "sell", "timestamp": 1765000810188}, {"id": "1007917456", "price": 132.9, "amount": 3.22, "side": "sell", "timestamp": 1765000810396}, {"id": "1007917457", "price": 132.9, "amount": 0.3, "side": "sell", "timestamp": 1765000810560}, {"id": "1007917458", "price": 132.91, "amount": 2.22, "side": "buy", "timestamp": 1765000811029}, {"id": "1007917459", "price": 132.9, "amount": 57.49, "side": "sell", "timestamp": 1765000811850}, {"id": "1007917460", "price": 132.9, "amount": 1.39, "side": "sell", "timestamp": 1765000812170}, {"id": "1007917461", "price": 132.91, "amount": 3.85, "side": "buy", "timestamp": 1765000813052}, {"id": "1007917462", "price": 132.91, "amount": 3.73, "side": "buy", "timestamp": 1765000813208}, {"id": "1007917463", "price": 132.9, "amount": 11.26, "side": "sell", "timestamp": 1765000813282}, {"id": "1007917464", "price": 132.91, "amount": 7.46, "side": "buy", "timestamp": 1765000813287}]