[{"symbol": "ETHUSDT", "bids": [[2925.68, 53.513], [2925.67, 0.027], [2925.65, 0.107], [2925.64, 0.089], [2925.63, 0.057], [2925.62, 0.047], [2925.61, 0.031], [2925.6, 0.202], [2925.59, 0.054], [2925.58, 0.366], [2925.57, 1.069], [2925.56, 0.852], [2925.55, 0.023], [2925.54, 0.008], [2925.53, 0.062], [2925.52, 0.009], [2925.51, 0.021], [2925.5, 0.014], [2925.49, 0.059], [2925.48, 0.402]], "asks": [[2925.69, 91.698], [2925.7, 0.014], [2925.71, 0.047], [2925.72, 0.007], [2925.73, 8.562], [2925.74, 0.047], [2925.75, 0.014], [2925.76, 0.032], [2925.77, 0.04], [2925.78, 0.014], [2925.79, 34.691], [2925.8, 0.421], [2925.81, 1.555], [2925.82, 0.17], [2925.83, 0.014], [2925.84, 0.594], [2925.85, 0.009], [2925.86, 1.74], [2925.87, 0.014], [2925.88, 0.091]], "timestamp": "2025-12-16T09:25:38.591400+00:00"}, {"symbol": "ETHUSDT", "bids": [[2925.18, 34.59], [2925.17, 0.113], [2925.16, 0.059], [2925.15, 0.016], [2925.14, 0.054], [2925.13, 0.096], [2925.11, 0.062], [2925.1, 0.009], [2925.09, 0.177], [2925.08, 0.023], [2925.07, 0.049], [2925.06, 0.014], [2925.05, 0.015], [2925.04, 2.165], [2925.03, 0.39], [2925.02, 0.557], [2925.01, 0.015], [2925.0, 47.231], [2924.99, 0.116], [2924.98, 0.054]], "asks": [[2925.19, 151.781], [2925.2, 0.065], [2925.21, 0.659], [2925.22, 3.259], [2925.23, 1.938], [2925.24, 0.014], [2925.25, 0.054], [2925.26, 0.009], [2925.27, 0.035], [2925.28, 0.009], [2925.29, 0.071], [2925.3, 0.028], [2925.31, 0.014], [2925.32, 0.432], [2925.33, 5.352], [2925.34, 1.732], [2925.35, 3.024], [2925.36, 0.507], [2925.37, 1.382], [2925.38, 0.026]], "timestamp": "2025-12-16T09:26:33.542609+00:00"}, {"symbol": "ETHUSDT", "bids": [[2926.41, 54.487], [2926.4, 1.038], [2926.38, 0.009], [2926.37, 0.056], [2926.36, 0.032], [2926.35, 0.03], [2926.34, 0.023], [2926.33, 0.04], [2926.32, 0.843], [2926.31, 10.635], [2926.3, 3.072], [2926.29, 1.887], [2926.28, 0.031], [2926.27, 0.04], [2926.26, 11.35], [2926.25, 0.007], [2926.24, 0.151], [2926.23, 0.016], [2926.22, 0.869], [2926.21, 12.46]], "asks": [[2926.42, 54.867], [2926.43, 0.054], [2926.45, 0.085], [2926.46, 0.086], [2926.47, 0.014], [2926.49, 0.063], [2926.5, 0.041], [2926.51, 0.059], [2926.52, 0.047], [2926.53, 0.023], [2926.54, 0.008], [2926.55, 0.014], [2926.56, 0.018], [2926.57, 0.054], [2926.58, 0.088], [2926.59, 4.28], [2926.6, 12.743], [2926.61, 30.054], [2926.62, 1.399], [2926.63, 3.71]], "timestamp": "2025-12-16T09:27:28.130243+00:00"}, {"symbol": "ETHUSDT", "bids": [[2926.95, 69.112], [2926.94, 0.028], [2926.93, 0.016], [2926.92, 0.905], [2926.91, 0.009], [2926.9, 1.643], [2926.89, 0.064], [2926.88, 0.031], [2926.87, 1.723], [2926.86, 0.393], [2926.85, 1.416], [2926.84, 0.438], [2926.83, 0.367], [2926.82, 1.672], [2926.81, 0.075], [2926.8, 0.846], [2926.78, 0.781], [2926.77, 1.738], [2926.76, 0.871], [2926.75, 10.874]], "asks": [[2926.96, 8.686], [2926.97, 0.047], [2926.98, 0.023], [2927.0, 0.009], [2927.01, 0.077], [2927.03, 0.014], [2927.04, 0.063], [2927.05, 0.009], [2927.07, 0.014], [2927.08, 0.424], [2927.1, 1.378], [2927.11, 0.023], [2927.12, 0.533], [2927.13, 0.022], [2927.14, 1.367], [2927.15, 0.077], [2927.16, 0.356], [2927.17, 0.029], [2927.18, 0.063], [2927.19, 0.014]], "timestamp": "2025-12-16T09:28:22.601585+00:00"}, {"symbol": "ETHUSDT", "bids": [[2927.8, 17.494], [2927.79, 0.02], [2927.78, 1.554], [2927.76, 0.209], [2927.75, 0.077], [2927.74, 0.009], [2927.73, 0.014], [2927.72, 0.054], [2927.71, 0.023], [2927.7, 0.214], [2927.69, 0.096], [2927.68, 0.432], [2927.67, 0.867], [2927.66, 0.062], [2927.65, 0.023], [2927.64, 0.357], [2927.63, 0.068], [2927.62, 0.017], [2927.61, 0.029], [2927.6, 0.523]], "asks": [[2927.81, 100.662], [2927.82, 39.205], [2927.83, 31.5], [2927.84, 0.016], [2927.85, 0.063], [2927.86, 0.042], [2927.87, 1.833], [2927.88, 0.399], [2927.89, 0.171], [2927.9, 0.38], [2927.91, 0.303], [2927.92, 0.405], [2927.94, 0.571], [2927.95, 0.283], [2927.96, 4.971], [2927.97, 0.591], [2927.98, 4.266], [2927.99, 0.515], [2928.0, 4.895], [2928.01, 1.196]], "timestamp": "2025-12-16T09:29:16.773808+00:00"}, {"symbol": "ETHUSDT", "bids": [[2928.28, 46.296], [2928.27, 0.028], [2928.25, 1.23], [2928.24, 3.009], [2928.22, 0.014], [2928.21, 0.06], [2928.2, 0.389], [2928.19, 0.014], [2928.18, 0.204], [2928.17, 0.049], [2928.16, 0.036], [2928.15, 0.38], [2928.14, 0.054], [2928.13, 0.023], [2928.12, 0.372], [2928.11, 0.04], [2928.1, 0.021], [2928.09, 0.009], [2928.08, 1.474], [2928.07, 1.715]], "asks": [[2928.29, 33.905], [2928.3, 0.307], [2928.31, 2.661], [2928.32, 8.028], [2928.33, 1.786], [2928.34, 0.014], [2928.35, 0.36], [2928.36, 1.454], [2928.38, 0.023], [2928.39, 0.047], [2928.4, 0.018], [2928.41, 0.021], [2928.42, 0.24], [2928.43, 0.526], [2928.44, 5.196], [2928.45, 0.575], [2928.46, 0.523], [2928.47, 0.559], [2928.48, 10.457], [2928.49, 10.96]], "timestamp": "2025-12-16T09:30:11.045912+00:00"}, {"symbol": "ETHUSDT", "bids": [[2927.63, 67.295], [2927.62, 0.068], [2927.61, 0.007], [2927.6, 0.037], [2927.59, 1.379], [2927.58, 0.235], [2927.57, 0.022], [2927.56, 0.398], [2927.55, 0.07], [2927.54, 0.044], [2927.53, 2.173], [2927.52, 1.188], [2927.51, 0.008], [2927.5, 0.023], [2927.49, 1.43], [2927.48, 0.014], [2927.47, 0.359], [2927.46, 0.081], [2927.45, 0.855], [2927.44, 0.021]], "asks": [[2927.64, 35.517], [2927.65, 0.594], [2927.66, 1.708], [2927.67, 0.04], [2927.68, 0.009], [2927.7, 0.061], [2927.71, 0.023], [2927.73, 0.063], [2927.74, 0.009], [2927.75, 0.014], [2927.76, 1.708], [2927.77, 0.063], [2927.79, 0.007], [2927.8, 0.456], [2927.81, 0.011], [2927.82, 0.184], [2927.83, 0.023], [2927.84, 0.485], [2927.85, 0.13], [2927.86, 4.951]], "timestamp": "2025-12-16T09:31:04.499539+00:00"}, {"symbol": "ETHUSDT", "bids": [[2929.36, 1.928], [2929.35, 0.041], [2929.34, 0.037], [2929.33, 0.04], [2929.32, 0.031], [2929.31, 0.023], [2929.3, 0.042], [2929.29, 0.049], [2929.28, 0.056], [2929.27, 0.007], [2929.26, 0.009], [2929.25, 0.056], [2929.23, 0.017], [2929.22, 0.098], [2929.21, 0.102], [2929.2, 0.068], [2929.19, 0.056], [2929.18, 0.023], [2929.17, 0.008], [2929.16, 0.746]], "asks": [[2929.37, 203.043], [2929.38, 1.065], [2929.39, 0.04], [2929.4, 0.823], [2929.41, 0.016], [2929.42, 1.777], [2929.43, 1.366], [2929.44, 0.38], [2929.45, 0.009], [2929.46, 0.009], [2929.47, 3.476], [2929.49, 0.641], [2929.5, 0.021], [2929.51, 0.079], [2929.52, 2.634], [2929.53, 0.108], [2929.54, 0.274], [2929.55, 1.963], [2929.56, 3.096], [2929.57, 4.646]], "timestamp": "2025-12-16T09:31:58.876566+00:00"}, {"symbol": "ETHUSDT", "bids": [[2932.21, 199.76], [2932.2, 0.048], [2932.19, 0.058], [2932.18, 0.054], [2932.17, 1.373], [2932.16, 0.039], [2932.15, 0.049], [2932.14, 0.014], [2932.12, 0.063], [2932.11, 0.007], [2932.1, 0.198], [2932.09, 0.049], [2932.08, 0.037], [2932.07, 0.015], [2932.06, 0.023], [2932.05, 1.211], [2932.04, 0.457], [2932.03, 0.008], [2932.02, 0.124], [2932.01, 1.272]], "asks": [[2932.22, 96.447], [2932.23, 0.026], [2932.24, 0.232], [2932.25, 0.049], [2932.26, 0.071], [2932.27, 0.088], [2932.28, 0.115], [2932.29, 0.035], [2932.3, 0.068], [2932.31, 0.713], [2932.32, 0.372], [2932.33, 1.655], [2932.34, 1.82], [2932.35, 0.141], [2932.36, 0.048], [2932.37, 0.14], [2932.38, 0.067], [2932.39, 3.168], [2932.4, 1.566], [2932.41, 0.124]], "timestamp": "2025-12-16T09:32:53.068393+00:00"}, {"symbol": "ETHUSDT", "bids": [[2931.4, 52.458], [2931.39, 0.653], [2931.36, 0.063], [2931.35, 0.409], [2931.34, 0.009], [2931.33, 1.999], [2931.32, 0.009], [2931.31, 0.023], [2931.3, 0.077], [2931.29, 0.014], [2931.28, 0.009], [2931.27, 0.054], [2931.26, 0.513], [2931.25, 0.009], [2931.24, 0.054], [2931.23, 0.009], [2931.22, 0.014], [2931.21, 0.064], [2931.2, 0.041], [2931.19, 0.548]], "asks": [[2931.41, 120.265], [2931.42, 1.657], [2931.43, 2.203], [2931.44, 0.181], [2931.45, 0.357], [2931.46, 0.014], [2931.47, 0.056], [2931.48, 0.03], [2931.49, 0.009], [2931.5, 0.193], [2931.52, 0.023], [2931.54, 2.43], [2931.55, 0.016], [2931.56, 0.03], [2931.57, 2.248], [2931.58, 3.006], [2931.59, 0.029], [2931.6, 2.213], [2931.61, 0.071], [2931.62, 0.016]], "timestamp": "2025-12-16T09:33:46.913439+00:00"}, {"symbol": "ETHUSDT", "bids": [[2929.15, 36.594], [2929.14, 0.167], [2929.13, 1.514], [2929.12, 0.368], [2929.11, 0.048], [2929.1, 1.209], [2929.08, 0.103], [2929.07, 0.022], [2929.06, 0.891], [2929.05, 0.714], [2929.04, 0.205], [2929.03, 0.134], [2929.02, 0.169], [2929.01, 0.014], [2929.0, 1.586], [2928.99, 0.173], [2928.98, 0.018], [2928.97, 0.043], [2928.96, 0.704], [2928.95, 0.031]], "asks": [[2929.16, 123.861], [2929.17, 2.251], [2929.18, 0.161], [2929.2, 0.032], [2929.21, 1.735], [2929.22, 0.049], [2929.23, 0.021], [2929.24, 0.014], [2929.25, 1.563], [2929.27, 0.028], [2929.28, 7.526], [2929.29, 2.58], [2929.3, 0.685], [2929.31, 1.73], [2929.32, 0.054], [2929.33, 0.037], [2929.34, 0.008], [2929.35, 0.03], [2929.36, 0.107], [2929.37, 9.828]], "timestamp": "2025-12-16T09:34:40.466808+00:00"}, {"symbol": "ETHUSDT", "bids": [[2924.37, 0.416], [2924.36, 0.008], [2924.35, 0.04], [2924.34, 0.016], [2924.33, 0.02], [2924.32, 0.054], [2924.31, 0.014], [2924.3, 0.053], [2924.29, 0.054], [2924.28, 0.727], [2924.27, 0.023], [2924.26, 0.008], [2924.25, 0.774], [2924.24, 0.009], [2924.23, 0.014], [2924.22, 0.864], [2924.21, 0.063], [2924.19, 0.149], [2924.18, 0.008], [2924.17, 0.014]], "asks": [[2924.38, 129.924], [2924.39, 0.007], [2924.4, 0.014], [2924.42, 0.049], [2924.43, 0.014], [2924.44, 0.487], [2924.45, 0.063], [2924.46, 1.717], [2924.47, 0.014], [2924.48, 0.009], [2924.49, 0.109], [2924.51, 0.009], [2924.52, 0.009], [2924.53, 1.291], [2924.54, 0.008], [2924.55, 0.014], [2924.56, 1.204], [2924.57, 1.73], [2924.58, 0.745], [2924.59, 0.007]], "timestamp": "2025-12-16T09:35:34.738262+00:00"}, {"symbol": "ETHUSDT", "bids": [[2927.1, 131.701], [2927.09, 0.041], [2927.08, 0.477], [2927.07, 0.191], [2927.06, 3.424], [2927.05, 0.068], [2927.03, 0.642], [2927.02, 0.023], [2927.01, 0.014], [2927.0, 0.477], [2926.99, 0.009], [2926.98, 1.745], [2926.97, 0.154], [2926.96, 0.021], [2926.95, 3.203], [2926.94, 0.103], [2926.93, 1.009], [2926.92, 1.15], [2926.91, 0.024], [2926.9, 0.081]], "asks": [[2927.11, 24.699], [2927.12, 0.054], [2927.15, 0.049], [2927.16, 0.014], [2927.18, 0.063], [2927.19, 0.999], [2927.2, 0.014], [2927.21, 0.018], [2927.22, 0.069], [2927.23, 0.009], [2927.24, 0.014], [2927.25, 0.055], [2927.26, 0.028], [2927.27, 0.014], [2927.28, 0.05], [2927.29, 0.063], [2927.3, 0.619], [2927.31, 1.749], [2927.32, 0.023], [2927.34, 0.046]], "timestamp": "2025-12-16T09:36:29.466158+00:00"}, {"symbol": "ETHUSDT", "bids": [[2929.03, 29.657], [2929.02, 0.401], [2929.01, 0.014], [2929.0, 0.375], [2928.99, 0.009], [2928.98, 0.007], [2928.97, 0.04], [2928.96, 0.193], [2928.95, 0.016], [2928.94, 0.054], [2928.93, 0.35], [2928.92, 0.667], [2928.91, 0.684], [2928.9, 0.053], [2928.88, 0.531], [2928.87, 0.031], [2928.86, 0.021], [2928.85, 0.04], [2928.84, 0.023], [2928.83, 0.008]], "asks": [[2929.04, 43.61], [2929.05, 0.671], [2929.06, 0.414], [2929.07, 0.812], [2929.08, 1.375], [2929.09, 0.432], [2929.1, 0.048], [2929.11, 0.03], [2929.12, 0.009], [2929.13, 0.024], [2929.14, 0.186], [2929.15, 1.731], [2929.16, 0.007], [2929.17, 0.023], [2929.18, 0.33], [2929.19, 0.018], [2929.2, 0.069], [2929.21, 13.938], [2929.22, 1.583], [2929.23, 0.62]], "timestamp": "2025-12-16T09:37:22.916610+00:00"}, {"symbol": "ETHUSDT", "bids": [[2927.79, 53.569], [2927.78, 0.028], [2927.77, 0.049], [2927.76, 0.035], [2927.75, 0.228], [2927.74, 0.014], [2927.73, 0.049], [2927.72, 0.031], [2927.7, 0.116], [2927.69, 0.06], [2927.68, 0.23], [2927.67, 0.078], [2927.66, 0.014], [2927.65, 0.023], [2927.64, 0.326], [2927.63, 0.682], [2927.61, 0.086], [2927.6, 0.384], [2927.59, 0.041], [2927.58, 0.922]], "asks": [[2927.8, 54.178], [2927.81, 0.052], [2927.82, 0.009], [2927.83, 0.054], [2927.84, 0.446], [2927.85, 0.411], [2927.86, 0.014], [2927.87, 0.023], [2927.88, 1.115], [2927.89, 0.046], [2927.9, 0.034], [2927.91, 0.191], [2927.92, 6.967], [2927.93, 0.023], [2927.94, 8.88], [2927.95, 5.774], [2927.96, 14.86], [2927.97, 0.362], [2927.98, 0.007], [2927.99, 14.836]], "timestamp": "2025-12-16T09:38:16.251591+00:00"}, {"symbol": "ETHUSDT", "bids": [[2929.32, 119.287], [2929.31, 0.261], [2929.3, 0.407], [2929.29, 0.682], [2929.28, 0.51], [2929.27, 0.009], [2929.26, 0.014], [2929.25, 0.014], [2929.24, 0.438], [2929.23, 0.191], [2929.22, 0.014], [2929.21, 0.07], [2929.2, 0.364], [2929.19, 0.036], [2929.18, 0.074], [2929.17, 0.341], [2929.16, 2.679], [2929.15, 0.092], [2929.14, 0.095], [2929.13, 0.028]], "asks": [[2929.33, 15.729], [2929.34, 0.047], [2929.35, 0.016], [2929.36, 0.04], [2929.37, 0.063], [2929.39, 0.031], [2929.4, 0.054], [2929.41, 0.027], [2929.42, 0.285], [2929.43, 0.022], [2929.44, 0.018], [2929.45, 0.054], [2929.46, 0.007], [2929.47, 0.208], [2929.48, 0.135], [2929.49, 1.097], [2929.5, 0.592], [2929.51, 6.174], [2929.52, 0.416], [2929.53, 0.95]], "timestamp": "2025-12-16T09:39:09.169112+00:00"}, {"symbol": "ETHUSDT", "bids": [[2928.45, 78.508], [2928.44, 0.873], [2928.43, 1.507], [2928.42, 0.696], [2928.41, 0.049], [2928.4, 2.623], [2928.39, 1.708], [2928.38, 0.091], [2928.37, 0.009], [2928.36, 0.736], [2928.35, 1.373], [2928.34, 0.023], [2928.33, 0.047], [2928.32, 0.022], [2928.31, 12.976], [2928.3, 1.736], [2928.28, 0.071], [2928.27, 0.011], [2928.26, 0.014], [2928.25, 0.065]], "asks": [[2928.46, 7.151], [2928.47, 0.021], [2928.48, 0.134], [2928.5, 0.023], [2928.51, 1.531], [2928.52, 0.049], [2928.53, 0.074], [2928.55, 0.511], [2928.56, 0.03], [2928.57, 0.04], [2928.58, 0.007], [2928.59, 0.045], [2928.6, 0.829], [2928.61, 0.041], [2928.62, 0.014], [2928.63, 0.07], [2928.64, 0.026], [2928.65, 0.636], [2928.66, 1.776], [2928.67, 0.009]], "timestamp": "2025-12-16T09:40:02.930258+00:00"}, {"symbol": "ETHUSDT", "bids": [[2928.76, 88.529], [2928.75, 0.029], [2928.74, 0.319], [2928.73, 0.022], [2928.72, 1.731], [2928.71, 0.054], [2928.7, 0.028], [2928.69, 0.058], [2928.68, 0.04], [2928.67, 0.023], [2928.66, 0.28], [2928.65, 0.062], [2928.64, 0.455], [2928.63, 0.032], [2928.62, 1.748], [2928.61, 0.03], [2928.6, 0.058], [2928.59, 0.079], [2928.58, 0.87], [2928.57, 3.125]], "asks": [[2928.77, 10.016], [2928.78, 0.007], [2928.79, 0.011], [2928.8, 0.016], [2928.81, 0.009], [2928.82, 0.04], [2928.84, 5.596], [2928.86, 30.855], [2928.87, 0.009], [2928.88, 0.014], [2928.9, 4.514], [2928.91, 0.153], [2928.92, 2.85], [2928.94, 0.094], [2928.95, 0.009], [2928.96, 0.793], [2928.97, 4.268], [2928.98, 0.017], [2928.99, 1.564], [2929.0, 1.954]], "timestamp": "2025-12-16T09:40:56.385309+00:00"}, {"symbol": "ETHUSDT", "bids": [[2929.28, 44.315], [2929.27, 0.021], [2929.25, 0.07], [2929.23, 0.017], [2929.22, 0.063], [2929.21, 0.023], [2929.2, 0.024], [2929.19, 1.836], [2929.18, 0.009], [2929.17, 0.056], [2929.16, 0.056], [2929.15, 0.023], [2929.14, 0.019], [2929.13, 0.031], [2929.12, 0.009], [2929.11, 1.941], [2929.1, 11.909], [2929.09, 0.045], [2929.08, 1.502], [2929.07, 0.063]], "asks": [[2929.29, 77.679], [2929.3, 30.109], [2929.31, 55.804], [2929.32, 30.054], [2929.33, 30.016], [2929.34, 0.054], [2929.35, 0.217], [2929.36, 0.447], [2929.37, 0.103], [2929.38, 20.042], [2929.39, 1.422], [2929.4, 0.014], [2929.41, 0.697], [2929.42, 0.049], [2929.43, 0.023], [2929.44, 51.933], [2929.45, 0.017], [2929.46, 2.452], [2929.48, 0.023], [2929.49, 0.243]], "timestamp": "2025-12-16T09:41:48.886423+00:00"}, {"symbol": "ETHUSDT", "bids": [[2928.75, 120.862], [2928.74, 0.015], [2928.72, 0.016], [2928.71, 0.049], [2928.7, 1.002], [2928.69, 1.775], [2928.68, 1.771], [2928.66, 0.23], [2928.65, 0.016], [2928.64, 0.009], [2928.63, 0.076], [2928.61, 0.023], [2928.6, 1.807], [2928.59, 3.411], [2928.58, 2.347], [2928.57, 0.037], [2928.56, 0.184], [2928.55, 0.049], [2928.54, 0.976], [2928.53, 0.166]], "asks": [[2928.76, 0.284], [2928.77, 0.021], [2928.78, 0.022], [2928.79, 0.008], [2928.8, 0.023], [2928.81, 0.04], [2928.83, 0.03], [2928.84, 0.097], [2928.85, 0.04], [2928.86, 0.016], [2928.87, 0.008], [2928.88, 0.142], [2928.9, 0.419], [2928.91, 0.063], [2928.92, 0.007], [2928.93, 0.023], [2928.94, 0.271], [2928.95, 0.066], [2928.96, 0.022], [2928.97, 0.009]], "timestamp": "2025-12-16T09:42:41.226327+00:00"}, {"symbol": "ETHUSDT", "bids": [[2929.1, 35.528], [2929.09, 0.649], [2929.08, 2.093], [2929.07, 0.31], [2929.06, 0.009], [2929.05, 0.045], [2929.04, 0.058], [2929.03, 1.57], [2929.02, 0.37], [2929.01, 0.061], [2929.0, 2.631], [2928.99, 0.796], [2928.98, 0.047], [2928.97, 0.179], [2928.96, 0.18], [2928.95, 0.03], [2928.94, 0.032], [2928.93, 0.49], [2928.92, 1.394], [2928.91, 0.028]], "asks": [[2929.11, 57.605], [2929.12, 0.058], [2929.14, 0.047], [2929.15, 0.023], [2929.16, 0.014], [2929.17, 0.414], [2929.18, 1.024], [2929.19, 0.085], [2929.2, 11.65], [2929.21, 1.762], [2929.22, 0.023], [2929.23, 0.015], [2929.24, 0.028], [2929.25, 30.861], [2929.26, 2.696], [2929.27, 0.036], [2929.28, 1.391], [2929.29, 12.837], [2929.3, 0.444], [2929.31, 0.031]], "timestamp": "2025-12-16T09:43:34.221496+00:00"}, {"symbol": "ETHUSDT", "bids": [[2929.44, 14.423], [2929.43, 0.045], [2929.42, 0.007], [2929.4, 4.049], [2929.39, 0.007], [2929.37, 0.063], [2929.35, 0.03], [2929.34, 0.016], [2929.33, 0.134], [2929.32, 0.029], [2929.3, 0.075], [2929.28, 0.022], [2929.27, 0.169], [2929.26, 0.029], [2929.25, 0.014], [2929.24, 0.429], [2929.23, 0.024], [2929.22, 1.274], [2929.21, 5.366], [2929.2, 1.325]], "asks": [[2929.45, 60.318], [2929.46, 0.018], [2929.47, 0.151], [2929.48, 0.439], [2929.49, 0.019], [2929.5, 0.831], [2929.51, 10.837], [2929.52, 31.267], [2929.53, 0.821], [2929.54, 3.221], [2929.55, 0.016], [2929.56, 0.077], [2929.58, 0.031], [2929.59, 0.448], [2929.6, 5.04], [2929.61, 0.009], [2929.62, 0.512], [2929.63, 0.627], [2929.64, 12.288], [2929.65, 8.316]], "timestamp": "2025-12-16T09:44:27.111414+00:00"}, {"symbol": "ETHUSDT", "bids": [[2931.04, 151.203], [2931.03, 0.027], [2931.02, 1.594], [2931.01, 0.068], [2931.0, 0.032], [2930.99, 0.744], [2930.98, 1.76], [2930.97, 0.2], [2930.96, 0.375], [2930.95, 0.068], [2930.94, 0.031], [2930.93, 0.023], [2930.92, 0.491], [2930.91, 0.034], [2930.89, 0.061], [2930.88, 0.031], [2930.87, 1.365], [2930.86, 0.021], [2930.85, 0.435], [2930.84, 3.618]], "asks": [[2931.05, 3.078], [2931.06, 0.025], [2931.09, 0.063], [2931.1, 0.014], [2931.12, 0.07], [2931.13, 0.085], [2931.15, 1.765], [2931.16, 0.007], [2931.17, 0.009], [2931.18, 0.802], [2931.2, 0.408], [2931.21, 0.253], [2931.22, 0.009], [2931.23, 0.021], [2931.24, 0.492], [2931.25, 0.031], [2931.26, 0.014], [2931.27, 0.364], [2931.28, 0.098], [2931.29, 0.892]], "timestamp": "2025-12-16T09:45:19.984348+00:00"}, {"symbol": "ETHUSDT", "bids": [[2929.73, 28.339], [2929.72, 0.021], [2929.7, 0.04], [2929.69, 0.016], [2929.68, 0.007], [2929.67, 0.04], [2929.66, 0.023], [2929.65, 0.016], [2929.64, 0.054], [2929.63, 0.037], [2929.62, 0.014], [2929.61, 0.381], [2929.6, 0.03], [2929.59, 0.016], [2929.58, 0.054], [2929.57, 0.009], [2929.56, 2.243], [2929.55, 0.04], [2929.54, 0.023], [2929.53, 0.732]], "asks": [[2929.74, 93.619], [2929.75, 0.021], [2929.76, 0.723], [2929.77, 0.015], [2929.78, 0.009], [2929.79, 0.063], [2929.8, 0.6], [2929.81, 0.023], [2929.82, 0.068], [2929.83, 5.085], [2929.84, 2.203], [2929.85, 0.014], [2929.86, 1.047], [2929.87, 0.063], [2929.88, 0.008], [2929.89, 2.993], [2929.9, 2.61], [2929.91, 30.833], [2929.92, 0.024], [2929.93, 0.054]], "timestamp": "2025-12-16T09:46:12.936199+00:00"}, {"symbol": "ETHUSDT", "bids": [[2929.99, 59.946], [2929.98, 0.027], [2929.97, 0.107], [2929.96, 2.811], [2929.95, 0.023], [2929.94, 0.04], [2929.93, 0.009], [2929.92, 0.525], [2929.91, 1.747], [2929.9, 0.023], [2929.89, 0.009], [2929.88, 0.014], [2929.87, 0.076], [2929.86, 0.371], [2929.85, 0.461], [2929.84, 0.04], [2929.83, 0.03], [2929.81, 1.428], [2929.8, 1.351], [2929.79, 1.771]], "asks": [[2930.0, 39.375], [2930.01, 0.047], [2930.02, 0.06], [2930.04, 0.064], [2930.05, 32.047], [2930.06, 7.524], [2930.07, 0.071], [2930.08, 0.009], [2930.09, 0.014], [2930.1, 0.07], [2930.11, 1.728], [2930.12, 0.009], [2930.13, 0.726], [2930.14, 12.134], [2930.15, 12.549], [2930.16, 0.211], [2930.18, 0.04], [2930.19, 9.901], [2930.2, 0.024], [2930.21, 0.009]], "timestamp": "2025-12-16T09:47:05.625609+00:00"}, {"symbol": "ETHUSDT", "bids": [[2928.54, 46.749], [2928.53, 3.402], [2928.52, 0.069], [2928.51, 0.022], [2928.5, 0.033], [2928.49, 0.04], [2928.48, 0.037], [2928.47, 0.614], [2928.46, 0.068], [2928.45, 0.032], [2928.44, 0.358], [2928.43, 0.086], [2928.42, 0.038], [2928.41, 0.023], [2928.4, 0.95], [2928.39, 0.044], [2928.38, 0.014], [2928.37, 1.764], [2928.36, 0.045], [2928.35, 0.082]], "asks": [[2928.55, 71.204], [2928.56, 0.114], [2928.57, 0.376], [2928.58, 1.286], [2928.59, 3.438], [2928.6, 0.481], [2928.61, 0.049], [2928.62, 0.028], [2928.64, 0.07], [2928.65, 0.03], [2928.66, 0.366], [2928.67, 0.046], [2928.68, 0.452], [2928.69, 0.007], [2928.7, 4.061], [2928.71, 0.077], [2928.72, 0.009], [2928.73, 0.94], [2928.74, 0.533], [2928.75, 2.223]], "timestamp": "2025-12-16T09:47:57.944359+00:00"}, {"symbol": "ETHUSDT", "bids": [[2930.0, 24.0], [2929.99, 0.086], [2929.98, 1.507], [2929.97, 0.04], [2929.96, 0.384], [2929.95, 0.726], [2929.94, 0.04], [2929.93, 0.014], [2929.92, 1.071], [2929.91, 0.054], [2929.89, 0.364], [2929.88, 0.069], [2929.87, 0.014], [2929.86, 0.215], [2929.84, 0.044], [2929.83, 0.048], [2929.82, 0.025], [2929.81, 0.023], [2929.8, 0.044], [2929.79, 0.055]], "asks": [[2930.01, 68.492], [2930.02, 0.505], [2930.03, 1.762], [2930.04, 0.007], [2930.05, 1.716], [2930.06, 1.403], [2930.07, 0.04], [2930.08, 0.032], [2930.09, 0.022], [2930.1, 0.047], [2930.11, 0.049], [2930.12, 0.868], [2930.13, 0.023], [2930.14, 11.781], [2930.15, 4.526], [2930.16, 2.706], [2930.17, 0.049], [2930.18, 0.037], [2930.19, 0.72], [2930.2, 15.96]], "timestamp": "2025-12-16T09:48:51.082374+00:00"}, {"symbol": "ETHUSDT", "bids": [[2927.95, 0.845], [2927.94, 0.022], [2927.93, 0.511], [2927.92, 0.055], [2927.91, 0.009], [2927.9, 0.026], [2927.89, 1.397], [2927.88, 0.032], [2927.87, 0.359], [2927.86, 0.054], [2927.85, 0.025], [2927.84, 0.017], [2927.83, 0.04], [2927.82, 0.016], [2927.81, 0.12], [2927.8, 1.297], [2927.79, 0.206], [2927.77, 0.071], [2927.76, 0.816], [2927.75, 0.452]], "asks": [[2927.96, 228.494], [2927.97, 114.191], [2927.98, 30.109], [2927.99, 40.828], [2928.0, 20.03], [2928.01, 31.277], [2928.02, 1.835], [2928.03, 0.2], [2928.05, 1.416], [2928.06, 1.535], [2928.08, 0.875], [2928.09, 0.355], [2928.1, 3.015], [2928.11, 30.81], [2928.12, 0.423], [2928.13, 0.008], [2928.14, 1.731], [2928.15, 21.954], [2928.16, 2.613], [2928.17, 0.419]], "timestamp": "2025-12-16T09:49:43.743991+00:00"}, {"symbol": "ETHUSDT", "bids": [[2926.0, 6.01], [2925.99, 0.028], [2925.98, 0.051], [2925.97, 0.054], [2925.96, 0.018], [2925.95, 0.652], [2925.94, 0.059], [2925.93, 0.03], [2925.91, 0.063], [2925.9, 103.822], [2925.89, 3.466], [2925.88, 0.069], [2925.87, 0.023], [2925.86, 0.019], [2925.85, 0.316], [2925.84, 0.093], [2925.83, 0.023], [2925.82, 0.122], [2925.81, 0.038], [2925.8, 0.053]], "asks": [[2926.01, 163.877], [2926.02, 0.919], [2926.03, 1.448], [2926.04, 0.674], [2926.05, 0.016], [2926.06, 0.014], [2926.07, 0.054], [2926.08, 0.03], [2926.09, 11.591], [2926.1, 33.968], [2926.11, 0.009], [2926.12, 3.408], [2926.13, 2.524], [2926.14, 0.091], [2926.15, 0.021], [2926.16, 3.108], [2926.17, 0.031], [2926.18, 0.077], [2926.19, 4.652], [2926.2, 30.577]], "timestamp": "2025-12-16T09:50:36.035133+00:00"}, {"symbol": "ETHUSDT", "bids": [[2925.58, 34.813], [2925.57, 0.078], [2925.56, 0.043], [2925.55, 0.757], [2925.54, 0.064], [2925.53, 1.514], [2925.52, 0.444], [2925.51, 0.332], [2925.5, 0.05], [2925.49, 0.014], [2925.48, 0.065], [2925.47, 0.028], [2925.46, 0.023], [2925.45, 0.322], [2925.44, 0.376], [2925.43, 11.346], [2925.42, 0.057], [2925.41, 0.023], [2925.4, 0.086], [2925.39, 1.422]], "asks": [[2925.59, 67.577], [2925.6, 45.654], [2925.61, 31.5], [2925.62, 36.584], [2925.63, 0.023], [2925.64, 0.014], [2925.65, 0.04], [2925.66, 0.037], [2925.67, 34.183], [2925.68, 1.785], [2925.69, 0.009], [2925.7, 0.014], [2925.71, 0.054], [2925.72, 0.568], [2925.73, 0.019], [2925.74, 0.096], [2925.75, 14.131], [2925.76, 1.382], [2925.77, 5.039], [2925.78, 1.986]], "timestamp": "2025-12-16T09:51:29.090831+00:00"}, {"symbol": "ETHUSDT", "bids": [[2925.64, 29.77], [2925.63, 0.008], [2925.62, 0.48], [2925.61, 0.007], [2925.6, 0.042], [2925.59, 0.122], [2925.58, 0.023], [2925.57, 1.514], [2925.56, 0.07], [2925.55, 0.045], [2925.54, 0.015], [2925.53, 0.054], [2925.52, 0.023], [2925.51, 0.014], [2925.5, 0.707], [2925.49, 0.048], [2925.48, 0.014], [2925.47, 0.158], [2925.46, 0.071], [2925.45, 0.123]], "asks": [[2925.65, 99.705], [2925.66, 41.315], [2925.67, 30.009], [2925.68, 30.014], [2925.69, 0.016], [2925.7, 0.009], [2925.71, 0.054], [2925.72, 0.021], [2925.73, 0.016], [2925.74, 0.068], [2925.75, 9.447], [2925.76, 3.061], [2925.77, 0.07], [2925.78, 1.723], [2925.79, 38.837], [2925.8, 2.79], [2925.81, 4.82], [2925.82, 0.014], [2925.83, 0.078], [2925.84, 0.035]], "timestamp": "2025-12-16T09:52:21.555568+00:00"}, {"symbol": "ETHUSDT", "bids": [[2925.45, 27.36], [2925.44, 0.028], [2925.43, 0.098], [2925.42, 0.017], [2925.4, 1.66], [2925.39, 0.009], [2925.38, 0.022], [2925.37, 0.108], [2925.36, 1.576], [2925.35, 0.067], [2925.34, 0.037], [2925.33, 0.008], [2925.32, 0.439], [2925.31, 1.733], [2925.3, 0.533], [2925.29, 0.024], [2925.28, 0.474], [2925.27, 12.256], [2925.26, 0.032], [2925.25, 0.044]], "asks": [[2925.46, 105.859], [2925.47, 7.671], [2925.48, 1.547], [2925.5, 2.059], [2925.51, 40.338], [2925.52, 0.071], [2925.53, 0.014], [2925.54, 0.03], [2925.55, 0.049], [2925.56, 1.724], [2925.57, 0.014], [2925.58, 0.309], [2925.6, 10.299], [2925.61, 0.016], [2925.62, 0.063], [2925.63, 0.402], [2925.64, 0.1], [2925.65, 0.46], [2925.66, 0.052], [2925.67, 2.24]], "timestamp": "2025-12-16T09:53:13.498031+00:00"}, {"symbol": "ETHUSDT", "bids": [[2925.97, 20.273], [2925.96, 0.69], [2925.95, 0.987], [2925.94, 0.134], [2925.93, 0.021], [2925.92, 0.016], [2925.91, 0.04], [2925.9, 1.177], [2925.89, 1.358], [2925.87, 0.07], [2925.85, 0.042], [2925.84, 0.056], [2925.83, 0.014], [2925.82, 0.009], [2925.81, 0.079], [2925.8, 0.052], [2925.79, 14.137], [2925.78, 1.441], [2925.77, 0.014], [2925.76, 0.042]], "asks": [[2925.98, 142.821], [2925.99, 46.804], [2926.0, 57.81], [2926.01, 75.371], [2926.02, 30.056], [2926.03, 30.007], [2926.04, 0.023], [2926.05, 0.04], [2926.06, 0.474], [2926.07, 1.763], [2926.08, 0.071], [2926.09, 0.04], [2926.1, 0.037], [2926.11, 0.007], [2926.12, 0.054], [2926.13, 0.037], [2926.14, 0.04], [2926.15, 0.068], [2926.16, 4.0], [2926.17, 0.029]], "timestamp": "2025-12-16T09:54:05.628813+00:00"}, {"symbol": "ETHUSDT", "bids": [[2925.39, 0.077], [2925.38, 0.009], [2925.37, 0.249], [2925.36, 0.377], [2925.35, 0.017], [2925.34, 0.068], [2925.33, 0.143], [2925.32, 0.014], [2925.31, 0.078], [2925.3, 0.053], [2925.29, 1.718], [2925.28, 0.065], [2925.27, 0.034], [2925.26, 0.671], [2925.25, 1.694], [2925.24, 0.12], [2925.22, 3.468], [2925.21, 4.291], [2925.2, 0.05], [2925.19, 3.016]], "asks": [[2925.4, 78.671], [2925.41, 29.758], [2925.42, 35.571], [2925.43, 82.966], [2925.44, 14.916], [2925.45, 61.48], [2925.46, 51.064], [2925.47, 69.337], [2925.48, 21.494], [2925.49, 34.539], [2925.5, 2.196], [2925.51, 28.474], [2925.52, 64.318], [2925.53, 40.045], [2925.54, 53.705], [2925.55, 0.016], [2925.57, 0.04], [2925.58, 0.009], [2925.59, 0.014], [2925.6, 0.072]], "timestamp": "2025-12-16T09:54:59.482484+00:00"}, {"symbol": "ETHUSDT", "bids": [[2923.81, 17.827], [2923.8, 0.081], [2923.79, 0.014], [2923.78, 0.009], [2923.76, 1.546], [2923.75, 0.04], [2923.74, 0.385], [2923.73, 0.705], [2923.72, 0.188], [2923.71, 0.009], [2923.7, 3.51], [2923.69, 3.508], [2923.68, 0.032], [2923.67, 0.027], [2923.66, 0.195], [2923.65, 1.941], [2923.64, 1.372], [2923.63, 0.151], [2923.62, 0.018], [2923.61, 0.4]], "asks": [[2923.82, 172.292], [2923.83, 45.348], [2923.84, 32.981], [2923.86, 30.016], [2923.87, 0.061], [2923.88, 30.0], [2923.89, 0.78], [2923.9, 0.056], [2923.91, 0.014], [2923.92, 0.201], [2923.93, 0.063], [2923.95, 12.084], [2923.96, 2.035], [2923.97, 0.188], [2923.98, 34.89], [2923.99, 0.082], [2924.0, 10.094], [2924.01, 0.037], [2924.02, 0.473], [2924.03, 0.009]], "timestamp": "2025-12-16T09:55:52.408926+00:00"}, {"symbol": "ETHUSDT", "bids": [[2923.27, 117.455], [2923.26, 2.827], [2923.24, 0.376], [2923.23, 0.234], [2923.22, 0.027], [2923.21, 0.099], [2923.2, 2.465], [2923.19, 0.06], [2923.18, 0.014], [2923.17, 0.014], [2923.16, 1.433], [2923.15, 0.054], [2923.14, 1.369], [2923.13, 0.023], [2923.12, 0.126], [2923.11, 0.021], [2923.1, 0.028], [2923.09, 0.082], [2923.08, 4.13], [2923.07, 1.865]], "asks": [[2923.28, 49.8], [2923.29, 0.065], [2923.3, 0.018], [2923.31, 0.014], [2923.32, 0.009], [2923.33, 3.212], [2923.34, 2.662], [2923.35, 0.51], [2923.36, 0.014], [2923.37, 3.103], [2923.38, 0.055], [2923.39, 0.028], [2923.4, 0.71], [2923.41, 0.11], [2923.42, 1.779], [2923.43, 1.509], [2923.44, 1.032], [2923.45, 1.351], [2923.46, 0.055], [2923.47, 0.289]], "timestamp": "2025-12-16T09:56:44.836701+00:00"}, {"symbol": "ETHUSDT", "bids": [[2924.66, 53.065], [2924.65, 0.119], [2924.64, 1.939], [2924.63, 7.561], [2924.62, 3.087], [2924.61, 0.122], [2924.6, 0.477], [2924.59, 0.023], [2924.58, 0.023], [2924.57, 0.072], [2924.56, 1.744], [2924.55, 0.58], [2924.54, 0.048], [2924.53, 10.948], [2924.52, 16.656], [2924.51, 0.021], [2924.5, 0.057], [2924.49, 1.684], [2924.48, 1.515], [2924.47, 3.081]], "asks": [[2924.67, 42.586], [2924.68, 0.118], [2924.69, 1.507], [2924.7, 0.993], [2924.71, 0.056], [2924.72, 0.028], [2924.73, 0.065], [2924.74, 0.233], [2924.75, 1.18], [2924.76, 0.094], [2924.77, 0.022], [2924.78, 0.023], [2924.79, 2.435], [2924.8, 0.03], [2924.81, 2.288], [2924.82, 0.926], [2924.83, 0.272], [2924.84, 0.476], [2924.85, 12.861], [2924.86, 34.217]], "timestamp": "2025-12-16T09:57:36.860571+00:00"}, {"symbol": "ETHUSDT", "bids": [[2924.76, 38.451], [2924.75, 0.007], [2924.74, 0.009], [2924.73, 0.014], [2924.72, 0.049], [2924.71, 0.014], [2924.7, 0.021], [2924.69, 0.023], [2924.67, 0.054], [2924.66, 0.009], [2924.65, 0.014], [2924.64, 0.048], [2924.63, 1.733], [2924.61, 0.054], [2924.6, 0.027], [2924.59, 0.023], [2924.58, 0.018], [2924.57, 0.755], [2924.56, 0.39], [2924.55, 0.224]], "asks": [[2924.77, 91.972], [2924.78, 0.016], [2924.79, 0.186], [2924.8, 1.023], [2924.81, 0.023], [2924.82, 2.763], [2924.83, 0.082], [2924.85, 3.721], [2924.86, 0.478], [2924.87, 0.03], [2924.88, 13.083], [2924.89, 21.841], [2924.9, 6.949], [2924.91, 5.123], [2924.92, 36.475], [2924.93, 1.72], [2924.94, 7.603], [2924.95, 3.998], [2924.96, 1.972], [2924.97, 0.279]], "timestamp": "2025-12-16T09:58:29.204506+00:00"}, {"symbol": "ETHUSDT", "bids": [[2924.6, 33.333], [2924.59, 0.047], [2924.58, 0.023], [2924.56, 0.049], [2924.55, 0.052], [2924.53, 0.139], [2924.52, 1.733], [2924.51, 0.014], [2924.5, 0.04], [2924.49, 0.307], [2924.48, 0.471], [2924.47, 0.057], [2924.46, 0.045], [2924.45, 0.007], [2924.44, 0.451], [2924.43, 0.031], [2924.42, 0.738], [2924.41, 0.009], [2924.4, 1.121], [2924.39, 1.758]], "asks": [[2924.61, 192.57], [2924.62, 0.014], [2924.63, 4.018], [2924.64, 1.727], [2924.65, 37.663], [2924.66, 0.061], [2924.68, 1.88], [2924.69, 0.081], [2924.7, 0.037], [2924.71, 0.009], [2924.72, 0.023], [2924.73, 4.679], [2924.75, 0.037], [2924.76, 1.194], [2924.77, 0.037], [2924.78, 30.585], [2924.79, 53.128], [2924.8, 20.053], [2924.81, 34.402], [2924.82, 31.382]], "timestamp": "2025-12-16T09:59:21.421642+00:00"}, {"symbol": "ETHUSDT", "bids": [[2924.6, 67.265], [2924.59, 0.061], [2924.58, 0.032], [2924.56, 1.469], [2924.55, 0.077], [2924.54, 0.044], [2924.53, 0.062], [2924.52, 0.572], [2924.51, 0.106], [2924.5, 0.769], [2924.49, 0.724], [2924.48, 0.025], [2924.47, 0.246], [2924.46, 0.029], [2924.45, 0.031], [2924.44, 0.024], [2924.43, 0.098], [2924.42, 0.926], [2924.41, 1.376], [2924.4, 1.195]], "asks": [[2924.61, 83.928], [2924.62, 4.009], [2924.64, 0.04], [2924.65, 0.009], [2924.66, 1.962], [2924.67, 0.04], [2924.68, 0.014], [2924.69, 0.009], [2924.7, 0.023], [2924.71, 0.054], [2924.72, 0.009], [2924.73, 0.029], [2924.74, 7.813], [2924.75, 0.049], [2924.76, 0.014], [2924.77, 0.015], [2924.78, 0.023], [2924.79, 5.072], [2924.8, 0.022], [2924.81, 0.009]], "timestamp": "2025-12-16T10:00:13.937974+00:00"}, {"symbol": "ETHUSDT", "bids": [[2924.0, 98.893], [2923.99, 3.905], [2923.97, 0.009], [2923.96, 0.326], [2923.95, 0.361], [2923.93, 0.085], [2923.92, 0.314], [2923.91, 1.733], [2923.9, 0.244], [2923.89, 0.441], [2923.88, 0.392], [2923.87, 0.342], [2923.86, 0.023], [2923.85, 0.378], [2923.84, 0.084], [2923.83, 0.024], [2923.82, 0.037], [2923.81, 1.786], [2923.8, 0.06], [2923.79, 0.145]], "asks": [[2924.01, 53.366], [2924.02, 0.047], [2924.04, 0.014], [2924.05, 0.049], [2924.06, 0.014], [2924.07, 0.014], [2924.08, 1.191], [2924.09, 2.21], [2924.1, 2.591], [2924.11, 1.408], [2924.12, 0.023], [2924.13, 1.424], [2924.14, 0.355], [2924.15, 1.786], [2924.16, 13.73], [2924.17, 17.469], [2924.18, 17.533], [2924.19, 1.831], [2924.2, 34.245], [2924.21, 0.007]], "timestamp": "2025-12-16T10:01:06.673472+00:00"}, {"symbol": "ETHUSDT", "bids": [[2920.71, 0.228], [2920.7, 3.933], [2920.69, 0.049], [2920.68, 4.476], [2920.67, 0.009], [2920.66, 0.18], [2920.65, 0.451], [2920.64, 0.023], [2920.63, 0.304], [2920.62, 0.009], [2920.61, 0.618], [2920.6, 0.066], [2920.59, 0.47], [2920.58, 0.039], [2920.57, 0.062], [2920.56, 0.727], [2920.55, 0.056], [2920.54, 0.065], [2920.53, 1.401], [2920.52, 0.545]], "asks": [[2920.72, 129.445], [2920.73, 22.249], [2920.75, 0.007], [2920.76, 0.049], [2920.77, 0.03], [2920.78, 2.183], [2920.79, 0.049], [2920.8, 1.783], [2920.82, 1.782], [2920.83, 0.878], [2920.84, 0.438], [2920.85, 0.054], [2920.86, 7.205], [2920.87, 5.889], [2920.88, 8.614], [2920.89, 20.213], [2920.9, 30.14], [2920.91, 0.176], [2920.92, 2.061], [2920.93, 0.09]], "timestamp": "2025-12-16T10:01:59.779675+00:00"}, {"symbol": "ETHUSDT", "bids": [[2923.19, 134.069], [2923.18, 3.999], [2923.17, 0.171], [2923.16, 0.376], [2923.15, 0.827], [2923.14, 1.368], [2923.13, 0.014], [2923.12, 0.446], [2923.11, 0.021], [2923.1, 0.054], [2923.09, 0.016], [2923.08, 0.034], [2923.07, 3.221], [2923.06, 0.023], [2923.05, 0.014], [2923.04, 0.014], [2923.03, 0.057], [2923.02, 0.028], [2923.01, 0.357], [2923.0, 1.19]], "asks": [[2923.2, 54.359], [2923.21, 0.007], [2923.22, 0.007], [2923.23, 0.096], [2923.24, 1.346], [2923.25, 0.077], [2923.26, 0.011], [2923.27, 0.244], [2923.28, 0.007], [2923.29, 0.022], [2923.3, 0.057], [2923.31, 0.016], [2923.32, 0.023], [2923.33, 0.022], [2923.34, 0.049], [2923.35, 0.029], [2923.36, 0.88], [2923.37, 3.936], [2923.38, 0.038], [2923.39, 19.097]], "timestamp": "2025-12-16T10:02:52.352526+00:00"}, {"symbol": "ETHUSDT", "bids": [[2924.97, 69.482], [2924.96, 0.136], [2924.95, 0.1], [2924.94, 0.04], [2924.93, 0.023], [2924.92, 0.021], [2924.91, 0.022], [2924.9, 0.094], [2924.89, 0.107], [2924.88, 1.008], [2924.87, 0.07], [2924.85, 0.369], [2924.84, 0.063], [2924.83, 0.014], [2924.82, 0.373], [2924.81, 0.084], [2924.8, 0.007], [2924.79, 0.014], [2924.78, 0.057], [2924.77, 3.513]], "asks": [[2924.98, 37.057], [2924.99, 0.022], [2925.0, 0.028], [2925.01, 0.04], [2925.02, 0.009], [2925.05, 0.063], [2925.07, 0.566], [2925.08, 0.026], [2925.09, 0.085], [2925.1, 0.008], [2925.11, 0.023], [2925.12, 3.383], [2925.13, 0.023], [2925.14, 0.008], [2925.15, 0.021], [2925.16, 0.754], [2925.17, 6.707], [2925.18, 0.443], [2925.19, 2.686], [2925.2, 39.338]], "timestamp": "2025-12-16T10:03:44.489433+00:00"}, {"symbol": "ETHUSDT", "bids": [[2925.5, 36.959], [2925.49, 5.894], [2925.48, 0.576], [2925.47, 0.023], [2925.46, 0.434], [2925.45, 1.078], [2925.44, 0.009], [2925.43, 0.406], [2925.42, 0.209], [2925.41, 0.014], [2925.4, 0.47], [2925.39, 0.07], [2925.38, 0.008], [2925.37, 0.014], [2925.36, 0.078], [2925.35, 0.021], [2925.34, 0.031], [2925.32, 0.023], [2925.31, 0.098], [2925.3, 8.22]], "asks": [[2925.51, 73.258], [2925.52, 1.757], [2925.54, 0.021], [2925.55, 1.337], [2925.56, 0.054], [2925.57, 0.014], [2925.58, 2.878], [2925.59, 19.038], [2925.6, 0.098], [2925.61, 0.038], [2925.62, 1.813], [2925.63, 0.039], [2925.64, 0.014], [2925.65, 0.104], [2925.66, 7.027], [2925.67, 18.998], [2925.68, 1.396], [2925.69, 0.009], [2925.7, 0.424], [2925.71, 0.021]], "timestamp": "2025-12-16T10:04:36.727905+00:00"}, {"symbol": "ETHUSDT", "bids": [[2924.85, 59.014], [2924.84, 1.57], [2924.83, 0.02], [2924.82, 0.412], [2924.81, 0.014], [2924.8, 1.305], [2924.79, 1.11], [2924.78, 0.202], [2924.77, 1.582], [2924.76, 1.178], [2924.75, 0.17], [2924.74, 2.16], [2924.73, 0.045], [2924.72, 0.014], [2924.71, 0.049], [2924.7, 0.155], [2924.69, 0.017], [2924.68, 1.426], [2924.67, 0.23], [2924.66, 0.082]], "asks": [[2924.86, 158.88], [2924.87, 0.831], [2924.88, 1.198], [2924.89, 1.514], [2924.9, 0.009], [2924.91, 0.03], [2924.92, 0.054], [2924.93, 0.054], [2924.95, 0.037], [2924.97, 3.688], [2924.98, 0.03], [2924.99, 0.014], [2925.0, 0.546], [2925.01, 1.352], [2925.02, 4.366], [2925.03, 0.014], [2925.04, 2.131], [2925.05, 1.408], [2925.06, 0.014], [2925.07, 0.747]], "timestamp": "2025-12-16T10:05:29.523626+00:00"}, {"symbol": "ETHUSDT", "bids": [[2925.0, 30.842], [2924.99, 7.471], [2924.97, 1.336], [2924.96, 0.056], [2924.95, 0.247], [2924.93, 0.037], [2924.92, 0.548], [2924.91, 1.569], [2924.9, 0.035], [2924.89, 0.266], [2924.88, 0.384], [2924.87, 0.051], [2924.86, 2.101], [2924.85, 5.11], [2924.84, 0.024], [2924.83, 0.209], [2924.82, 0.078], [2924.81, 0.022], [2924.8, 0.034], [2924.79, 0.655]], "asks": [[2925.01, 63.29], [2925.02, 3.662], [2925.03, 1.5], [2925.04, 0.014], [2925.05, 0.041], [2925.06, 0.696], [2925.07, 0.054], [2925.08, 1.745], [2925.09, 0.016], [2925.1, 0.635], [2925.11, 2.221], [2925.12, 4.18], [2925.13, 4.285], [2925.14, 3.671], [2925.15, 5.063], [2925.16, 6.779], [2925.17, 0.064], [2925.18, 1.731], [2925.19, 0.023], [2925.2, 1.383]], "timestamp": "2025-12-16T10:06:21.692978+00:00"}, {"symbol": "ETHUSDT", "bids": [[2925.53, 19.959], [2925.52, 0.083], [2925.51, 0.431], [2925.5, 0.01], [2925.49, 1.573], [2925.48, 0.286], [2925.47, 0.007], [2925.46, 0.068], [2925.45, 0.045], [2925.44, 0.014], [2925.43, 0.065], [2925.42, 0.433], [2925.4, 0.461], [2925.39, 0.201], [2925.38, 0.009], [2925.37, 0.068], [2925.36, 0.017], [2925.35, 0.038], [2925.34, 0.07], [2925.33, 0.109]], "asks": [[2925.54, 266.505], [2925.55, 32.793], [2925.56, 0.3], [2925.57, 1.555], [2925.58, 0.009], [2925.59, 0.009], [2925.6, 1.792], [2925.61, 0.009], [2925.62, 0.014], [2925.63, 0.231], [2925.64, 0.835], [2925.65, 0.04], [2925.66, 0.409], [2925.67, 0.016], [2925.68, 0.036], [2925.69, 6.48], [2925.7, 4.395], [2925.71, 0.014], [2925.72, 0.044], [2925.73, 0.049]], "timestamp": "2025-12-16T10:07:14.343700+00:00"}, {"symbol": "ETHUSDT", "bids": [[2925.61, 87.763], [2925.6, 1.424], [2925.59, 0.08], [2925.58, 0.007], [2925.57, 0.056], [2925.56, 0.086], [2925.55, 0.015], [2925.54, 1.748], [2925.53, 1.103], [2925.52, 0.054], [2925.51, 0.253], [2925.5, 5.0], [2925.49, 0.047], [2925.48, 2.337], [2925.47, 0.016], [2925.46, 1.633], [2925.45, 0.059], [2925.44, 1.734], [2925.43, 2.364], [2925.42, 1.888]], "asks": [[2925.62, 102.197], [2925.63, 0.028], [2925.65, 0.04], [2925.66, 0.023], [2925.67, 0.014], [2925.68, 0.007], [2925.69, 0.063], [2925.71, 0.441], [2925.72, 1.355], [2925.73, 0.014], [2925.74, 0.021], [2925.75, 5.345], [2925.76, 2.761], [2925.77, 0.021], [2925.78, 1.764], [2925.79, 4.083], [2925.8, 10.778], [2925.81, 0.038], [2925.82, 0.058], [2925.83, 0.023]], "timestamp": "2025-12-16T10:08:07.054705+00:00"}, {"symbol": "ETHUSDT", "bids": [[2924.7, 72.799], [2924.69, 9.745], [2924.67, 0.023], [2924.66, 0.04], [2924.65, 3.318], [2924.64, 0.029], [2924.63, 0.074], [2924.62, 0.009], [2924.61, 0.037], [2924.6, 5.572], [2924.59, 1.74], [2924.58, 0.657], [2924.57, 0.04], [2924.56, 35.13], [2924.55, 5.55], [2924.54, 4.298], [2924.53, 1.514], [2924.52, 2.894], [2924.51, 2.048], [2924.5, 5.035]], "asks": [[2924.71, 37.903], [2924.72, 0.014], [2924.73, 1.5], [2924.74, 0.04], [2924.75, 0.056], [2924.76, 0.076], [2924.77, 0.014], [2924.78, 0.063], [2924.8, 0.413], [2924.81, 1.726], [2924.82, 0.907], [2924.83, 0.523], [2924.84, 0.46], [2924.85, 0.089], [2924.86, 0.037], [2924.87, 0.017], [2924.88, 0.014], [2924.89, 0.023], [2924.9, 1.402], [2924.91, 2.066]], "timestamp": "2025-12-16T10:08:59.652369+00:00"}, {"symbol": "ETHUSDT", "bids": [[2924.54, 71.72], [2924.53, 18.479], [2924.52, 1.509], [2924.51, 0.04], [2924.5, 0.032], [2924.49, 0.287], [2924.48, 0.39], [2924.47, 0.611], [2924.46, 0.536], [2924.45, 0.03], [2924.44, 0.484], [2924.43, 0.468], [2924.41, 0.063], [2924.4, 10.267], [2924.39, 0.031], [2924.38, 0.04], [2924.37, 0.045], [2924.36, 0.207], [2924.35, 0.43], [2924.34, 0.026]], "asks": [[2924.55, 63.153], [2924.56, 0.014], [2924.57, 1.507], [2924.59, 0.049], [2924.6, 0.106], [2924.62, 0.063], [2924.63, 0.014], [2924.64, 1.74], [2924.65, 0.056], [2924.66, 0.028], [2924.67, 2.587], [2924.68, 0.063], [2924.69, 0.014], [2924.7, 2.107], [2924.71, 0.017], [2924.72, 0.028], [2924.73, 0.225], [2924.74, 0.319], [2924.75, 0.022], [2924.76, 2.374]], "timestamp": "2025-12-16T10:09:52.416558+00:00"}, {"symbol": "ETHUSDT", "bids": [[2925.13, 234.471], [2925.12, 21.091], [2925.11, 1.222], [2925.1, 1.796], [2925.09, 0.186], [2925.08, 0.385], [2925.07, 0.023], [2925.06, 0.04], [2925.04, 0.46], [2925.03, 0.014], [2925.02, 0.063], [2925.01, 0.03], [2925.0, 0.439], [2924.99, 0.009], [2924.98, 1.408], [2924.96, 0.028], [2924.95, 7.453], [2924.94, 0.023], [2924.93, 0.009], [2924.92, 0.014]], "asks": [[2925.14, 8.086], [2925.15, 0.084], [2925.16, 0.622], [2925.18, 0.057], [2925.19, 0.014], [2925.2, 0.009], [2925.21, 0.092], [2925.22, 0.04], [2925.23, 0.023], [2925.24, 0.163], [2925.25, 0.048], [2925.26, 0.023], [2925.27, 0.131], [2925.28, 3.225], [2925.29, 0.879], [2925.3, 1.844], [2925.31, 4.268], [2925.32, 0.024], [2925.33, 6.405], [2925.34, 8.104]], "timestamp": "2025-12-16T10:10:44.191094+00:00"}, {"symbol": "ETHUSDT", "bids": [[2925.75, 158.95], [2925.74, 0.028], [2925.73, 0.436], [2925.72, 0.314], [2925.71, 0.049], [2925.7, 0.132], [2925.69, 0.887], [2925.68, 0.054], [2925.67, 0.014], [2925.66, 0.009], [2925.65, 0.014], [2925.64, 1.759], [2925.63, 1.396], [2925.62, 0.014], [2925.61, 0.057], [2925.6, 0.801], [2925.59, 0.021], [2925.58, 0.1], [2925.57, 0.43], [2925.56, 0.014]], "asks": [[2925.76, 14.231], [2925.77, 0.028], [2925.78, 0.009], [2925.79, 0.04], [2925.8, 0.031], [2925.81, 0.038], [2925.82, 0.04], [2925.83, 0.037], [2925.84, 1.717], [2925.85, 0.063], [2925.86, 0.009], [2925.87, 0.014], [2925.88, 0.057], [2925.89, 0.009], [2925.9, 2.79], [2925.91, 0.016], [2925.92, 0.859], [2925.93, 0.221], [2925.94, 1.739], [2925.95, 0.019]], "timestamp": "2025-12-16T10:11:35.990895+00:00"}, {"symbol": "ETHUSDT", "bids": [[2926.72, 1.587], [2926.71, 0.008], [2926.7, 0.009], [2926.69, 0.063], [2926.68, 0.142], [2926.66, 0.023], [2926.65, 0.007], [2926.64, 0.04], [2926.63, 0.023], [2926.61, 0.04], [2926.6, 0.023], [2926.58, 0.025], [2926.57, 0.83], [2926.56, 0.061], [2926.55, 0.007], [2926.54, 0.063], [2926.53, 0.025], [2926.52, 0.028], [2926.51, 0.054], [2926.5, 0.023]], "asks": [[2926.73, 174.853], [2926.74, 0.03], [2926.75, 0.082], [2926.76, 0.375], [2926.77, 1.033], [2926.78, 0.04], [2926.79, 2.675], [2926.8, 3.952], [2926.81, 0.049], [2926.82, 0.014], [2926.83, 0.049], [2926.84, 0.333], [2926.85, 0.091], [2926.86, 3.415], [2926.87, 0.123], [2926.88, 5.889], [2926.89, 2.855], [2926.9, 0.15], [2926.91, 2.05], [2926.92, 0.725]], "timestamp": "2025-12-16T10:12:28.484769+00:00"}, {"symbol": "ETHUSDT", "bids": [[2927.74, 9.05], [2927.73, 5.909], [2927.72, 0.016], [2927.71, 1.649], [2927.7, 0.329], [2927.69, 0.153], [2927.68, 0.149], [2927.67, 0.123], [2927.66, 0.114], [2927.65, 0.04], [2927.64, 2.028], [2927.63, 0.665], [2927.62, 0.104], [2927.61, 0.025], [2927.6, 0.045], [2927.59, 0.918], [2927.58, 1.025], [2927.57, 0.045], [2927.56, 0.093], [2927.55, 15.438]], "asks": [[2927.75, 170.291], [2927.76, 8.277], [2927.77, 0.014], [2927.78, 0.342], [2927.79, 0.056], [2927.8, 0.009], [2927.81, 0.014], [2927.82, 0.224], [2927.83, 0.009], [2927.84, 0.014], [2927.85, 2.652], [2927.86, 1.331], [2927.87, 0.292], [2927.88, 3.279], [2927.89, 11.125], [2927.9, 0.009], [2927.91, 0.395], [2927.92, 2.337], [2927.93, 0.014], [2927.94, 10.243]], "timestamp": "2025-12-16T10:13:21.020109+00:00"}, {"symbol": "ETHUSDT", "bids": [[2927.66, 6.766], [2927.65, 0.06], [2927.63, 0.014], [2927.62, 5.405], [2927.61, 0.014], [2927.6, 0.03], [2927.59, 1.04], [2927.58, 0.009], [2927.57, 0.014], [2927.56, 0.042], [2927.55, 0.087], [2927.54, 0.014], [2927.53, 0.014], [2927.52, 0.071], [2927.51, 0.014], [2927.5, 0.048], [2927.49, 0.713], [2927.48, 0.417], [2927.47, 0.039], [2927.46, 0.575]], "asks": [[2927.67, 231.513], [2927.68, 0.028], [2927.7, 0.238], [2927.71, 0.009], [2927.72, 0.407], [2927.73, 0.049], [2927.74, 0.023], [2927.75, 8.514], [2927.76, 1.773], [2927.77, 1.89], [2927.78, 0.014], [2927.79, 0.015], [2927.8, 0.03], [2927.81, 1.058], [2927.82, 4.051], [2927.83, 13.787], [2927.84, 35.573], [2927.85, 0.025], [2927.86, 2.106], [2927.87, 1.759]], "timestamp": "2025-12-16T10:14:12.928020+00:00"}, {"symbol": "ETHUSDT", "bids": [[2927.18, 275.205], [2927.17, 63.293], [2927.16, 31.41], [2927.15, 30.047], [2927.14, 0.009], [2927.13, 31.371], [2927.12, 14.637], [2927.11, 1.0], [2927.1, 3.278], [2927.09, 0.407], [2927.08, 1.376], [2927.07, 0.045], [2927.06, 0.079], [2927.05, 0.321], [2927.04, 0.023], [2927.03, 0.633], [2927.02, 2.66], [2927.01, 0.063], [2927.0, 7.921], [2926.99, 0.084]], "asks": [[2927.19, 1.058], [2927.2, 0.021], [2927.21, 0.014], [2927.22, 0.049], [2927.23, 0.009], [2927.24, 0.014], [2927.25, 0.055], [2927.26, 0.096], [2927.27, 0.038], [2927.29, 0.08], [2927.3, 0.068], [2927.32, 0.009], [2927.33, 0.007], [2927.34, 0.066], [2927.35, 0.029], [2927.36, 0.023], [2927.37, 0.014], [2927.38, 0.049], [2927.39, 0.028], [2927.4, 0.035]], "timestamp": "2025-12-16T10:15:06.582443+00:00"}, {"symbol": "ETHUSDT", "bids": [[2927.58, 68.564], [2927.57, 1.125], [2927.56, 1.509], [2927.55, 0.397], [2927.54, 0.014], [2927.53, 0.299], [2927.52, 0.087], [2927.51, 1.434], [2927.5, 0.018], [2927.49, 0.533], [2927.48, 0.009], [2927.47, 0.056], [2927.46, 0.766], [2927.45, 0.095], [2927.44, 0.461], [2927.43, 0.378], [2927.42, 0.057], [2927.41, 0.014], [2927.4, 0.342], [2927.39, 0.159]], "asks": [[2927.59, 45.772], [2927.6, 0.064], [2927.62, 1.744], [2927.63, 0.009], [2927.64, 0.063], [2927.65, 0.014], [2927.66, 0.014], [2927.67, 0.049], [2927.68, 0.028], [2927.69, 1.714], [2927.7, 0.051], [2927.71, 0.063], [2927.72, 9.244], [2927.73, 5.703], [2927.74, 0.581], [2927.75, 0.52], [2927.76, 0.505], [2927.77, 0.054], [2927.78, 1.534], [2927.79, 1.976]], "timestamp": "2025-12-16T10:15:58.605806+00:00"}, {"symbol": "ETHUSDT", "bids": [[2930.36, 81.918], [2930.35, 14.47], [2930.34, 17.44], [2930.33, 0.248], [2930.32, 0.037], [2930.31, 0.379], [2930.3, 0.064], [2930.29, 0.009], [2930.28, 0.137], [2930.27, 0.009], [2930.26, 0.328], [2930.25, 0.922], [2930.24, 0.014], [2930.23, 5.243], [2930.22, 0.054], [2930.21, 0.063], [2930.2, 1.73], [2930.19, 0.007], [2930.18, 0.395], [2930.17, 0.064]], "asks": [[2930.37, 78.597], [2930.38, 0.014], [2930.39, 0.078], [2930.4, 0.014], [2930.41, 0.009], [2930.42, 1.761], [2930.43, 0.349], [2930.44, 2.279], [2930.45, 2.265], [2930.46, 2.314], [2930.47, 2.272], [2930.48, 2.265], [2930.49, 0.056], [2930.5, 3.137], [2930.51, 2.275], [2930.52, 2.314], [2930.53, 1.373], [2930.54, 2.265], [2930.55, 2.329], [2930.56, 2.265]], "timestamp": "2025-12-16T10:16:50.786360+00:00"}, {"symbol": "ETHUSDT", "bids": [[2927.84, 83.202], [2927.83, 0.028], [2927.81, 0.122], [2927.8, 0.019], [2927.79, 0.191], [2927.78, 0.04], [2927.77, 0.023], [2927.76, 0.019], [2927.75, 0.054], [2927.74, 8.037], [2927.73, 51.717], [2927.72, 0.879], [2927.71, 1.514], [2927.7, 0.393], [2927.69, 0.268], [2927.68, 0.024], [2927.67, 0.348], [2927.66, 0.07], [2927.65, 3.3], [2927.64, 0.541]], "asks": [[2927.85, 65.212], [2927.86, 0.03], [2927.88, 0.04], [2927.89, 0.016], [2927.9, 0.018], [2927.91, 0.049], [2927.92, 0.598], [2927.93, 3.208], [2927.94, 0.063], [2927.95, 0.016], [2927.96, 0.014], [2927.97, 0.064], [2927.98, 0.015], [2927.99, 0.032], [2928.0, 8.793], [2928.01, 1.381], [2928.02, 0.01], [2928.03, 1.979], [2928.04, 0.451], [2928.05, 0.047]], "timestamp": "2025-12-16T10:17:42.365041+00:00"}, {"symbol": "ETHUSDT", "bids": [[2930.04, 48.942], [2930.03, 0.027], [2930.01, 0.054], [2930.0, 0.242], [2929.99, 0.014], [2929.98, 0.047], [2929.97, 0.023], [2929.95, 0.084], [2929.94, 0.016], [2929.93, 0.014], [2929.92, 0.431], [2929.91, 0.014], [2929.9, 0.009], [2929.89, 0.231], [2929.88, 2.161], [2929.87, 0.331], [2929.86, 4.23], [2929.85, 0.009], [2929.84, 0.043], [2929.83, 0.049]], "asks": [[2930.05, 52.248], [2930.06, 2.02], [2930.08, 0.027], [2930.09, 0.086], [2930.1, 0.037], [2930.11, 0.019], [2930.12, 0.09], [2930.13, 0.212], [2930.14, 0.376], [2930.15, 6.508], [2930.16, 3.054], [2930.17, 1.652], [2930.18, 0.071], [2930.19, 0.01], [2930.2, 12.202], [2930.21, 1.437], [2930.22, 0.049], [2930.23, 4.737], [2930.24, 4.169], [2930.25, 32.004]], "timestamp": "2025-12-16T10:18:34.059856+00:00"}, {"symbol": "ETHUSDT", "bids": [[2930.17, 161.205], [2930.16, 0.015], [2930.15, 0.159], [2930.14, 0.042], [2930.13, 0.034], [2930.12, 4.282], [2930.11, 0.009], [2930.1, 0.028], [2930.08, 0.023], [2930.07, 0.056], [2930.06, 0.014], [2930.05, 0.077], [2930.04, 8.148], [2930.03, 66.254], [2930.02, 0.03], [2930.01, 0.007], [2930.0, 1.412], [2929.99, 0.073], [2929.98, 0.014], [2929.97, 0.024]], "asks": [[2930.18, 50.52], [2930.19, 1.713], [2930.2, 0.028], [2930.21, 1.783], [2930.22, 0.008], [2930.23, 0.014], [2930.24, 0.057], [2930.25, 0.03], [2930.26, 0.011], [2930.27, 0.07], [2930.28, 0.064], [2930.29, 1.797], [2930.3, 0.014], [2930.31, 0.057], [2930.32, 0.397], [2930.33, 0.009], [2930.34, 0.261], [2930.35, 1.721], [2930.36, 0.48], [2930.37, 0.062]], "timestamp": "2025-12-16T10:19:25.680966+00:00"}, {"symbol": "ETHUSDT", "bids": [[2926.82, 12.979], [2926.81, 0.035], [2926.8, 0.103], [2926.78, 0.023], [2926.77, 0.058], [2926.76, 0.373], [2926.75, 0.007], [2926.74, 0.059], [2926.71, 0.573], [2926.7, 0.018], [2926.69, 0.024], [2926.68, 0.089], [2926.67, 0.245], [2926.66, 0.379], [2926.65, 0.068], [2926.64, 0.028], [2926.63, 0.114], [2926.62, 0.065], [2926.61, 0.014], [2926.6, 0.009]], "asks": [[2926.83, 114.578], [2926.84, 0.014], [2926.86, 0.381], [2926.87, 1.392], [2926.88, 4.997], [2926.89, 16.186], [2926.9, 0.023], [2926.91, 0.17], [2926.92, 0.054], [2926.93, 0.699], [2926.94, 1.809], [2926.95, 16.409], [2926.96, 0.706], [2926.97, 19.953], [2926.98, 1.179], [2926.99, 0.066], [2927.0, 44.547], [2927.01, 34.831], [2927.02, 0.037], [2927.03, 0.176]], "timestamp": "2025-12-16T10:20:17.265168+00:00"}, {"symbol": "ETHUSDT", "bids": [[2926.19, 177.343], [2926.18, 1.249], [2926.17, 31.461], [2926.16, 4.565], [2926.15, 0.023], [2926.14, 0.076], [2926.12, 0.009], [2926.11, 2.217], [2926.1, 1.912], [2926.09, 0.041], [2926.08, 0.023], [2926.07, 0.071], [2926.06, 0.009], [2926.05, 1.396], [2926.04, 0.04], [2926.03, 0.031], [2926.02, 0.021], [2926.01, 1.499], [2926.0, 3.136], [2925.99, 0.185]], "asks": [[2926.2, 15.164], [2926.21, 1.896], [2926.22, 0.31], [2926.23, 0.04], [2926.24, 0.454], [2926.25, 0.04], [2926.26, 0.398], [2926.28, 0.017], [2926.29, 0.053], [2926.3, 0.019], [2926.31, 0.094], [2926.32, 0.435], [2926.33, 0.009], [2926.34, 0.014], [2926.35, 0.085], [2926.36, 0.041], [2926.37, 0.568], [2926.38, 0.016], [2926.39, 4.643], [2926.4, 3.012]], "timestamp": "2025-12-16T10:21:09.450374+00:00"}, {"symbol": "ETHUSDT", "bids": [[2928.94, 5.624], [2928.93, 0.06], [2928.92, 1.514], [2928.91, 0.009], [2928.9, 0.086], [2928.88, 0.016], [2928.87, 0.076], [2928.86, 0.008], [2928.85, 0.023], [2928.84, 0.054], [2928.83, 0.014], [2928.82, 0.017], [2928.81, 0.061], [2928.8, 1.355], [2928.79, 0.332], [2928.78, 0.207], [2928.77, 0.009], [2928.76, 0.514], [2928.75, 0.014], [2928.74, 0.031]], "asks": [[2928.95, 125.045], [2928.96, 10.353], [2928.97, 0.04], [2928.99, 0.009], [2929.0, 0.031], [2929.01, 1.406], [2929.02, 0.193], [2929.03, 34.192], [2929.04, 2.574], [2929.05, 0.723], [2929.06, 0.023], [2929.08, 0.39], [2929.09, 12.888], [2929.1, 3.334], [2929.11, 30.135], [2929.12, 30.023], [2929.13, 0.17], [2929.14, 3.126], [2929.15, 0.068], [2929.16, 0.066]], "timestamp": "2025-12-16T10:22:02.512188+00:00"}, {"symbol": "ETHUSDT", "bids": [[2929.4, 30.563], [2929.39, 0.015], [2929.38, 0.24], [2929.37, 0.023], [2929.36, 0.017], [2929.35, 0.014], [2929.34, 0.056], [2929.33, 0.014], [2929.32, 0.225], [2929.31, 1.039], [2929.3, 0.029], [2929.29, 0.014], [2929.28, 0.057], [2929.27, 1.809], [2929.26, 0.17], [2929.25, 0.065], [2929.24, 0.5], [2929.23, 0.332], [2929.22, 0.104], [2929.21, 0.063]], "asks": [[2929.41, 106.286], [2929.42, 0.014], [2929.44, 0.588], [2929.45, 1.584], [2929.46, 0.014], [2929.48, 0.438], [2929.49, 1.375], [2929.5, 0.205], [2929.51, 2.907], [2929.52, 0.063], [2929.53, 0.008], [2929.54, 0.014], [2929.55, 0.009], [2929.56, 0.791], [2929.57, 0.048], [2929.58, 1.818], [2929.59, 9.307], [2929.6, 5.798], [2929.61, 0.034], [2929.62, 1.451]], "timestamp": "2025-12-16T10:22:54.260903+00:00"}, {"symbol": "ETHUSDT", "bids": [[2930.5, 35.552], [2930.49, 0.02], [2930.48, 0.047], [2930.47, 0.009], [2930.45, 0.068], [2930.44, 0.009], [2930.43, 0.099], [2930.42, 68.736], [2930.41, 0.07], [2930.4, 1.53], [2930.39, 0.071], [2930.38, 0.049], [2930.37, 0.014], [2930.36, 0.014], [2930.35, 0.023], [2930.34, 0.026], [2930.33, 0.068], [2930.31, 0.063], [2930.3, 2.747], [2930.29, 0.023]], "asks": [[2930.51, 149.206], [2930.52, 2.15], [2930.53, 1.714], [2930.55, 0.408], [2930.56, 0.464], [2930.57, 0.643], [2930.58, 1.111], [2930.59, 1.391], [2930.6, 0.042], [2930.61, 0.049], [2930.62, 1.694], [2930.63, 0.03], [2930.64, 1.762], [2930.65, 3.72], [2930.66, 0.94], [2930.67, 0.069], [2930.68, 0.045], [2930.69, 0.009], [2930.7, 15.921], [2930.71, 14.639]], "timestamp": "2025-12-16T10:23:46.025979+00:00"}, {"symbol": "ETHUSDT", "bids": [[2930.29, 56.983], [2930.28, 0.067], [2930.26, 0.023], [2930.25, 0.068], [2930.24, 0.023], [2930.23, 0.028], [2930.22, 0.069], [2930.21, 0.034], [2930.19, 0.166], [2930.18, 0.009], [2930.17, 0.014], [2930.16, 0.049], [2930.15, 0.292], [2930.14, 0.021], [2930.13, 5.414], [2930.12, 0.894], [2930.1, 0.072], [2930.09, 0.03], [2930.08, 2.273], [2930.07, 0.285]], "asks": [[2930.3, 44.628], [2930.31, 0.127], [2930.34, 0.667], [2930.35, 0.014], [2930.37, 0.09], [2930.38, 1.707], [2930.39, 0.032], [2930.4, 0.077], [2930.41, 0.014], [2930.42, 0.008], [2930.43, 0.063], [2930.44, 2.456], [2930.45, 11.724], [2930.46, 18.294], [2930.47, 0.014], [2930.48, 3.662], [2930.49, 4.657], [2930.5, 3.661], [2930.51, 1.73], [2930.52, 39.204]], "timestamp": "2025-12-16T10:24:37.504789+00:00"}, {"symbol": "ETHUSDT", "bids": [[2930.3, 54.18], [2930.29, 0.119], [2930.28, 10.077], [2930.27, 0.081], [2930.26, 0.009], [2930.25, 0.091], [2930.24, 0.023], [2930.23, 0.014], [2930.22, 0.076], [2930.21, 0.009], [2930.2, 1.008], [2930.19, 0.87], [2930.18, 0.037], [2930.17, 0.334], [2930.16, 0.077], [2930.15, 0.016], [2930.14, 0.021], [2930.13, 0.239], [2930.12, 0.143], [2930.1, 0.079]], "asks": [[2930.31, 198.795], [2930.32, 0.035], [2930.34, 0.363], [2930.35, 0.049], [2930.36, 0.811], [2930.37, 0.17], [2930.38, 0.063], [2930.4, 14.246], [2930.41, 0.009], [2930.42, 5.761], [2930.43, 0.008], [2930.44, 0.03], [2930.45, 1.707], [2930.46, 0.009], [2930.47, 36.912], [2930.49, 10.865], [2930.5, 0.92], [2930.51, 0.08], [2930.52, 0.054], [2930.53, 3.714]], "timestamp": "2025-12-16T10:25:29.427541+00:00"}, {"symbol": "ETHUSDT", "bids": [[2931.84, 184.34], [2931.83, 0.097], [2931.82, 0.007], [2931.81, 0.574], [2931.8, 0.063], [2931.79, 0.023], [2931.78, 0.053], [2931.77, 0.113], [2931.76, 0.049], [2931.75, 1.393], [2931.74, 0.533], [2931.73, 0.108], [2931.72, 0.202], [2931.71, 0.035], [2931.7, 0.027], [2931.69, 2.773], [2931.68, 0.025], [2931.67, 0.014], [2931.66, 6.456], [2931.65, 0.063]], "asks": [[2931.85, 46.494], [2931.86, 0.252], [2931.87, 0.049], [2931.88, 0.338], [2931.89, 0.684], [2931.9, 0.089], [2931.91, 0.012], [2931.92, 0.038], [2931.93, 1.929], [2931.94, 0.151], [2931.95, 0.17], [2931.96, 1.438], [2931.97, 0.774], [2931.98, 0.056], [2931.99, 4.701], [2932.0, 28.773], [2932.01, 0.085], [2932.02, 0.062], [2932.03, 0.111], [2932.04, 1.758]], "timestamp": "2025-12-16T10:26:21.518457+00:00"}, {"symbol": "ETHUSDT", "bids": [[2930.76, 1.034], [2930.75, 0.069], [2930.74, 0.009], [2930.73, 0.04], [2930.72, 0.023], [2930.71, 0.023], [2930.7, 0.124], [2930.69, 0.068], [2930.68, 0.017], [2930.67, 0.007], [2930.66, 0.014], [2930.65, 0.009], [2930.64, 0.04], [2930.63, 0.023], [2930.62, 0.024], [2930.61, 0.736], [2930.6, 0.023], [2930.59, 0.021], [2930.58, 0.034], [2930.57, 0.13]], "asks": [[2930.77, 182.028], [2930.78, 12.077], [2930.79, 0.529], [2930.8, 0.851], [2930.81, 1.756], [2930.82, 0.341], [2930.83, 4.638], [2930.84, 1.726], [2930.85, 0.054], [2930.86, 0.29], [2930.88, 0.054], [2930.89, 4.646], [2930.9, 0.014], [2930.91, 2.389], [2930.92, 2.666], [2930.93, 0.008], [2930.94, 0.29], [2930.95, 0.731], [2930.96, 0.696], [2930.97, 2.396]], "timestamp": "2025-12-16T10:27:13.213720+00:00"}, {"symbol": "ETHUSDT", "bids": [[2931.45, 48.695], [2931.44, 0.077], [2931.43, 1.5], [2931.42, 0.346], [2931.41, 0.049], [2931.4, 1.008], [2931.39, 0.191], [2931.38, 0.023], [2931.36, 2.244], [2931.35, 0.016], [2931.34, 0.014], [2931.33, 0.022], [2931.32, 0.217], [2931.31, 0.056], [2931.3, 2.131], [2931.29, 0.291], [2931.28, 0.082], [2931.27, 9.426], [2931.26, 3.637], [2931.25, 2.749]], "asks": [[2931.46, 52.999], [2931.47, 0.038], [2931.49, 0.04], [2931.5, 0.033], [2931.51, 0.014], [2931.52, 0.04], [2931.53, 0.037], [2931.54, 0.417], [2931.55, 1.76], [2931.56, 0.382], [2931.57, 0.021], [2931.58, 0.048], [2931.59, 0.055], [2931.6, 0.038], [2931.61, 7.174], [2931.62, 0.031], [2931.63, 1.889], [2931.64, 15.843], [2931.65, 0.07], [2931.66, 2.439]], "timestamp": "2025-12-16T10:28:04.736808+00:00"}, {"symbol": "ETHUSDT", "bids": [[2926.69, 43.697], [2926.68, 0.02], [2926.67, 1.5], [2926.66, 0.054], [2926.65, 0.016], [2926.63, 1.763], [2926.62, 0.023], [2926.61, 0.007], [2926.6, 0.054], [2926.59, 0.202], [2926.58, 0.021], [2926.57, 0.008], [2926.56, 1.439], [2926.54, 0.014], [2926.53, 0.024], [2926.52, 1.774], [2926.5, 0.054], [2926.49, 0.015], [2926.48, 0.5], [2926.46, 0.014]], "asks": [[2926.7, 51.443], [2926.71, 0.37], [2926.72, 0.375], [2926.73, 0.513], [2926.74, 0.232], [2926.75, 0.015], [2926.76, 0.063], [2926.77, 0.007], [2926.78, 0.028], [2926.79, 1.599], [2926.8, 7.087], [2926.81, 0.022], [2926.82, 0.009], [2926.83, 0.023], [2926.84, 9.313], [2926.85, 6.039], [2926.86, 0.051], [2926.87, 0.082], [2926.88, 0.016], [2926.89, 0.069]], "timestamp": "2025-12-16T10:28:57.053772+00:00"}, {"symbol": "ETHUSDT", "bids": [[2927.28, 30.268], [2927.27, 0.143], [2927.26, 1.618], [2927.25, 0.076], [2927.24, 0.009], [2927.23, 0.191], [2927.22, 0.063], [2927.21, 0.11], [2927.19, 0.037], [2927.18, 0.056], [2927.17, 0.014], [2927.16, 0.039], [2927.15, 0.069], [2927.14, 0.014], [2927.13, 0.705], [2927.12, 0.038], [2927.11, 0.046], [2927.1, 0.79], [2927.09, 0.023], [2927.08, 0.829]], "asks": [[2927.29, 59.06], [2927.3, 0.028], [2927.31, 0.17], [2927.32, 1.792], [2927.33, 0.023], [2927.34, 1.521], [2927.35, 11.405], [2927.36, 0.412], [2927.37, 0.341], [2927.38, 30.082], [2927.39, 0.044], [2927.4, 54.459], [2927.41, 34.2], [2927.42, 3.152], [2927.43, 1.338], [2927.44, 1.731], [2927.45, 0.008], [2927.46, 0.023], [2927.47, 0.04], [2927.48, 0.021]], "timestamp": "2025-12-16T10:29:50.249645+00:00"}, {"symbol": "ETHUSDT", "bids": [[2928.18, 7.479], [2928.17, 0.067], [2928.16, 0.023], [2928.15, 0.075], [2928.14, 0.047], [2928.13, 0.045], [2928.11, 0.198], [2928.1, 0.073], [2928.09, 0.032], [2928.08, 0.009], [2928.07, 8.131], [2928.06, 0.022], [2928.05, 0.009], [2928.04, 0.063], [2928.02, 0.022], [2928.01, 0.009], [2928.0, 0.103], [2927.99, 0.019], [2927.98, 0.031], [2927.97, 0.559]], "asks": [[2928.19, 190.02], [2928.2, 30.028], [2928.21, 46.351], [2928.22, 30.0], [2928.23, 30.009], [2928.24, 58.13], [2928.25, 1.002], [2928.26, 1.745], [2928.27, 0.01], [2928.28, 0.491], [2928.29, 0.009], [2928.3, 0.369], [2928.32, 0.023], [2928.33, 0.132], [2928.34, 11.861], [2928.35, 23.43], [2928.36, 0.093], [2928.37, 0.007], [2928.38, 0.032], [2928.39, 0.044]], "timestamp": "2025-12-16T10:30:43.085689+00:00"}, {"symbol": "ETHUSDT", "bids": [[2928.77, 20.771], [2928.76, 0.021], [2928.75, 0.224], [2928.74, 66.485], [2928.73, 0.975], [2928.72, 1.754], [2928.71, 0.014], [2928.7, 0.109], [2928.69, 0.085], [2928.68, 0.014], [2928.66, 0.544], [2928.64, 0.054], [2928.63, 0.023], [2928.62, 0.029], [2928.6, 0.123], [2928.59, 0.047], [2928.58, 0.121], [2928.57, 0.256], [2928.56, 0.016], [2928.55, 0.116]], "asks": [[2928.78, 92.796], [2928.79, 52.568], [2928.8, 32.1], [2928.81, 30.191], [2928.82, 30.148], [2928.83, 34.198], [2928.84, 1.864], [2928.85, 0.047], [2928.86, 3.431], [2928.87, 0.684], [2928.88, 1.445], [2928.89, 0.719], [2928.9, 11.193], [2928.91, 0.047], [2928.92, 0.063], [2928.93, 2.707], [2928.94, 1.739], [2928.95, 0.246], [2928.96, 0.416], [2928.97, 0.221]], "timestamp": "2025-12-16T10:31:36.081750+00:00"}, {"symbol": "ETHUSDT", "bids": [[2929.26, 92.991], [2929.25, 0.075], [2929.24, 0.007], [2929.23, 0.007], [2929.22, 0.114], [2929.21, 0.023], [2929.2, 0.007], [2929.19, 0.068], [2929.18, 0.009], [2929.17, 0.078], [2929.16, 0.063], [2929.15, 0.023], [2929.14, 0.092], [2929.13, 0.091], [2929.12, 0.023], [2929.11, 0.017], [2929.1, 0.028], [2929.09, 1.724], [2929.08, 0.054], [2929.07, 0.014]], "asks": [[2929.27, 43.038], [2929.28, 50.593], [2929.29, 30.193], [2929.3, 31.665], [2929.31, 0.094], [2929.32, 2.848], [2929.33, 0.087], [2929.34, 0.014], [2929.35, 0.039], [2929.36, 1.366], [2929.37, 2.436], [2929.38, 0.053], [2929.39, 1.497], [2929.4, 0.043], [2929.41, 0.029], [2929.42, 36.13], [2929.43, 6.834], [2929.44, 2.846], [2929.45, 0.162], [2929.46, 0.07]], "timestamp": "2025-12-16T10:32:29.203103+00:00"}, {"symbol": "ETHUSDT", "bids": [[2929.86, 62.259], [2929.85, 0.02], [2929.84, 0.45], [2929.82, 0.149], [2929.81, 0.114], [2929.8, 0.998], [2929.79, 0.381], [2929.78, 0.054], [2929.77, 0.021], [2929.76, 0.016], [2929.75, 0.143], [2929.74, 0.008], [2929.73, 1.721], [2929.72, 0.049], [2929.71, 0.014], [2929.7, 0.008], [2929.69, 0.07], [2929.68, 0.022], [2929.67, 0.114], [2929.66, 0.117]], "asks": [[2929.87, 17.693], [2929.88, 1.615], [2929.9, 0.02], [2929.91, 0.026], [2929.92, 1.788], [2929.93, 14.705], [2929.94, 13.186], [2929.95, 0.15], [2929.96, 0.163], [2929.97, 4.659], [2929.98, 19.392], [2929.99, 187.28], [2930.0, 1015.805], [2930.01, 0.112], [2930.02, 0.234], [2930.03, 0.233], [2930.04, 0.676], [2930.05, 2.331], [2930.06, 0.802], [2930.07, 0.023]], "timestamp": "2025-12-16T10:33:21.322621+00:00"}, {"symbol": "ETHUSDT", "bids": [[2929.72, 2.87], [2929.71, 0.008], [2929.7, 0.056], [2929.69, 0.007], [2929.68, 0.794], [2929.67, 0.108], [2929.66, 0.008], [2929.65, 0.162], [2929.64, 0.02], [2929.63, 0.014], [2929.62, 0.108], [2929.61, 0.026], [2929.6, 0.024], [2929.59, 0.048], [2929.58, 0.023], [2929.57, 0.022], [2929.56, 0.745], [2929.55, 0.691], [2929.54, 0.868], [2929.53, 1.398]], "asks": [[2929.73, 163.296], [2929.74, 0.007], [2929.75, 0.04], [2929.76, 0.045], [2929.77, 1.714], [2929.78, 2.371], [2929.8, 0.047], [2929.81, 0.009], [2929.82, 0.049], [2929.83, 0.021], [2929.84, 1.363], [2929.85, 0.014], [2929.86, 6.357], [2929.87, 34.205], [2929.88, 3.107], [2929.89, 0.014], [2929.9, 0.048], [2929.91, 0.032], [2929.92, 4.597], [2929.93, 0.014]], "timestamp": "2025-12-16T10:34:14.004068+00:00"}, {"symbol": "ETHUSDT", "bids": [[2930.69, 122.307], [2930.68, 0.383], [2930.67, 0.217], [2930.66, 0.007], [2930.65, 0.239], [2930.63, 0.218], [2930.62, 0.08], [2930.61, 2.133], [2930.6, 0.964], [2930.59, 0.094], [2930.58, 0.721], [2930.57, 0.062], [2930.56, 0.009], [2930.55, 0.03], [2930.54, 0.007], [2930.53, 0.071], [2930.51, 0.014], [2930.5, 0.016], [2930.49, 0.037], [2930.48, 0.068]], "asks": [[2930.7, 7.65], [2930.71, 0.115], [2930.72, 0.009], [2930.73, 0.007], [2930.74, 0.049], [2930.75, 0.023], [2930.76, 0.008], [2930.77, 0.063], [2930.78, 0.02], [2930.79, 0.021], [2930.8, 3.313], [2930.81, 17.189], [2930.82, 0.008], [2930.83, 3.437], [2930.84, 0.04], [2930.85, 1.417], [2930.86, 6.355], [2930.87, 0.03], [2930.88, 34.536], [2930.89, 0.054]], "timestamp": "2025-12-16T10:35:07.048820+00:00"}, {"symbol": "ETHUSDT", "bids": [[2931.36, 93.464], [2931.35, 0.008], [2931.33, 0.047], [2931.32, 0.009], [2931.3, 0.014], [2931.29, 0.023], [2931.28, 0.296], [2931.27, 0.014], [2931.26, 0.016], [2931.25, 0.199], [2931.24, 0.415], [2931.23, 1.179], [2931.21, 0.061], [2931.2, 0.009], [2931.19, 1.153], [2931.18, 5.595], [2931.17, 0.043], [2931.16, 2.214], [2931.15, 0.247], [2931.13, 0.028]], "asks": [[2931.37, 7.166], [2931.38, 0.054], [2931.39, 0.008], [2931.41, 0.049], [2931.42, 0.17], [2931.43, 0.035], [2931.44, 5.724], [2931.45, 0.046], [2931.46, 0.281], [2931.47, 1.753], [2931.48, 0.808], [2931.49, 0.014], [2931.5, 0.488], [2931.51, 0.961], [2931.52, 0.572], [2931.53, 0.225], [2931.54, 2.064], [2931.55, 14.524], [2931.56, 0.007], [2931.57, 0.057]], "timestamp": "2025-12-16T10:35:59.154595+00:00"}, {"symbol": "ETHUSDT", "bids": [[2932.96, 44.069], [2932.95, 0.042], [2932.94, 1.5], [2932.93, 0.04], [2932.92, 0.575], [2932.91, 0.998], [2932.89, 0.122], [2932.88, 0.04], [2932.87, 0.024], [2932.86, 0.653], [2932.85, 0.054], [2932.84, 0.445], [2932.83, 0.402], [2932.82, 0.04], [2932.81, 0.014], [2932.8, 0.96], [2932.79, 0.061], [2932.78, 11.874], [2932.77, 15.185], [2932.76, 2.375]], "asks": [[2932.97, 18.83], [2932.98, 0.102], [2933.0, 1.967], [2933.01, 0.048], [2933.02, 1.719], [2933.03, 0.023], [2933.04, 0.04], [2933.05, 0.014], [2933.06, 2.764], [2933.07, 0.198], [2933.08, 0.04], [2933.09, 14.997], [2933.1, 1.977], [2933.11, 1.354], [2933.12, 0.017], [2933.13, 12.867], [2933.14, 34.161], [2933.15, 16.322], [2933.16, 0.444], [2933.17, 0.063]], "timestamp": "2025-12-16T10:36:51.731350+00:00"}, {"symbol": "ETHUSDT", "bids": [[2934.0, 75.391], [2933.99, 0.084], [2933.98, 3.219], [2933.97, 0.04], [2933.96, 0.016], [2933.95, 0.779], [2933.94, 0.209], [2933.93, 0.014], [2933.92, 0.023], [2933.91, 4.877], [2933.9, 12.663], [2933.89, 15.219], [2933.88, 0.041], [2933.87, 0.047], [2933.86, 0.03], [2933.85, 3.425], [2933.84, 12.685], [2933.83, 5.168], [2933.82, 13.921], [2933.81, 5.104]], "asks": [[2934.01, 2.263], [2934.02, 0.047], [2934.04, 0.04], [2934.05, 0.77], [2934.06, 0.17], [2934.07, 0.023], [2934.08, 0.98], [2934.09, 0.014], [2934.1, 0.067], [2934.12, 0.34], [2934.13, 0.016], [2934.14, 1.412], [2934.15, 2.36], [2934.16, 0.023], [2934.17, 0.238], [2934.18, 0.078], [2934.19, 0.031], [2934.21, 1.768], [2934.22, 0.039], [2934.23, 1.737]], "timestamp": "2025-12-16T10:37:43.836096+00:00"}, {"symbol": "ETHUSDT", "bids": [[2934.27, 43.731], [2934.26, 0.008], [2934.24, 0.406], [2934.23, 0.049], [2934.22, 0.032], [2934.21, 0.186], [2934.2, 0.014], [2934.19, 0.049], [2934.18, 0.036], [2934.17, 12.71], [2934.16, 0.063], [2934.15, 0.063], [2934.14, 1.72], [2934.13, 6.362], [2934.12, 12.739], [2934.11, 0.252], [2934.1, 0.023], [2934.09, 12.677], [2934.08, 0.296], [2934.07, 0.078]], "asks": [[2934.28, 88.385], [2934.29, 0.007], [2934.3, 0.007], [2934.31, 2.594], [2934.32, 0.009], [2934.34, 7.222], [2934.35, 1.713], [2934.36, 0.016], [2934.37, 1.744], [2934.38, 7.368], [2934.4, 34.201], [2934.41, 0.251], [2934.44, 5.616], [2934.45, 0.249], [2934.47, 0.009], [2934.48, 0.033], [2934.5, 0.04], [2934.51, 1.745], [2934.52, 0.017], [2934.53, 0.054]], "timestamp": "2025-12-16T10:38:36.656318+00:00"}, {"symbol": "ETHUSDT", "bids": [[2942.42, 35.848], [2942.41, 0.346], [2942.4, 0.024], [2942.39, 0.009], [2942.38, 0.011], [2942.37, 2.184], [2942.36, 5.24], [2942.35, 0.021], [2942.34, 0.247], [2942.33, 0.879], [2942.32, 0.009], [2942.31, 0.054], [2942.3, 5.913], [2942.29, 0.023], [2942.28, 0.092], [2942.27, 0.023], [2942.26, 0.05], [2942.25, 0.162], [2942.24, 2.816], [2942.23, 1.714]], "asks": [[2942.43, 48.273], [2942.47, 0.009], [2942.48, 0.312], [2942.5, 0.032], [2942.51, 0.04], [2942.52, 0.023], [2942.53, 0.009], [2942.54, 0.054], [2942.55, 0.007], [2942.56, 0.023], [2942.57, 0.051], [2942.58, 0.009], [2942.59, 0.995], [2942.6, 0.04], [2942.61, 0.023], [2942.62, 0.024], [2942.63, 0.04], [2942.64, 0.023], [2942.65, 0.009], [2942.66, 0.063]], "timestamp": "2025-12-16T10:39:29.754601+00:00"}, {"symbol": "ETHUSDT", "bids": [[2945.88, 69.685], [2945.87, 0.022], [2945.85, 0.007], [2945.84, 0.009], [2945.83, 0.054], [2945.81, 0.033], [2945.8, 0.04], [2945.79, 1.712], [2945.78, 0.016], [2945.77, 0.063], [2945.76, 0.007], [2945.75, 0.014], [2945.74, 0.026], [2945.73, 0.014], [2945.72, 0.057], [2945.71, 0.023], [2945.7, 1.635], [2945.69, 1.719], [2945.68, 1.575], [2945.67, 0.014]], "asks": [[2945.89, 28.636], [2945.9, 0.277], [2945.91, 0.271], [2945.92, 0.009], [2945.93, 0.04], [2945.94, 0.016], [2945.95, 0.017], [2945.96, 0.603], [2945.97, 0.008], [2945.98, 0.063], [2945.99, 0.277], [2946.0, 0.523], [2946.01, 0.054], [2946.03, 2.031], [2946.04, 0.28], [2946.05, 0.007], [2946.06, 0.071], [2946.07, 0.019], [2946.08, 1.795], [2946.09, 0.072]], "timestamp": "2025-12-16T10:40:21.717952+00:00"}, {"symbol": "ETHUSDT", "bids": [[2945.03, 162.475], [2945.02, 0.015], [2945.01, 28.583], [2945.0, 30.275], [2944.99, 31.754], [2944.96, 0.391], [2944.95, 0.368], [2944.94, 0.04], [2944.93, 0.014], [2944.92, 0.362], [2944.91, 0.014], [2944.9, 2.538], [2944.89, 1.041], [2944.88, 0.443], [2944.87, 0.014], [2944.85, 1.771], [2944.84, 4.622], [2944.83, 47.346], [2944.82, 36.108], [2944.81, 0.035]], "asks": [[2945.04, 0.167], [2945.05, 0.007], [2945.06, 0.014], [2945.07, 0.082], [2945.08, 0.023], [2945.1, 0.014], [2945.11, 0.066], [2945.12, 0.009], [2945.14, 0.016], [2945.15, 0.049], [2945.18, 0.732], [2945.19, 0.009], [2945.2, 0.831], [2945.21, 0.007], [2945.22, 0.871], [2945.23, 0.04], [2945.24, 0.014], [2945.25, 0.038], [2945.26, 8.901], [2945.27, 15.977]], "timestamp": "2025-12-16T10:41:13.666809+00:00"}, {"symbol": "ETHUSDT", "bids": [[2952.26, 233.168], [2952.25, 27.668], [2952.24, 40.335], [2952.23, 0.06], [2952.22, 1.703], [2952.2, 0.04], [2952.19, 0.009], [2952.17, 0.04], [2952.16, 0.009], [2952.15, 0.021], [2952.14, 0.04], [2952.13, 0.023], [2952.12, 1.715], [2952.11, 0.04], [2952.1, 0.023], [2952.09, 3.675], [2952.08, 0.054], [2952.07, 0.009], [2952.06, 0.042], [2952.05, 0.057]], "asks": [[2952.27, 0.844], [2952.29, 0.021], [2952.3, 0.07], [2952.31, 0.014], [2952.32, 0.456], [2952.33, 0.056], [2952.36, 0.049], [2952.37, 0.018], [2952.38, 0.016], [2952.39, 0.063], [2952.4, 0.049], [2952.41, 0.009], [2952.43, 0.07], [2952.44, 0.17], [2952.45, 0.042], [2952.46, 0.049], [2952.48, 0.637], [2952.49, 0.019], [2952.5, 1.039], [2952.51, 0.895]], "timestamp": "2025-12-16T10:42:05.639875+00:00"}, {"symbol": "ETHUSDT", "bids": [[2954.31, 104.262], [2954.3, 0.007], [2954.29, 0.011], [2954.28, 0.581], [2954.27, 0.02], [2954.26, 0.023], [2954.25, 1.432], [2954.24, 2.243], [2954.23, 1.628], [2954.22, 0.401], [2954.21, 0.023], [2954.19, 0.014], [2954.18, 0.023], [2954.17, 4.117], [2954.16, 0.022], [2954.15, 0.049], [2954.14, 0.054], [2954.13, 0.081], [2954.12, 0.021], [2954.11, 1.679]], "asks": [[2954.32, 69.805], [2954.36, 0.009], [2954.37, 0.054], [2954.39, 0.023], [2954.4, 0.021], [2954.41, 0.014], [2954.42, 0.049], [2954.43, 0.023], [2954.45, 0.023], [2954.46, 0.04], [2954.47, 0.014], [2954.48, 0.009], [2954.49, 0.04], [2954.5, 0.72], [2954.51, 7.541], [2954.52, 0.054], [2954.54, 0.009], [2954.55, 0.225], [2954.56, 3.301], [2954.57, 12.699]], "timestamp": "2025-12-16T10:42:57.329529+00:00"}, {"symbol": "ETHUSDT", "bids": [[2958.02, 85.058], [2958.01, 0.008], [2958.0, 0.168], [2957.98, 0.009], [2957.97, 0.054], [2957.95, 0.023], [2957.94, 0.04], [2957.93, 2.325], [2957.92, 0.018], [2957.91, 0.068], [2957.89, 0.03], [2957.88, 0.306], [2957.87, 1.085], [2957.86, 0.034], [2957.85, 0.021], [2957.84, 0.049], [2957.83, 1.04], [2957.82, 1.705], [2957.81, 0.04], [2957.8, 0.033]], "asks": [[2958.03, 33.566], [2958.04, 0.014], [2958.05, 0.08], [2958.06, 0.382], [2958.07, 0.009], [2958.08, 3.073], [2958.09, 15.003], [2958.1, 0.014], [2958.11, 0.017], [2958.12, 0.062], [2958.13, 0.009], [2958.14, 0.183], [2958.15, 0.588], [2958.16, 1.021], [2958.17, 0.018], [2958.18, 0.064], [2958.19, 0.017], [2958.2, 0.055], [2958.21, 0.272], [2958.22, 0.014]], "timestamp": "2025-12-16T10:43:49.582943+00:00"}, {"symbol": "ETHUSDT", "bids": [[2954.84, 76.3], [2954.83, 0.015], [2954.81, 0.04], [2954.8, 0.009], [2954.79, 0.014], [2954.78, 0.04], [2954.77, 0.03], [2954.75, 1.774], [2954.74, 0.009], [2954.73, 0.014], [2954.72, 0.048], [2954.71, 0.009], [2954.7, 0.044], [2954.69, 0.04], [2954.68, 0.017], [2954.66, 0.065], [2954.65, 0.016], [2954.63, 1.741], [2954.62, 0.089], [2954.59, 0.067]], "asks": [[2954.85, 32.82], [2954.86, 0.007], [2954.88, 0.026], [2954.89, 0.055], [2954.91, 0.009], [2954.92, 0.386], [2954.93, 0.028], [2954.94, 0.068], [2954.96, 0.009], [2954.97, 0.046], [2954.98, 0.04], [2954.99, 0.028], [2955.0, 1.035], [2955.01, 0.095], [2955.02, 0.119], [2955.03, 0.014], [2955.04, 16.762], [2955.05, 8.284], [2955.06, 0.284], [2955.08, 0.063]], "timestamp": "2025-12-16T10:44:42.486119+00:00"}, {"symbol": "ETHUSDT", "bids": [[2954.33, 175.161], [2954.32, 0.441], [2954.31, 0.04], [2954.3, 0.017], [2954.29, 0.009], [2954.28, 4.774], [2954.27, 0.452], [2954.26, 0.071], [2954.25, 0.042], [2954.24, 0.03], [2954.23, 0.009], [2954.22, 0.009], [2954.21, 0.054], [2954.2, 1.693], [2954.19, 0.092], [2954.18, 1.408], [2954.16, 0.368], [2954.15, 0.009], [2954.14, 0.021], [2954.13, 0.04]], "asks": [[2954.34, 0.215], [2954.35, 0.06], [2954.36, 0.09], [2954.37, 0.009], [2954.38, 0.141], [2954.4, 0.056], [2954.41, 0.04], [2954.42, 0.016], [2954.43, 0.009], [2954.44, 0.008], [2954.45, 0.009], [2954.46, 0.049], [2954.47, 0.007], [2954.48, 0.008], [2954.49, 0.009], [2954.5, 0.022], [2954.51, 0.063], [2954.52, 0.017], [2954.53, 0.024], [2954.54, 0.394]], "timestamp": "2025-12-16T10:45:35.443499+00:00"}, {"symbol": "ETHUSDT", "bids": [[2960.24, 0.901], [2960.23, 8.574], [2960.2, 0.016], [2960.19, 0.049], [2960.17, 0.014], [2960.16, 0.021], [2960.15, 0.054], [2960.13, 0.016], [2960.12, 0.481], [2960.1, 0.014], [2960.09, 0.063], [2960.08, 0.378], [2960.07, 0.014], [2960.06, 0.009], [2960.05, 0.014], [2960.04, 0.216], [2960.03, 0.041], [2960.02, 0.037], [2960.01, 0.022], [2960.0, 7.377]], "asks": [[2960.25, 66.838], [2960.26, 0.007], [2960.27, 2.156], [2960.28, 1.389], [2960.29, 0.646], [2960.3, 0.032], [2960.31, 0.175], [2960.32, 0.088], [2960.33, 0.02], [2960.34, 0.769], [2960.35, 3.57], [2960.36, 0.473], [2960.37, 2.978], [2960.38, 0.009], [2960.39, 0.531], [2960.4, 0.132], [2960.41, 0.014], [2960.42, 1.361], [2960.43, 0.027], [2960.44, 1.322]], "timestamp": "2025-12-16T10:46:27.972907+00:00"}, {"symbol": "ETHUSDT", "bids": [[2957.07, 89.749], [2957.06, 0.054], [2957.04, 1.731], [2957.03, 0.016], [2957.01, 0.209], [2957.0, 0.03], [2956.98, 0.07], [2956.97, 0.009], [2956.96, 0.024], [2956.95, 0.083], [2956.94, 0.023], [2956.92, 3.225], [2956.91, 0.009], [2956.9, 0.406], [2956.89, 0.462], [2956.88, 0.023], [2956.87, 2.258], [2956.86, 0.142], [2956.85, 12.548], [2956.84, 12.696]], "asks": [[2957.08, 45.719], [2957.09, 0.007], [2957.1, 0.061], [2957.11, 0.009], [2957.13, 0.054], [2957.14, 0.009], [2957.15, 0.016], [2957.16, 0.425], [2957.17, 0.016], [2957.18, 0.014], [2957.19, 3.059], [2957.2, 19.63], [2957.21, 0.014], [2957.22, 0.078], [2957.23, 0.049], [2957.24, 0.041], [2957.25, 0.692], [2957.26, 0.063], [2957.28, 2.145], [2957.29, 0.049]], "timestamp": "2025-12-16T10:47:20.223140+00:00"}, {"symbol": "ETHUSDT", "bids": [[2952.74, 66.352], [2952.73, 0.021], [2952.72, 0.049], [2952.71, 0.014], [2952.7, 0.009], [2952.69, 0.04], [2952.67, 0.399], [2952.66, 0.517], [2952.65, 0.014], [2952.64, 0.021], [2952.63, 0.218], [2952.62, 1.715], [2952.6, 0.037], [2952.59, 0.049], [2952.58, 0.054], [2952.57, 0.92], [2952.56, 0.828], [2952.55, 0.062], [2952.54, 0.357], [2952.53, 1.763]], "asks": [[2952.75, 31.66], [2952.76, 0.061], [2952.77, 0.016], [2952.78, 0.015], [2952.79, 0.056], [2952.8, 0.184], [2952.81, 0.008], [2952.82, 0.078], [2952.83, 0.035], [2952.84, 0.379], [2952.85, 0.063], [2952.86, 0.008], [2952.87, 0.238], [2952.88, 0.023], [2952.89, 0.019], [2952.9, 9.819], [2952.91, 19.555], [2952.92, 2.041], [2952.93, 0.053], [2952.94, 1.302]], "timestamp": "2025-12-16T10:48:12.420289+00:00"}, {"symbol": "ETHUSDT", "bids": [[2947.79, 96.778], [2947.78, 0.035], [2947.77, 0.377], [2947.76, 0.403], [2947.75, 0.016], [2947.74, 0.022], [2947.73, 0.04], [2947.72, 0.034], [2947.71, 0.032], [2947.7, 0.094], [2947.69, 0.021], [2947.68, 0.038], [2947.67, 0.066], [2947.66, 0.735], [2947.65, 0.03], [2947.64, 0.72], [2947.63, 1.325], [2947.62, 0.069], [2947.61, 2.157], [2947.6, 0.15]], "asks": [[2947.8, 178.149], [2947.81, 52.215], [2947.82, 30.591], [2947.83, 38.769], [2947.84, 155.908], [2947.85, 78.977], [2947.86, 25.241], [2947.87, 35.012], [2947.88, 7.432], [2947.89, 10.204], [2947.9, 2.464], [2947.91, 16.7], [2947.92, 2.742], [2947.93, 11.12], [2947.94, 151.719], [2947.95, 155.22], [2947.96, 45.995], [2947.97, 118.297], [2947.98, 54.847], [2947.99, 0.016]], "timestamp": "2025-12-16T10:49:04.422408+00:00"}, {"symbol": "ETHUSDT", "bids": [[2946.98, 57.205], [2946.97, 0.007], [2946.95, 0.04], [2946.94, 0.017], [2946.93, 0.009], [2946.92, 0.04], [2946.91, 0.014], [2946.9, 0.023], [2946.89, 0.168], [2946.87, 0.009], [2946.86, 0.04], [2946.85, 0.016], [2946.83, 0.01], [2946.82, 1.866], [2946.81, 0.387], [2946.8, 2.14], [2946.78, 0.742], [2946.77, 0.017], [2946.75, 0.086], [2946.74, 0.009]], "asks": [[2946.99, 73.006], [2947.0, 0.007], [2947.02, 0.009], [2947.03, 0.185], [2947.04, 0.014], [2947.05, 0.007], [2947.06, 0.077], [2947.07, 0.017], [2947.09, 1.533], [2947.1, 2.646], [2947.11, 0.686], [2947.12, 1.832], [2947.13, 0.009], [2947.14, 0.007], [2947.15, 2.728], [2947.16, 0.009], [2947.17, 0.169], [2947.18, 1.751], [2947.19, 0.024], [2947.2, 0.047]], "timestamp": "2025-12-16T10:49:56.601180+00:00"}, {"symbol": "ETHUSDT", "bids": [[2946.03, 92.425], [2946.02, 0.041], [2946.01, 0.91], [2946.0, 1.873], [2945.99, 0.016], [2945.98, 0.009], [2945.97, 0.047], [2945.96, 0.448], [2945.95, 0.009], [2945.94, 0.393], [2945.93, 1.707], [2945.92, 0.014], [2945.91, 0.04], [2945.9, 0.031], [2945.89, 0.009], [2945.88, 1.379], [2945.87, 0.056], [2945.86, 0.034], [2945.85, 0.034], [2945.84, 0.122]], "asks": [[2946.04, 38.883], [2946.05, 0.081], [2946.06, 0.014], [2946.07, 5.924], [2946.08, 3.105], [2946.09, 0.037], [2946.1, 10.971], [2946.11, 0.014], [2946.12, 0.023], [2946.13, 0.048], [2946.14, 0.023], [2946.15, 0.044], [2946.16, 0.04], [2946.17, 0.031], [2946.18, 0.021], [2946.19, 0.054], [2946.2, 0.016], [2946.21, 0.035], [2946.22, 0.661], [2946.23, 0.192]], "timestamp": "2025-12-16T10:50:49.598977+00:00"}, {"symbol": "ETHUSDT", "bids": [[2942.49, 126.342], [2942.48, 17.259], [2942.47, 100.237], [2942.46, 0.361], [2942.45, 0.179], [2942.44, 0.049], [2942.43, 0.014], [2942.42, 1.233], [2942.41, 0.566], [2942.4, 1.486], [2942.39, 0.023], [2942.38, 0.05], [2942.37, 0.022], [2942.36, 1.296], [2942.35, 2.452], [2942.34, 0.195], [2942.33, 0.056], [2942.32, 0.049], [2942.31, 0.043], [2942.3, 0.147]], "asks": [[2942.5, 17.341], [2942.51, 0.007], [2942.52, 0.009], [2942.53, 0.04], [2942.54, 0.016], [2942.55, 0.016], [2942.57, 0.04], [2942.58, 0.096], [2942.59, 0.995], [2942.6, 0.048], [2942.61, 0.023], [2942.62, 0.009], [2942.63, 0.04], [2942.64, 0.008], [2942.65, 0.023], [2942.66, 0.072], [2942.67, 0.007], [2942.68, 0.03], [2942.7, 0.409], [2942.71, 0.017]], "timestamp": "2025-12-16T10:51:41.758327+00:00"}, {"symbol": "ETHUSDT", "bids": [[2944.85, 0.021], [2944.84, 0.049], [2944.83, 0.019], [2944.82, 0.017], [2944.81, 0.056], [2944.8, 0.294], [2944.79, 0.123], [2944.78, 0.015], [2944.77, 0.07], [2944.76, 0.007], [2944.75, 0.023], [2944.74, 1.074], [2944.73, 3.301], [2944.72, 0.038], [2944.71, 0.037], [2944.7, 0.009], [2944.69, 0.069], [2944.68, 0.009], [2944.67, 0.653], [2944.66, 0.063]], "asks": [[2944.86, 9.334], [2944.87, 21.688], [2944.88, 18.821], [2944.89, 0.384], [2944.9, 6.384], [2944.91, 109.898], [2944.92, 54.506], [2944.93, 4.764], [2944.94, 340.394], [2944.95, 217.256], [2944.96, 0.007], [2944.97, 8.048], [2944.98, 199.743], [2944.99, 8.708], [2945.0, 0.014], [2945.02, 0.023], [2945.03, 7.771], [2945.04, 9.273], [2945.06, 0.512], [2945.07, 1.725]], "timestamp": "2025-12-16T10:52:33.489534+00:00"}, {"symbol": "ETHUSDT", "bids": [[2944.78, 93.029], [2944.77, 0.746], [2944.75, 0.014], [2944.74, 0.049], [2944.72, 0.38], [2944.71, 0.239], [2944.7, 0.019], [2944.69, 0.014], [2944.68, 0.066], [2944.67, 0.014], [2944.66, 0.087], [2944.65, 0.858], [2944.64, 0.534], [2944.63, 0.014], [2944.62, 0.402], [2944.61, 1.334], [2944.6, 0.01], [2944.59, 0.411], [2944.58, 0.015], [2944.57, 0.031]], "asks": [[2944.79, 9.074], [2944.8, 0.05], [2944.81, 0.049], [2944.82, 0.078], [2944.83, 0.009], [2944.84, 0.063], [2944.86, 0.014], [2944.87, 0.029], [2944.88, 0.07], [2944.89, 0.019], [2944.9, 9.373], [2944.91, 0.976], [2944.92, 0.054], [2944.93, 1.715], [2944.94, 0.11], [2944.95, 0.24], [2944.96, 0.023], [2944.97, 5.258], [2944.98, 0.76], [2944.99, 0.04]], "timestamp": "2025-12-16T10:53:25.470686+00:00"}, {"symbol": "ETHUSDT", "bids": [[2946.96, 0.822], [2946.95, 0.008], [2946.94, 0.063], [2946.93, 0.169], [2946.92, 0.01], [2946.91, 0.057], [2946.9, 1.347], [2946.89, 0.007], [2946.88, 0.063], [2946.87, 0.347], [2946.86, 0.014], [2946.85, 0.221], [2946.84, 0.07], [2946.83, 0.022], [2946.82, 0.44], [2946.81, 0.072], [2946.8, 0.04], [2946.79, 0.031], [2946.78, 0.047], [2946.77, 0.014]], "asks": [[2947.02, 10.553], [2947.04, 0.613], [2947.06, 26.852], [2947.07, 17.918], [2947.08, 161.595], [2947.09, 0.007], [2947.1, 3.394], [2947.11, 0.04], [2947.12, 0.009], [2947.13, 0.054], [2947.14, 0.007], [2947.15, 0.063], [2947.16, 0.04], [2947.17, 1.372], [2947.18, 0.037], [2947.19, 5.094], [2947.2, 0.245], [2947.21, 0.009], [2947.22, 4.667], [2947.23, 17.01]], "timestamp": "2025-12-16T10:54:17.567562+00:00"}, {"symbol": "ETHUSDT", "bids": [[2948.55, 16.303], [2948.54, 0.027], [2948.53, 0.04], [2948.52, 0.339], [2948.51, 0.268], [2948.5, 0.066], [2948.49, 0.346], [2948.48, 0.464], [2948.47, 0.04], [2948.46, 0.014], [2948.45, 0.016], [2948.44, 0.14], [2948.42, 1.951], [2948.41, 0.04], [2948.4, 11.178], [2948.39, 0.024], [2948.38, 0.054], [2948.36, 0.023], [2948.35, 1.494], [2948.34, 0.054]], "asks": [[2948.56, 50.892], [2948.57, 19.577], [2948.58, 0.508], [2948.59, 0.054], [2948.6, 1.023], [2948.61, 0.007], [2948.62, 0.068], [2948.63, 1.73], [2948.64, 1.031], [2948.65, 0.266], [2948.66, 0.348], [2948.67, 0.024], [2948.68, 7.538], [2948.69, 41.477], [2948.7, 277.563], [2948.71, 0.102], [2948.72, 0.007], [2948.73, 0.071], [2948.74, 1.777], [2948.75, 0.11]], "timestamp": "2025-12-16T10:55:09.730924+00:00"}, {"symbol": "ETHUSDT", "bids": [[2947.32, 34.595], [2947.31, 0.008], [2947.29, 1.359], [2947.28, 0.016], [2947.27, 0.009], [2947.26, 0.04], [2947.25, 0.014], [2947.24, 0.016], [2947.23, 0.061], [2947.22, 0.009], [2947.21, 0.03], [2947.2, 0.054], [2947.19, 0.014], [2947.18, 0.009], [2947.17, 0.048], [2947.16, 0.049], [2947.15, 0.014], [2947.14, 0.031], [2947.13, 0.044], [2947.11, 0.054]], "asks": [[2947.33, 65.783], [2947.34, 0.021], [2947.35, 0.84], [2947.36, 1.746], [2947.38, 0.014], [2947.39, 0.049], [2947.4, 0.014], [2947.41, 0.015], [2947.42, 0.063], [2947.44, 0.014], [2947.45, 0.324], [2947.46, 0.029], [2947.47, 1.453], [2947.48, 1.76], [2947.5, 0.075], [2947.51, 0.721], [2947.52, 0.007], [2947.53, 0.014], [2947.54, 0.068], [2947.55, 3.793]], "timestamp": "2025-12-16T10:56:01.149383+00:00"}, {"symbol": "ETHUSDT", "bids": [[2947.29, 44.382], [2947.28, 0.029], [2947.26, 0.04], [2947.25, 0.023], [2947.24, 0.014], [2947.23, 0.047], [2947.22, 0.023], [2947.2, 0.075], [2947.19, 0.016], [2947.18, 0.025], [2947.16, 0.063], [2947.14, 0.03], [2947.13, 0.049], [2947.12, 0.014], [2947.11, 0.169], [2947.1, 0.444], [2947.09, 0.366], [2947.08, 2.123], [2947.07, 0.388], [2947.06, 0.021]], "asks": [[2947.3, 105.711], [2947.31, 1.744], [2947.32, 0.008], [2947.33, 0.974], [2947.34, 0.864], [2947.35, 0.225], [2947.36, 1.882], [2947.37, 0.014], [2947.38, 0.348], [2947.39, 1.712], [2947.4, 2.757], [2947.41, 0.029], [2947.42, 0.083], [2947.43, 0.023], [2947.44, 0.339], [2947.45, 0.245], [2947.46, 0.888], [2947.47, 2.137], [2947.48, 0.01], [2947.49, 0.107]], "timestamp": "2025-12-16T10:56:53.272649+00:00"}, {"symbol": "ETHUSDT", "bids": [[2949.63, 55.12], [2949.62, 1.188], [2949.61, 0.763], [2949.6, 0.044], [2949.59, 0.069], [2949.58, 0.021], [2949.57, 0.022], [2949.56, 0.063], [2949.55, 0.333], [2949.54, 0.214], [2949.53, 0.009], [2949.52, 0.017], [2949.51, 0.054], [2949.5, 0.019], [2949.49, 0.023], [2949.48, 5.442], [2949.47, 0.03], [2949.46, 0.604], [2949.45, 0.383], [2949.44, 0.394]], "asks": [[2949.64, 80.236], [2949.65, 0.014], [2949.66, 0.007], [2949.67, 0.04], [2949.68, 0.499], [2949.69, 0.887], [2949.7, 0.04], [2949.71, 0.023], [2949.72, 2.171], [2949.73, 0.143], [2949.74, 0.007], [2949.75, 0.014], [2949.76, 0.072], [2949.77, 1.221], [2949.78, 2.388], [2949.79, 0.092], [2949.8, 0.01], [2949.81, 0.062], [2949.82, 1.666], [2949.83, 0.063]], "timestamp": "2025-12-16T10:57:45.897509+00:00"}, {"symbol": "ETHUSDT", "bids": [[2948.0, 9.573], [2947.99, 0.036], [2947.98, 0.007], [2947.97, 0.059], [2947.96, 0.406], [2947.95, 0.116], [2947.94, 0.21], [2947.93, 0.009], [2947.92, 0.232], [2947.91, 0.048], [2947.9, 0.019], [2947.89, 1.096], [2947.88, 0.077], [2947.87, 0.666], [2947.86, 0.235], [2947.85, 0.064], [2947.84, 0.028], [2947.83, 0.031], [2947.82, 0.363], [2947.81, 0.037]], "asks": [[2948.01, 156.507], [2948.02, 0.928], [2948.03, 2.746], [2948.04, 2.422], [2948.05, 0.009], [2948.06, 0.054], [2948.07, 0.016], [2948.08, 0.014], [2948.09, 0.028], [2948.1, 1.72], [2948.11, 1.696], [2948.12, 0.023], [2948.13, 0.064], [2948.14, 0.023], [2948.16, 0.065], [2948.17, 0.038], [2948.19, 1.757], [2948.2, 0.04], [2948.21, 0.009], [2948.22, 0.036]], "timestamp": "2025-12-16T10:58:39.166709+00:00"}, {"symbol": "ETHUSDT", "bids": [[2947.19, 32.286], [2947.18, 0.019], [2947.17, 0.019], [2947.16, 0.064], [2947.15, 0.239], [2947.14, 0.015], [2947.13, 0.176], [2947.12, 0.021], [2947.11, 1.368], [2947.1, 0.437], [2947.09, 1.02], [2947.08, 0.751], [2947.07, 0.048], [2947.06, 0.023], [2947.05, 0.031], [2947.04, 0.282], [2947.03, 4.027], [2947.02, 0.111], [2947.01, 6.743], [2947.0, 39.238]], "asks": [[2947.2, 120.329], [2947.21, 0.007], [2947.23, 0.047], [2947.24, 0.009], [2947.25, 0.103], [2947.26, 0.047], [2947.27, 0.727], [2947.28, 1.697], [2947.29, 0.063], [2947.3, 0.009], [2947.31, 0.114], [2947.32, 0.054], [2947.33, 0.023], [2947.34, 2.69], [2947.35, 0.065], [2947.36, 4.665], [2947.37, 1.366], [2947.38, 1.751], [2947.39, 0.009], [2947.4, 0.014]], "timestamp": "2025-12-16T10:59:31.638880+00:00"}, {"symbol": "ETHUSDT", "bids": [[2946.86, 46.785], [2946.85, 3.646], [2946.84, 0.047], [2946.82, 0.009], [2946.81, 0.056], [2946.8, 0.009], [2946.79, 0.014], [2946.78, 0.049], [2946.77, 0.014], [2946.76, 0.38], [2946.75, 0.254], [2946.73, 0.014], [2946.72, 1.169], [2946.71, 0.014], [2946.7, 0.708], [2946.69, 0.369], [2946.68, 1.431], [2946.67, 0.641], [2946.66, 0.016], [2946.65, 0.014]], "asks": [[2946.87, 56.774], [2946.88, 0.06], [2946.89, 0.009], [2946.9, 0.021], [2946.91, 1.746], [2946.92, 0.021], [2946.93, 0.109], [2946.94, 0.061], [2946.95, 0.024], [2946.96, 0.029], [2946.97, 0.04], [2946.98, 0.023], [2946.99, 0.014], [2947.0, 0.194], [2947.01, 1.784], [2947.02, 0.169], [2947.03, 2.577], [2947.04, 16.381], [2947.05, 0.73], [2947.07, 0.061]], "timestamp": "2025-12-16T11:00:23.354435+00:00"}, {"symbol": "ETHUSDT", "bids": [[2942.98, 17.702], [2942.97, 1.895], [2942.96, 0.049], [2942.95, 0.261], [2942.94, 0.009], [2942.93, 0.07], [2942.92, 0.014], [2942.91, 0.009], [2942.9, 0.071], [2942.89, 0.008], [2942.88, 0.377], [2942.87, 0.061], [2942.86, 0.34], [2942.85, 1.861], [2942.84, 0.047], [2942.83, 0.022], [2942.82, 0.059], [2942.81, 0.068], [2942.8, 0.18], [2942.79, 0.078]], "asks": [[2942.99, 66.602], [2943.0, 0.028], [2943.01, 0.007], [2943.02, 0.04], [2943.03, 0.688], [2943.04, 0.028], [2943.05, 7.122], [2943.06, 15.801], [2943.07, 4.619], [2943.08, 0.073], [2943.09, 0.009], [2943.1, 0.021], [2943.11, 4.314], [2943.12, 0.702], [2943.14, 18.086], [2943.15, 4.711], [2943.16, 0.014], [2943.17, 0.04], [2943.18, 2.416], [2943.19, 0.008]], "timestamp": "2025-12-16T11:01:15.110350+00:00"}, {"symbol": "ETHUSDT", "bids": [[2945.53, 71.474], [2945.52, 0.042], [2945.51, 0.04], [2945.5, 0.197], [2945.49, 0.693], [2945.47, 0.469], [2945.46, 0.205], [2945.45, 0.02], [2945.44, 0.436], [2945.43, 0.029], [2945.42, 0.024], [2945.41, 0.063], [2945.4, 1.779], [2945.39, 0.023], [2945.38, 0.697], [2945.37, 0.95], [2945.36, 0.244], [2945.35, 0.041], [2945.34, 0.072], [2945.33, 0.396]], "asks": [[2945.54, 79.371], [2945.55, 0.043], [2945.56, 1.358], [2945.57, 0.04], [2945.58, 0.009], [2945.59, 0.018], [2945.6, 0.054], [2945.61, 0.092], [2945.62, 0.023], [2945.63, 0.255], [2945.64, 0.021], [2945.65, 1.718], [2945.66, 0.062], [2945.67, 0.009], [2945.68, 0.014], [2945.69, 1.438], [2945.7, 0.059], [2945.71, 0.04], [2945.72, 2.166], [2945.73, 0.192]], "timestamp": "2025-12-16T11:02:07.169966+00:00"}, {"symbol": "ETHUSDT", "bids": [[2937.38, 91.828], [2937.37, 0.014], [2937.34, 0.009], [2937.33, 0.014], [2937.31, 0.063], [2937.3, 0.014], [2937.28, 0.009], [2937.27, 0.009], [2937.25, 0.009], [2937.24, 5.563], [2937.23, 34.343], [2937.22, 2.556], [2937.21, 1.27], [2937.2, 0.007], [2937.19, 0.009], [2937.16, 0.023], [2937.15, 0.187], [2937.14, 0.014], [2937.13, 0.016], [2937.12, 0.035]], "asks": [[2937.39, 51.044], [2937.4, 0.015], [2937.41, 0.018], [2937.42, 0.049], [2937.45, 0.056], [2937.46, 0.014], [2937.47, 0.614], [2937.48, 0.083], [2937.49, 0.017], [2937.51, 0.009], [2937.52, 5.852], [2937.53, 16.767], [2937.54, 2.739], [2937.55, 0.05], [2937.56, 1.712], [2937.57, 0.009], [2937.58, 0.047], [2937.59, 0.34], [2937.6, 14.967], [2937.61, 0.396]], "timestamp": "2025-12-16T11:02:59.601766+00:00"}, {"symbol": "ETHUSDT", "bids": [[2941.24, 22.905], [2941.23, 6.19], [2941.2, 0.077], [2941.19, 0.016], [2941.17, 0.077], [2941.15, 0.023], [2941.14, 0.061], [2941.13, 0.014], [2941.12, 0.018], [2941.11, 60.6], [2941.1, 0.019], [2941.09, 0.055], [2941.08, 0.489], [2941.07, 0.031], [2941.06, 0.009], [2941.05, 0.075], [2941.04, 0.385], [2941.03, 0.031], [2941.02, 0.565], [2941.01, 0.014]], "asks": [[2941.25, 75.65], [2941.26, 1.637], [2941.27, 0.019], [2941.28, 5.606], [2941.29, 3.431], [2941.3, 0.043], [2941.31, 0.117], [2941.32, 0.721], [2941.33, 19.383], [2941.34, 1.747], [2941.35, 0.233], [2941.36, 0.007], [2941.37, 8.65], [2941.38, 1.729], [2941.39, 16.56], [2941.4, 0.515], [2941.41, 0.035], [2941.42, 3.945], [2941.43, 0.1], [2941.44, 0.033]], "timestamp": "2025-12-16T11:03:51.961537+00:00"}, {"symbol": "ETHUSDT", "bids": [[2944.69, 81.544], [2944.68, 0.189], [2944.67, 2.038], [2944.66, 0.3], [2944.65, 0.021], [2944.64, 0.039], [2944.63, 0.912], [2944.62, 0.384], [2944.61, 0.016], [2944.6, 0.533], [2944.59, 0.394], [2944.58, 0.044], [2944.57, 0.017], [2944.56, 0.014], [2944.55, 0.08], [2944.54, 0.014], [2944.53, 0.702], [2944.52, 0.497], [2944.51, 0.018], [2944.5, 3.099]], "asks": [[2944.7, 38.731], [2944.71, 0.073], [2944.73, 0.04], [2944.74, 0.016], [2944.75, 0.014], [2944.76, 0.049], [2944.77, 0.03], [2944.79, 0.054], [2944.8, 0.044], [2944.81, 0.014], [2944.82, 0.04], [2944.83, 0.709], [2944.84, 0.434], [2944.85, 0.014], [2944.86, 0.024], [2944.87, 0.054], [2944.89, 0.031], [2944.9, 0.074], [2944.91, 0.014], [2944.92, 1.876]], "timestamp": "2025-12-16T11:04:44.885759+00:00"}, {"symbol": "ETHUSDT", "bids": [[2941.39, 107.501], [2941.38, 3.096], [2941.36, 0.04], [2941.35, 13.56], [2941.34, 0.014], [2941.33, 0.04], [2941.32, 0.023], [2941.3, 0.014], [2941.29, 0.07], [2941.27, 0.208], [2941.26, 0.009], [2941.25, 0.049], [2941.24, 1.7], [2941.23, 1.274], [2941.22, 13.296], [2941.21, 0.858], [2941.2, 0.447], [2941.19, 0.009], [2941.18, 0.009], [2941.17, 0.022]], "asks": [[2941.4, 38.021], [2941.41, 0.047], [2941.42, 0.009], [2941.43, 0.007], [2941.44, 0.049], [2941.45, 0.009], [2941.46, 0.021], [2941.47, 0.076], [2941.48, 0.009], [2941.49, 0.014], [2941.5, 0.063], [2941.53, 0.108], [2941.54, 0.04], [2941.56, 0.484], [2941.57, 0.008], [2941.58, 0.007], [2941.59, 0.016], [2941.6, 6.126], [2941.61, 6.993], [2941.62, 0.009]], "timestamp": "2025-12-16T11:05:38.361944+00:00"}, {"symbol": "ETHUSDT", "bids": [[2939.24, 47.962], [2939.23, 0.055], [2939.22, 0.858], [2939.21, 0.137], [2939.2, 0.703], [2939.18, 0.047], [2939.17, 0.017], [2939.16, 3.754], [2939.15, 3.898], [2939.14, 8.835], [2939.13, 0.231], [2939.12, 15.571], [2939.11, 0.014], [2939.1, 0.929], [2939.09, 0.091], [2939.08, 0.124], [2939.07, 8.054], [2939.06, 0.19], [2939.05, 0.024], [2939.04, 0.024]], "asks": [[2939.25, 135.276], [2939.26, 0.068], [2939.27, 1.702], [2939.28, 0.009], [2939.29, 0.009], [2939.3, 2.771], [2939.31, 0.007], [2939.32, 0.023], [2939.33, 0.04], [2939.34, 0.014], [2939.35, 0.016], [2939.36, 0.009], [2939.37, 0.014], [2939.38, 0.137], [2939.39, 0.023], [2939.4, 0.051], [2939.41, 3.725], [2939.42, 0.023], [2939.44, 20.441], [2939.45, 8.522]], "timestamp": "2025-12-16T11:06:31.400228+00:00"}, {"symbol": "ETHUSDT", "bids": [[2941.99, 179.661], [2941.98, 2.995], [2941.97, 8.844], [2941.96, 6.941], [2941.95, 0.025], [2941.93, 0.184], [2941.92, 0.829], [2941.9, 0.077], [2941.89, 0.981], [2941.88, 0.032], [2941.87, 0.056], [2941.86, 0.353], [2941.85, 0.014], [2941.84, 0.063], [2941.83, 1.416], [2941.82, 0.046], [2941.8, 0.088], [2941.79, 0.009], [2941.78, 0.054], [2941.77, 0.62]], "asks": [[2942.0, 21.257], [2942.01, 0.181], [2942.02, 0.08], [2942.03, 0.009], [2942.04, 0.024], [2942.05, 0.088], [2942.06, 1.87], [2942.07, 0.156], [2942.08, 0.008], [2942.09, 0.063], [2942.1, 0.045], [2942.11, 0.023], [2942.12, 0.008], [2942.13, 0.049], [2942.14, 0.014], [2942.15, 2.675], [2942.16, 2.529], [2942.17, 0.014], [2942.18, 0.058], [2942.19, 0.399]], "timestamp": "2025-12-16T11:07:23.103081+00:00"}, {"symbol": "ETHUSDT", "bids": [[2944.99, 14.294], [2944.98, 6.043], [2944.96, 0.014], [2944.95, 0.056], [2944.94, 0.045], [2944.93, 0.014], [2944.92, 0.742], [2944.91, 0.009], [2944.9, 0.023], [2944.89, 0.209], [2944.88, 0.014], [2944.87, 0.009], [2944.86, 0.571], [2944.85, 0.014], [2944.84, 0.396], [2944.83, 0.058], [2944.82, 0.022], [2944.81, 0.023], [2944.8, 0.529], [2944.79, 0.028]], "asks": [[2945.0, 157.339], [2945.01, 1.138], [2945.02, 1.737], [2945.03, 0.081], [2945.04, 1.505], [2945.05, 0.03], [2945.06, 0.008], [2945.07, 1.223], [2945.08, 0.014], [2945.09, 0.143], [2945.1, 7.479], [2945.11, 5.129], [2945.12, 5.019], [2945.13, 0.233], [2945.14, 0.134], [2945.15, 2.742], [2945.16, 1.027], [2945.17, 1.791], [2945.18, 1.377], [2945.19, 0.109]], "timestamp": "2025-12-16T11:08:15.629926+00:00"}, {"symbol": "ETHUSDT", "bids": [[2944.46, 55.251], [2944.45, 0.02], [2944.44, 0.05], [2944.43, 0.047], [2944.42, 0.009], [2944.41, 0.014], [2944.4, 0.047], [2944.39, 0.031], [2944.37, 1.82], [2944.36, 11.399], [2944.35, 0.051], [2944.34, 0.047], [2944.33, 0.023], [2944.32, 0.018], [2944.31, 0.274], [2944.3, 0.227], [2944.29, 0.197], [2944.28, 8.031], [2944.27, 0.063], [2944.26, 0.657]], "asks": [[2944.47, 172.639], [2944.48, 1.146], [2944.49, 0.076], [2944.5, 17.2], [2944.51, 0.016], [2944.52, 0.387], [2944.53, 0.007], [2944.54, 0.076], [2944.55, 0.014], [2944.56, 30.811], [2944.57, 30.07], [2944.58, 33.327], [2944.59, 30.134], [2944.6, 3.294], [2944.61, 0.027], [2944.62, 0.709], [2944.63, 0.078], [2944.64, 0.018], [2944.65, 4.693], [2944.66, 0.007]], "timestamp": "2025-12-16T11:09:07.732562+00:00"}, {"symbol": "ETHUSDT", "bids": [[2943.64, 85.412], [2943.63, 14.547], [2943.62, 0.04], [2943.61, 1.721], [2943.6, 1.211], [2943.59, 0.355], [2943.58, 0.023], [2943.57, 3.209], [2943.56, 0.373], [2943.55, 0.077], [2943.54, 0.735], [2943.53, 0.009], [2943.52, 0.692], [2943.51, 0.212], [2943.5, 0.05], [2943.49, 0.04], [2943.48, 1.753], [2943.47, 0.109], [2943.46, 0.235], [2943.45, 0.423]], "asks": [[2943.65, 14.666], [2943.66, 0.092], [2943.67, 0.04], [2943.69, 0.009], [2943.7, 0.33], [2943.71, 0.04], [2943.72, 0.021], [2943.73, 0.009], [2943.74, 0.023], [2943.75, 0.047], [2943.76, 3.227], [2943.77, 0.943], [2943.78, 1.413], [2943.8, 2.629], [2943.81, 0.055], [2943.82, 0.229], [2943.84, 0.951], [2943.85, 1.716], [2943.86, 0.995], [2943.87, 0.071]], "timestamp": "2025-12-16T11:09:59.568911+00:00"}, {"symbol": "ETHUSDT", "bids": [[2942.44, 83.463], [2942.43, 0.281], [2942.42, 0.125], [2942.4, 0.039], [2942.39, 0.04], [2942.37, 0.037], [2942.36, 0.04], [2942.35, 0.39], [2942.34, 0.988], [2942.33, 0.378], [2942.32, 0.236], [2942.31, 0.014], [2942.3, 0.04], [2942.29, 0.452], [2942.28, 0.193], [2942.27, 0.085], [2942.26, 0.016], [2942.25, 0.021], [2942.24, 0.747], [2942.23, 0.03]], "asks": [[2942.45, 62.261], [2942.46, 1.415], [2942.47, 1.16], [2942.48, 0.387], [2942.49, 0.739], [2942.5, 1.723], [2942.51, 0.014], [2942.52, 0.943], [2942.53, 0.077], [2942.54, 0.852], [2942.55, 0.03], [2942.56, 0.15], [2942.57, 0.014], [2942.58, 0.367], [2942.59, 19.073], [2942.6, 1.754], [2942.61, 0.274], [2942.62, 1.963], [2942.63, 0.077], [2942.64, 0.197]], "timestamp": "2025-12-16T11:10:51.801390+00:00"}, {"symbol": "ETHUSDT", "bids": [[2940.17, 199.18], [2940.16, 8.361], [2940.15, 6.38], [2940.14, 0.067], [2940.13, 4.255], [2940.12, 0.25], [2940.11, 0.211], [2940.1, 0.072], [2940.08, 0.023], [2940.07, 0.049], [2940.06, 0.033], [2940.05, 0.007], [2940.04, 0.063], [2940.03, 0.007], [2940.02, 0.086], [2940.01, 3.049], [2940.0, 0.042], [2939.99, 3.537], [2939.98, 1.676], [2939.97, 0.049]], "asks": [[2940.18, 10.245], [2940.19, 0.014], [2940.2, 0.049], [2940.21, 0.008], [2940.22, 0.009], [2940.23, 0.049], [2940.24, 0.04], [2940.25, 0.056], [2940.26, 0.016], [2940.27, 6.84], [2940.29, 0.017], [2940.3, 1.004], [2940.31, 0.014], [2940.32, 0.186], [2940.33, 0.642], [2940.34, 0.009], [2940.35, 6.825], [2940.36, 0.007], [2940.37, 0.071], [2940.39, 0.036]], "timestamp": "2025-12-16T11:11:44.285346+00:00"}, {"symbol": "ETHUSDT", "bids": [[2942.35, 33.212], [2942.34, 0.059], [2942.33, 0.04], [2942.32, 0.27], [2942.31, 0.009], [2942.3, 0.054], [2942.29, 0.032], [2942.28, 0.191], [2942.27, 0.049], [2942.26, 0.227], [2942.25, 0.783], [2942.24, 0.862], [2942.23, 0.723], [2942.22, 0.349], [2942.21, 0.91], [2942.2, 0.45], [2942.19, 0.749], [2942.18, 0.914], [2942.17, 0.405], [2942.16, 1.51]], "asks": [[2942.36, 191.576], [2942.37, 1.979], [2942.38, 1.738], [2942.39, 0.851], [2942.4, 0.223], [2942.41, 0.014], [2942.42, 0.018], [2942.43, 0.014], [2942.44, 0.04], [2942.45, 0.009], [2942.46, 0.228], [2942.47, 1.37], [2942.48, 3.736], [2942.49, 0.038], [2942.51, 0.03], [2942.52, 0.89], [2942.53, 3.392], [2942.55, 38.704], [2942.56, 0.603], [2942.57, 21.243]], "timestamp": "2025-12-16T11:12:37.065951+00:00"}