[{"id": "2674088711", "price": 2958.47, "amount": 0.007, "side": "sell", "timestamp": 1765928580512}, {"id": "2674088712", "price": 2958.46, "amount": 0.016, "side": "sell", "timestamp": 1765928580512}, {"id": "2674088713", "price": 2958.45, "amount": 0.048, "side": "sell", "timestamp": 1765928580519}, {"id": "2674088714", "price": 2958.44, "amount": 0.014, "side": "sell", "timestamp": 1765928580519}, {"id": "2674088715", "price": 2958.43, "amount": 0.169, "side": "sell", "timestamp": 1765928580525}, {"id": "2674088716", "price": 2958.42, "amount": 0.014, "side": "sell", "timestamp": 1765928580525}, {"id": "2674088717", "price": 2958.41, "amount": 0.023, "side": "sell", "timestamp": 1765928580525}, {"id": "2674088718", "price": 2958.4, "amount": 0.062, "side": "sell", "timestamp": 1765928580526}, {"id": "2674088719", "price": 2958.39, "amount": 0.024, "side": "sell", "timestamp": 1765928580526}, {"id": "2674088720", "price": 2958.37, "amount": 0.041, "side": "sell", "timestamp": 1765928580534}, {"id": "2674088721", "price": 2958.36, "amount": 0.056, "side": "sell", "timestamp": 1765928580534}, {"id": "2674088722", "price": 2958.35, "amount": 0.016, "side": "sell", "timestamp": 1765928580534}, {"id": "2674088723", "price": 2958.34, "amount": 0.274, "side": "sell", "timestamp": 1765928580554}, {"id": "2674088724", "price": 2958.33, "amount": 0.049, "side": "sell", "timestamp": 1765928580556}, {"id": "2674088725", "price": 2958.32, "amount": 0.03, "side": "sell", "timestamp": 1765928580556}, {"id": "2674088726", "price": 2958.3, "amount": 0.086, "side": "sell", "timestamp": 1765928580556}, {"id": "2674088727", "price": 2958.29, "amount": 0.016, "side": "sell", "timestamp": 1765928580556}, {"id": "2674088728", "price": 2958.28, "amount": 0.011, "side": "sell", "timestamp": 1765928580556}, {"id": "2674088729", "price": 2958.27, "amount": 0.009, "side": "sell", "timestamp": 1765928580556}, {"id": "2674088730", "price": 2958.26, "amount": 2.545, "side": "sell", "timestamp": 1765928580873}, {"id": "2674088731", "price": 2958.27, "amount": 1.328, "side": "buy", "timestamp": 1765928580980}, {"id": "2674088732", "price": 2958.26, "amount": 18.544, "side": "sell", "timestamp": 1765928581075}, {"id": "2674088733", "price": 2958.25, "amount": 0.056, "side": "sell", "timestamp": 1765928581079}, {"id": "2674088734", "price": 2958.23, "amount": 0.016, "side": "sell", "timestamp": 1765928581079}, {"id": "2674088735", "price": 2958.22, "amount": 0.041, "side": "sell", "timestamp": 1765928581079}, {"id": "2674088736", "price": 2958.21, "amount": 0.029, "side": "sell", "timestamp": 1765928581079}, {"id": "2674088737", "price": 2958.2, "amount": 1.452, "side": "sell", "timestamp": 1765928581109}, {"id": "2674088738", "price": 2958.19, "amount": 0.049, "side": "sell", "timestamp": 1765928581178}, {"id": "2674088739", "price": 2958.17, "amount": 0.016, "side": "sell", "timestamp": 1765928581178}, {"id": "2674088740", "price": 2958.16, "amount": 0.691, "side": "sell", "timestamp": 1765928581178}, {"id": "2674088741", "price": 2958.15, "amount": 0.009, "side": "sell", "timestamp": 1765928581178}, {"id": "2674088742", "price": 2958.14, "amount": 0.023, "side": "sell", "timestamp": 1765928581178}, {"id": "2674088743", "price": 2958.13, "amount": 0.26, "side": "sell", "timestamp": 1765928581178}, {"id": "2674088744", "price": 2958.12, "amount": 0.031, "side": "sell", "timestamp": 1765928581178}, {"id": "2674088745", "price": 2958.12, "amount": 0.018, "side": "buy", "timestamp": 1765928581185}, {"id": "2674088746", "price": 2958.11, "amount": 0.029, "side": "sell", "timestamp": 1765928581196}, {"id": "2674088747", "price": 2958.12, "amount": 0.01, "side": "buy", "timestamp": 1765928581224}, {"id": "2674088748", "price": 2958.12, "amount": 0.339, "side": "buy", "timestamp": 1765928581601}, {"id": "2674088749", "price": 2958.12, "amount": 0.585, "side": "buy", "timestamp": 1765928581883}, {"id": "2674088750", "price": 2958.12, "amount": 0.339, "side": "buy", "timestamp": 1765928582067}, {"id": "2674088751", "price": 2958.11, "amount": 0.016, "side": "sell", "timestamp": 1765928582340}, {"id": "2674088752", "price": 2958.12, "amount": 0.042, "side": "buy", "timestamp": 1765928582491}, {"id": "2674088753", "price": 2958.11, "amount": 0.923, "side": "sell", "timestamp": 1765928582623}, {"id": "2674088754", "price": 2958.11, "amount": 5.945, "side": "sell", "timestamp": 1765928583006}, {"id": "2674088755", "price": 2958.12, "amount": 0.339, "side": "buy", "timestamp": 1765928583048}, {"id": "2674088756", "price": 2958.12, "amount": 0.01, "side": "buy", "timestamp": 1765928583258}, {"id": "2674088757", "price": 2958.11, "amount": 0.115, "side": "sell", "timestamp": 1765928583491}, {"id": "2674088758", "price": 2958.12, "amount": 0.381, "side": "buy", "timestamp": 1765928583578}, {"id": "2674088759", "price": 2958.11, "amount": 0.011, "side": "sell", "timestamp": 1765928584051}, {"id": "2674088760", "price": 2958.12, "amount": 0.339, "side": "buy", "timestamp": 1765928584124}, {"id": "2674089217", "price": 2958.7, "amount": 3.023, "side": "buy", "timestamp": 1765928628749}, {"id": "2674089218", "price": 2958.7, "amount": 0.683, "side": "buy", "timestamp": 1765928628862}, {"id": "2674089219", "price": 2958.69, "amount": 0.203, "side": "sell", "timestamp": 1765928628989}, {"id": "2674089220", "price": 2958.7, "amount": 5.182, "side": "buy", "timestamp": 1765928628997}, {"id": "2674089221", "price": 2958.7, "amount": 1.016, "side": "buy", "timestamp": 1765928629359}, {"id": "2674089222", "price": 2958.69, "amount": 1.304, "side": "sell", "timestamp": 1765928629362}, {"id": "2674089223", "price": 2958.7, "amount": 0.232, "side": "buy", "timestamp": 1765928629373}, {"id": "2674089224", "price": 2958.69, "amount": 8.136, "side": "sell", "timestamp": 1765928629508}, {"id": "2674089225", "price": 2958.7, "amount": 0.339, "side": "buy", "timestamp": 1765928629836}, {"id": "2674089226", "price": 2958.7, "amount": 0.139, "side": "buy", "timestamp": 1765928630088}, {"id": "2674089227", "price": 2958.69, "amount": 1.0, "side": "sell", "timestamp": 1765928630293}, {"id": "2674089228", "price": 2958.7, "amount": 0.339, "side": "buy", "timestamp": 1765928630350}, {"id": "2674089229", "price": 2958.69, "amount": 0.077, "side": "sell", "timestamp": 1765928630944}, {"id": "2674089230", "price": 2958.7, "amount": 0.339, "side": "buy", "timestamp": 1765928631111}, {"id": "2674089231", "price": 2958.69, "amount": 0.007, "side": "sell", "timestamp": 1765928631167}, {"id": "2674089232", "price": 2958.7, "amount": 1.948, "side": "buy", "timestamp": 1765928631343}, {"id": "2674089233", "price": 2958.69, "amount": 0.011, "side": "sell", "timestamp": 1765928632118}, {"id": "2674089234", "price": 2958.7, "amount": 0.339, "side": "buy", "timestamp": 1765928632154}, {"id": "2674089235", "price": 2958.69, "amount": 0.017, "side": "sell", "timestamp": 1765928632206}, {"id": "2674089236", "price": 2958.7, "amount": 0.453, "side": "buy", "timestamp": 1765928632729}, {"id": "2674089237", "price": 2958.69, "amount": 0.43, "side": "sell", "timestamp": 1765928632823}, {"id": "2674089238", "price": 2958.69, "amount": 7.5, "side": "sell", "timestamp": 1765928633129}, {"id": "2674089239", "price": 2958.7, "amount": 0.344, "side": "buy", "timestamp": 1765928633149}, {"id": "2674089240", "price": 2958.69, "amount": 0.045, "side": "sell", "timestamp": 1765928633261}, {"id": "2674089241", "price": 2958.7, "amount": 0.02, "side": "buy", "timestamp": 1765928633294}, {"id": "2674089242", "price": 2958.69, "amount": 1.0, "side": "sell", "timestamp": 1765928633554}, {"id": "2674089243", "price": 2958.69, "amount": 2.042, "side": "sell", "timestamp": 1765928634045}, {"id": "2674089244", "price": 2958.7, "amount": 0.067, "side": "buy", "timestamp": 1765928634185}, {"id": "2674089245", "price": 2958.69, "amount": 2.432, "side": "sell", "timestamp": 1765928634189}, {"id": "2674089246", "price": 2958.7, "amount": 0.339, "side": "buy", "timestamp": 1765928634229}, {"id": "2674089247", "price": 2958.7, "amount": 0.004, "side": "buy", "timestamp": 1765928634458}, {"id": "2674089248", "price": 2958.7, "amount": 1.5, "side": "buy", "timestamp": 1765928634595}, {"id": "2674089249", "price": 2958.7, "amount": 0.037, "side": "buy", "timestamp": 1765928634786}, {"id": "2674089250", "price": 2958.7, "amount": 0.339, "side": "buy", "timestamp": 1765928635049}, {"id": "2674089251", "price": 2958.69, "amount": 0.1, "side": "sell", "timestamp": 1765928635068}, {"id": "2674089252", "price": 2958.7, "amount": 3.0, "side": "buy", "timestamp": 1765928635175}, {"id": "2674089253", "price": 2958.69, "amount": 0.78, "side": "sell", "timestamp": 1765928635178}, {"id": "2674089254", "price": 2958.7, "amount": 13.519, "side": "buy", "timestamp": 1765928635259}, {"id": "2674089255", "price": 2958.69, "amount": 0.011, "side": "sell", "timestamp": 1765928635300}, {"id": "2674089256", "price": 2958.69, "amount": 0.338, "side": "sell", "timestamp": 1765928635627}, {"id": "2674089257", "price": 2958.7, "amount": 20.92, "side": "buy", "timestamp": 1765928635710}, {"id": "2674089258", "price": 2958.71, "amount": 0.007, "side": "buy", "timestamp": 1765928635713}, {"id": "2674089259", "price": 2958.72, "amount": 0.007, "side": "buy", "timestamp": 1765928635713}, {"id": "2674089260", "price": 2958.73, "amount": 0.396, "side": "buy", "timestamp": 1765928635717}, {"id": "2674089261", "price": 2958.72, "amount": 0.101, "side": "sell", "timestamp": 1765928635813}, {"id": "2674089262", "price": 2958.73, "amount": 3.399, "side": "buy", "timestamp": 1765928636296}, {"id": "2674089263", "price": 2958.72, "amount": 0.959, "side": "sell", "timestamp": 1765928636300}, {"id": "2674089264", "price": 2958.73, "amount": 0.741, "side": "buy", "timestamp": 1765928636303}, {"id": "2674089265", "price": 2958.72, "amount": 0.236, "side": "sell", "timestamp": 1765928636502}, {"id": "2674089266", "price": 2958.73, "amount": 0.01, "side": "buy", "timestamp": 1765928636547}, {"id": "2674090047", "price": 2960.11, "amount": 0.44, "side": "buy", "timestamp": 1765928684448}, {"id": "2674090048", "price": 2960.11, "amount": 0.257, "side": "buy", "timestamp": 1765928684606}, {"id": "2674090049", "price": 2960.11, "amount": 55.982, "side": "buy", "timestamp": 1765928684709}, {"id": "2674090050", "price": 2960.1, "amount": 0.136, "side": "sell", "timestamp": 1765928684713}, {"id": "2674090051", "price": 2960.11, "amount": 0.102, "side": "buy", "timestamp": 1765928684714}, {"id": "2674090052", "price": 2960.12, "amount": 0.007, "side": "buy", "timestamp": 1765928684714}, {"id": "2674090053", "price": 2960.14, "amount": 0.233, "side": "buy", "timestamp": 1765928684715}, {"id": "2674090054", "price": 2960.15, "amount": 0.556, "side": "buy", "timestamp": 1765928684717}, {"id": "2674090055", "price": 2960.15, "amount": 22.505, "side": "buy", "timestamp": 1765928685055}, {"id": "2674090056", "price": 2960.16, "amount": 0.014, "side": "buy", "timestamp": 1765928685055}, {"id": "2674090057", "price": 2960.17, "amount": 0.007, "side": "buy", "timestamp": 1765928685055}, {"id": "2674090058", "price": 2960.18, "amount": 0.05, "side": "buy", "timestamp": 1765928685055}, {"id": "2674090059", "price": 2960.19, "amount": 0.009, "side": "buy", "timestamp": 1765928685055}, {"id": "2674090060", "price": 2960.2, "amount": 0.011, "side": "buy", "timestamp": 1765928685055}, {"id": "2674090061", "price": 2960.21, "amount": 0.05, "side": "buy", "timestamp": 1765928685055}, {"id": "2674090062", "price": 2960.22, "amount": 0.868, "side": "buy", "timestamp": 1765928685055}, {"id": "2674090063", "price": 2960.24, "amount": 0.055, "side": "buy", "timestamp": 1765928685055}, {"id": "2674090064", "price": 2960.25, "amount": 0.009, "side": "buy", "timestamp": 1765928685055}, {"id": "2674090065", "price": 2960.26, "amount": 0.033, "side": "buy", "timestamp": 1765928685055}, {"id": "2674090066", "price": 2960.28, "amount": 0.41, "side": "buy", "timestamp": 1765928685055}, {"id": "2674090067", "price": 2960.3, "amount": 0.029, "side": "buy", "timestamp": 1765928685055}, {"id": "2674090068", "price": 2960.31, "amount": 0.009, "side": "buy", "timestamp": 1765928685055}, {"id": "2674090069", "price": 2960.32, "amount": 0.062, "side": "buy", "timestamp": 1765928685055}, {"id": "2674090070", "price": 2960.34, "amount": 0.038, "side": "buy", "timestamp": 1765928685055}, {"id": "2674090071", "price": 2960.35, "amount": 0.007, "side": "buy", "timestamp": 1765928685055}, {"id": "2674090072", "price": 2960.36, "amount": 0.066, "side": "buy", "timestamp": 1765928685055}, {"id": "2674090073", "price": 2960.37, "amount": 0.516, "side": "buy", "timestamp": 1765928685055}, {"id": "2674090074", "price": 2960.38, "amount": 0.387, "side": "buy", "timestamp": 1765928685055}, {"id": "2674090075", "price": 2960.38, "amount": 0.033, "side": "buy", "timestamp": 1765928685353}, {"id": "2674090076", "price": 2960.37, "amount": 0.168, "side": "sell", "timestamp": 1765928685357}, {"id": "2674090077", "price": 2960.38, "amount": 0.035, "side": "buy", "timestamp": 1765928685977}, {"id": "2674090078", "price": 2960.37, "amount": 0.239, "side": "sell", "timestamp": 1765928686198}, {"id": "2674090079", "price": 2960.37, "amount": 1.205, "side": "sell", "timestamp": 1765928686519}, {"id": "2674090080", "price": 2960.38, "amount": 0.02, "side": "buy", "timestamp": 1765928687053}, {"id": "2674090081", "price": 2960.38, "amount": 0.4, "side": "buy", "timestamp": 1765928687651}, {"id": "2674090082", "price": 2960.37, "amount": 0.18, "side": "sell", "timestamp": 1765928687654}, {"id": "2674090083", "price": 2960.38, "amount": 1.351, "side": "buy", "timestamp": 1765928687958}, {"id": "2674090084", "price": 2960.38, "amount": 0.001, "side": "buy", "timestamp": 1765928688563}, {"id": "2674090085", "price": 2960.37, "amount": 0.086, "side": "sell", "timestamp": 1765928688567}, {"id": "2674090086", "price": 2960.38, "amount": 0.062, "side": "buy", "timestamp": 1765928688573}, {"id": "2674090087", "price": 2960.37, "amount": 0.253, "side": "sell", "timestamp": 1765928688597}, {"id": "2674090088", "price": 2960.38, "amount": 0.011, "side": "buy", "timestamp": 1765928688840}, {"id": "2674090089", "price": 2960.37, "amount": 0.1, "side": "sell", "timestamp": 1765928689020}, {"id": "2674090090", "price": 2960.38, "amount": 4.034, "side": "buy", "timestamp": 1765928689037}, {"id": "2674090091", "price": 2960.39, "amount": 0.007, "side": "buy", "timestamp": 1765928689038}, {"id": "2674090092", "price": 2960.4, "amount": 0.059, "side": "buy", "timestamp": 1765928689038}, {"id": "2674090093", "price": 2960.41, "amount": 6.384, "side": "buy", "timestamp": 1765928689041}, {"id": "2674090094", "price": 2960.41, "amount": 1.013, "side": "sell", "timestamp": 1765928689314}, {"id": "2674090095", "price": 2960.42, "amount": 0.5, "side": "buy", "timestamp": 1765928689372}, {"id": "2674090096", "price": 2960.41, "amount": 0.106, "side": "sell", "timestamp": 1765928689376}, {"id": "2674091205", "price": 2963.2, "amount": 0.05, "side": "buy", "timestamp": 1765928739370}, {"id": "2674091206", "price": 2963.2, "amount": 0.049, "side": "sell", "timestamp": 1765928739496}, {"id": "2674091207", "price": 2963.2, "amount": 0.202, "side": "sell", "timestamp": 1765928739683}, {"id": "2674091208", "price": 2963.21, "amount": 0.209, "side": "buy", "timestamp": 1765928739758}, {"id": "2674091209", "price": 2963.2, "amount": 0.507, "side": "sell", "timestamp": 1765928739842}, {"id": "2674091210", "price": 2963.21, "amount": 0.611, "side": "buy", "timestamp": 1765928739859}, {"id": "2674091211", "price": 2963.21, "amount": 0.337, "side": "buy", "timestamp": 1765928740007}, {"id": "2674091212", "price": 2963.2, "amount": 5.568, "side": "sell", "timestamp": 1765928740116}, {"id": "2674091213", "price": 2963.21, "amount": 0.008, "side": "buy", "timestamp": 1765928740153}, {"id": "2674091214", "price": 2963.21, "amount": 0.169, "side": "buy", "timestamp": 1765928740325}, {"id": "2674091215", "price": 2963.2, "amount": 17.798, "side": "sell", "timestamp": 1765928740327}, {"id": "2674091216", "price": 2963.19, "amount": 0.049, "side": "sell", "timestamp": 1765928740330}, {"id": "2674091217", "price": 2963.18, "amount": 3.07, "side": "buy", "timestamp": 1765928740338}, {"id": "2674091218", "price": 2963.18, "amount": 0.75, "side": "buy", "timestamp": 1765928740511}, {"id": "2674091219", "price": 2963.17, "amount": 1.0, "side": "sell", "timestamp": 1765928740584}, {"id": "2674091220", "price": 2963.18, "amount": 2.057, "side": "buy", "timestamp": 1765928740651}, {"id": "2674091221", "price": 2963.18, "amount": 4.005, "side": "buy", "timestamp": 1765928741033}, {"id": "2674091222", "price": 2963.18, "amount": 0.198, "side": "buy", "timestamp": 1765928741211}, {"id": "2674091223", "price": 2963.19, "amount": 0.007, "side": "buy", "timestamp": 1765928741211}, {"id": "2674091224", "price": 2963.21, "amount": 0.044, "side": "buy", "timestamp": 1765928741211}, {"id": "2674091225", "price": 2963.22, "amount": 0.383, "side": "buy", "timestamp": 1765928741215}, {"id": "2674091226", "price": 2963.23, "amount": 0.03, "side": "buy", "timestamp": 1765928741215}, {"id": "2674091227", "price": 2963.24, "amount": 0.303, "side": "buy", "timestamp": 1765928741218}, {"id": "2674091228", "price": 2963.24, "amount": 0.193, "side": "sell", "timestamp": 1765928741220}, {"id": "2674091229", "price": 2963.25, "amount": 0.296, "side": "buy", "timestamp": 1765928741221}, {"id": "2674091230", "price": 2963.25, "amount": 1.0, "side": "sell", "timestamp": 1765928741229}, {"id": "2674091231", "price": 2963.26, "amount": 1.019, "side": "buy", "timestamp": 1765928741356}, {"id": "2674091232", "price": 2963.27, "amount": 0.094, "side": "buy", "timestamp": 1765928741356}, {"id": "2674091233", "price": 2963.28, "amount": 0.169, "side": "buy", "timestamp": 1765928741356}, {"id": "2674091234", "price": 2963.29, "amount": 1.169, "side": "buy", "timestamp": 1765928741356}, {"id": "2674091235", "price": 2963.3, "amount": 0.054, "side": "buy", "timestamp": 1765928741356}, {"id": "2674091236", "price": 2963.31, "amount": 1.51, "side": "buy", "timestamp": 1765928741356}, {"id": "2674091237", "price": 2963.32, "amount": 0.077, "side": "buy", "timestamp": 1765928741356}, {"id": "2674091238", "price": 2963.33, "amount": 1.324, "side": "buy", "timestamp": 1765928741356}, {"id": "2674091239", "price": 2963.34, "amount": 0.031, "side": "buy", "timestamp": 1765928741356}, {"id": "2674091240", "price": 2963.35, "amount": 7.268, "side": "buy", "timestamp": 1765928741359}, {"id": "2674091241", "price": 2963.34, "amount": 0.01, "side": "sell", "timestamp": 1765928741518}, {"id": "2674091242", "price": 2963.35, "amount": 7.696, "side": "buy", "timestamp": 1765928741709}, {"id": "2674091243", "price": 2963.36, "amount": 0.017, "side": "buy", "timestamp": 1765928741752}, {"id": "2674091244", "price": 2963.37, "amount": 0.192, "side": "buy", "timestamp": 1765928741752}, {"id": "2674091245", "price": 2963.38, "amount": 0.076, "side": "buy", "timestamp": 1765928741752}, {"id": "2674091246", "price": 2963.39, "amount": 0.076, "side": "buy", "timestamp": 1765928741752}, {"id": "2674091247", "price": 2963.4, "amount": 3.94, "side": "buy", "timestamp": 1765928741752}, {"id": "2674091248", "price": 2963.41, "amount": 0.148, "side": "buy", "timestamp": 1765928741820}, {"id": "2674091249", "price": 2963.42, "amount": 0.05, "side": "buy", "timestamp": 1765928741820}, {"id": "2674091250", "price": 2963.43, "amount": 0.015, "side": "buy", "timestamp": 1765928741820}, {"id": "2674091251", "price": 2963.44, "amount": 0.067, "side": "buy", "timestamp": 1765928741823}, {"id": "2674091252", "price": 2963.45, "amount": 0.519, "side": "buy", "timestamp": 1765928741827}, {"id": "2674091253", "price": 2963.46, "amount": 3.367, "side": "buy", "timestamp": 1765928742037}, {"id": "2674091254", "price": 2963.45, "amount": 1.337, "side": "sell", "timestamp": 1765928742114}, {"id": "2674092455", "price": 2958.94, "amount": 0.023, "side": "buy", "timestamp": 1765928792229}, {"id": "2674092456", "price": 2958.95, "amount": 0.041, "side": "buy", "timestamp": 1765928792229}, {"id": "2674092457", "price": 2958.96, "amount": 0.032, "side": "buy", "timestamp": 1765928792229}, {"id": "2674092458", "price": 2958.97, "amount": 0.1, "side": "buy", "timestamp": 1765928792229}, {"id": "2674092459", "price": 2958.98, "amount": 0.109, "side": "buy", "timestamp": 1765928792233}, {"id": "2674092460", "price": 2958.99, "amount": 0.007, "side": "buy", "timestamp": 1765928792244}, {"id": "2674092461", "price": 2959.0, "amount": 0.009, "side": "buy", "timestamp": 1765928792244}, {"id": "2674092462", "price": 2959.01, "amount": 0.041, "side": "buy", "timestamp": 1765928792247}, {"id": "2674092463", "price": 2959.02, "amount": 0.008, "side": "buy", "timestamp": 1765928792247}, {"id": "2674092464", "price": 2959.03, "amount": 0.009, "side": "buy", "timestamp": 1765928792247}, {"id": "2674092465", "price": 2959.04, "amount": 0.057, "side": "buy", "timestamp": 1765928792247}, {"id": "2674092466", "price": 2959.05, "amount": 0.009, "side": "buy", "timestamp": 1765928792247}, {"id": "2674092467", "price": 2959.06, "amount": 0.023, "side": "buy", "timestamp": 1765928792247}, {"id": "2674092468", "price": 2959.07, "amount": 0.041, "side": "buy", "timestamp": 1765928792255}, {"id": "2674092469", "price": 2959.06, "amount": 0.137, "side": "sell", "timestamp": 1765928792281}, {"id": "2674092470", "price": 2959.07, "amount": 2.952, "side": "buy", "timestamp": 1765928792313}, {"id": "2674092471", "price": 2959.06, "amount": 0.084, "side": "sell", "timestamp": 1765928792330}, {"id": "2674092472", "price": 2959.07, "amount": 0.35, "side": "buy", "timestamp": 1765928792340}, {"id": "2674092473", "price": 2959.08, "amount": 0.176, "side": "buy", "timestamp": 1765928792340}, {"id": "2674092474", "price": 2959.1, "amount": 0.071, "side": "buy", "timestamp": 1765928792340}, {"id": "2674092475", "price": 2959.11, "amount": 0.022, "side": "buy", "timestamp": 1765928792342}, {"id": "2674092476", "price": 2959.12, "amount": 0.178, "side": "buy", "timestamp": 1765928792342}, {"id": "2674092477", "price": 2959.14, "amount": 0.057, "side": "buy", "timestamp": 1765928792342}, {"id": "2674092478", "price": 2959.15, "amount": 0.008, "side": "buy", "timestamp": 1765928792343}, {"id": "2674092479", "price": 2959.16, "amount": 0.317, "side": "buy", "timestamp": 1765928792349}, {"id": "2674092480", "price": 2959.18, "amount": 0.048, "side": "buy", "timestamp": 1765928792349}, {"id": "2674092481", "price": 2959.19, "amount": 0.009, "side": "buy", "timestamp": 1765928792349}, {"id": "2674092482", "price": 2959.2, "amount": 0.047, "side": "buy", "timestamp": 1765928792349}, {"id": "2674092483", "price": 2959.21, "amount": 0.052, "side": "buy", "timestamp": 1765928792349}, {"id": "2674092484", "price": 2959.22, "amount": 0.014, "side": "buy", "timestamp": 1765928792349}, {"id": "2674092485", "price": 2959.23, "amount": 0.016, "side": "buy", "timestamp": 1765928792349}, {"id": "2674092486", "price": 2959.24, "amount": 0.041, "side": "buy", "timestamp": 1765928792349}, {"id": "2674092487", "price": 2959.25, "amount": 0.009, "side": "buy", "timestamp": 1765928792349}, {"id": "2674092488", "price": 2959.26, "amount": 0.033, "side": "buy", "timestamp": 1765928792349}, {"id": "2674092489", "price": 2959.27, "amount": 0.263, "side": "buy", "timestamp": 1765928792353}, {"id": "2674092490", "price": 2959.26, "amount": 0.546, "side": "sell", "timestamp": 1765928792743}, {"id": "2674092491", "price": 2959.26, "amount": 0.029, "side": "sell", "timestamp": 1765928793030}, {"id": "2674092492", "price": 2959.27, "amount": 0.338, "side": "buy", "timestamp": 1765928793055}, {"id": "2674092493", "price": 2959.26, "amount": 0.787, "side": "sell", "timestamp": 1765928793071}, {"id": "2674092494", "price": 2959.26, "amount": 16.996, "side": "sell", "timestamp": 1765928793352}, {"id": "2674092495", "price": 2959.27, "amount": 1.0, "side": "buy", "timestamp": 1765928793423}, {"id": "2674092496", "price": 2959.26, "amount": 1.23, "side": "sell", "timestamp": 1765928793583}, {"id": "2674092497", "price": 2959.26, "amount": 0.203, "side": "sell", "timestamp": 1765928793791}, {"id": "2674092498", "price": 2959.27, "amount": 0.052, "side": "buy", "timestamp": 1765928793959}, {"id": "2674092499", "price": 2959.26, "amount": 0.084, "side": "sell", "timestamp": 1765928794072}, {"id": "2674092500", "price": 2959.27, "amount": 0.338, "side": "buy", "timestamp": 1765928794203}, {"id": "2674092501", "price": 2959.26, "amount": 0.17, "side": "sell", "timestamp": 1765928794222}, {"id": "2674092502", "price": 2959.26, "amount": 0.084, "side": "sell", "timestamp": 1765928794675}, {"id": "2674092503", "price": 2959.26, "amount": 0.832, "side": "sell", "timestamp": 1765928794886}, {"id": "2674092504", "price": 2959.27, "amount": 0.338, "side": "buy", "timestamp": 1765928795035}, {"id": "2674093364", "price": 2960.9, "amount": 0.05, "side": "buy", "timestamp": 1765928843036}, {"id": "2674093365", "price": 2960.91, "amount": 0.008, "side": "buy", "timestamp": 1765928843036}, {"id": "2674093366", "price": 2960.92, "amount": 0.176, "side": "buy", "timestamp": 1765928843036}, {"id": "2674093367", "price": 2960.93, "amount": 0.543, "side": "buy", "timestamp": 1765928843039}, {"id": "2674093368", "price": 2960.93, "amount": 0.158, "side": "buy", "timestamp": 1765928843179}, {"id": "2674093369", "price": 2960.93, "amount": 1.397, "side": "buy", "timestamp": 1765928843381}, {"id": "2674093370", "price": 2960.94, "amount": 0.007, "side": "buy", "timestamp": 1765928843384}, {"id": "2674093371", "price": 2960.95, "amount": 0.011, "side": "buy", "timestamp": 1765928843384}, {"id": "2674093372", "price": 2960.95, "amount": 0.004, "side": "sell", "timestamp": 1765928843681}, {"id": "2674093373", "price": 2960.96, "amount": 0.022, "side": "buy", "timestamp": 1765928843936}, {"id": "2674093374", "price": 2960.95, "amount": 0.01, "side": "sell", "timestamp": 1765928844188}, {"id": "2674093375", "price": 2960.96, "amount": 1.23, "side": "buy", "timestamp": 1765928844216}, {"id": "2674093376", "price": 2960.97, "amount": 0.007, "side": "buy", "timestamp": 1765928844217}, {"id": "2674093377", "price": 2960.99, "amount": 0.058, "side": "buy", "timestamp": 1765928844217}, {"id": "2674093378", "price": 2961.0, "amount": 2.674, "side": "buy", "timestamp": 1765928844217}, {"id": "2674093379", "price": 2961.01, "amount": 0.03, "side": "buy", "timestamp": 1765928844217}, {"id": "2674093380", "price": 2961.02, "amount": 0.052, "side": "buy", "timestamp": 1765928844217}, {"id": "2674093381", "price": 2961.03, "amount": 0.029, "side": "buy", "timestamp": 1765928844217}, {"id": "2674093382", "price": 2961.04, "amount": 0.009, "side": "buy", "timestamp": 1765928844217}, {"id": "2674093383", "price": 2961.05, "amount": 0.962, "side": "buy", "timestamp": 1765928844217}, {"id": "2674093384", "price": 2961.06, "amount": 0.007, "side": "buy", "timestamp": 1765928844217}, {"id": "2674093385", "price": 2961.07, "amount": 0.008, "side": "buy", "timestamp": 1765928844217}, {"id": "2674093386", "price": 2961.08, "amount": 0.2, "side": "buy", "timestamp": 1765928844217}, {"id": "2674093387", "price": 2961.09, "amount": 0.008, "side": "buy", "timestamp": 1765928844217}, {"id": "2674093388", "price": 2961.11, "amount": 0.127, "side": "buy", "timestamp": 1765928844217}, {"id": "2674093389", "price": 2961.12, "amount": 0.023, "side": "buy", "timestamp": 1765928844217}, {"id": "2674093390", "price": 2961.13, "amount": 0.023, "side": "buy", "timestamp": 1765928844217}, {"id": "2674093391", "price": 2961.14, "amount": 0.048, "side": "buy", "timestamp": 1765928844217}, {"id": "2674093392", "price": 2961.15, "amount": 0.031, "side": "buy", "timestamp": 1765928844217}, {"id": "2674093393", "price": 2961.16, "amount": 0.014, "side": "buy", "timestamp": 1765928844217}, {"id": "2674093394", "price": 2961.17, "amount": 0.357, "side": "buy", "timestamp": 1765928844217}, {"id": "2674093395", "price": 2961.16, "amount": 0.068, "side": "sell", "timestamp": 1765928844289}, {"id": "2674093396", "price": 2961.17, "amount": 0.098, "side": "buy", "timestamp": 1765928844348}, {"id": "2674093397", "price": 2961.18, "amount": 2.884, "side": "buy", "timestamp": 1765928844353}, {"id": "2674093398", "price": 2961.18, "amount": 0.011, "side": "buy", "timestamp": 1765928844700}, {"id": "2674093399", "price": 2961.17, "amount": 3.888, "side": "sell", "timestamp": 1765928844742}, {"id": "2674093400", "price": 2961.18, "amount": 0.239, "side": "buy", "timestamp": 1765928844851}, {"id": "2674093401", "price": 2961.17, "amount": 4.982, "side": "sell", "timestamp": 1765928844962}, {"id": "2674093402", "price": 2961.18, "amount": 0.827, "side": "buy", "timestamp": 1765928844979}, {"id": "2674093403", "price": 2961.17, "amount": 0.029, "side": "sell", "timestamp": 1765928845016}, {"id": "2674093404", "price": 2961.18, "amount": 0.026, "side": "buy", "timestamp": 1765928845056}, {"id": "2674093405", "price": 2961.18, "amount": 0.055, "side": "buy", "timestamp": 1765928845393}, {"id": "2674093406", "price": 2961.17, "amount": 0.496, "side": "sell", "timestamp": 1765928845446}, {"id": "2674093407", "price": 2961.18, "amount": 0.835, "side": "buy", "timestamp": 1765928845610}, {"id": "2674093408", "price": 2961.18, "amount": 1.597, "side": "buy", "timestamp": 1765928845906}, {"id": "2674093409", "price": 2961.17, "amount": 1.269, "side": "sell", "timestamp": 1765928846352}, {"id": "2674093410", "price": 2961.18, "amount": 0.052, "side": "buy", "timestamp": 1765928846379}, {"id": "2674093411", "price": 2961.17, "amount": 0.337, "side": "sell", "timestamp": 1765928846625}, {"id": "2674093412", "price": 2961.18, "amount": 0.133, "side": "buy", "timestamp": 1765928846842}, {"id": "2674093413", "price": 2961.17, "amount": 1.741, "side": "sell", "timestamp": 1765928846893}, {"id": "2674093935", "price": 2962.09, "amount": 1.523, "side": "buy", "timestamp": 1765928892932}, {"id": "2674093936", "price": 2962.1, "amount": 0.055, "side": "buy", "timestamp": 1765928892961}, {"id": "2674093937", "price": 2962.11, "amount": 0.009, "side": "buy", "timestamp": 1765928892961}, {"id": "2674093938", "price": 2962.12, "amount": 0.335, "side": "buy", "timestamp": 1765928892961}, {"id": "2674093939", "price": 2962.13, "amount": 0.041, "side": "buy", "timestamp": 1765928892961}, {"id": "2674093940", "price": 2962.15, "amount": 0.021, "side": "buy", "timestamp": 1765928892964}, {"id": "2674093941", "price": 2962.16, "amount": 0.184, "side": "buy", "timestamp": 1765928892964}, {"id": "2674093942", "price": 2962.17, "amount": 0.015, "side": "buy", "timestamp": 1765928892964}, {"id": "2674093943", "price": 2962.18, "amount": 0.025, "side": "buy", "timestamp": 1765928892964}, {"id": "2674093944", "price": 2962.19, "amount": 0.09, "side": "buy", "timestamp": 1765928892971}, {"id": "2674093945", "price": 2962.2, "amount": 0.374, "side": "buy", "timestamp": 1765928892974}, {"id": "2674093946", "price": 2962.21, "amount": 0.007, "side": "buy", "timestamp": 1765928892974}, {"id": "2674093947", "price": 2962.22, "amount": 0.062, "side": "buy", "timestamp": 1765928892978}, {"id": "2674093948", "price": 2962.23, "amount": 0.007, "side": "buy", "timestamp": 1765928892978}, {"id": "2674093949", "price": 2962.24, "amount": 0.022, "side": "buy", "timestamp": 1765928892978}, {"id": "2674093950", "price": 2962.25, "amount": 0.228, "side": "buy", "timestamp": 1765928893054}, {"id": "2674093951", "price": 2962.24, "amount": 0.011, "side": "sell", "timestamp": 1765928893076}, {"id": "2674093952", "price": 2962.25, "amount": 0.005, "side": "buy", "timestamp": 1765928893289}, {"id": "2674093953", "price": 2962.24, "amount": 6.355, "side": "sell", "timestamp": 1765928893327}, {"id": "2674093954", "price": 2962.24, "amount": 0.039, "side": "sell", "timestamp": 1765928893569}, {"id": "2674093955", "price": 2962.25, "amount": 0.341, "side": "buy", "timestamp": 1765928893600}, {"id": "2674093956", "price": 2962.24, "amount": 0.342, "side": "sell", "timestamp": 1765928893623}, {"id": "2674093957", "price": 2962.24, "amount": 1.0, "side": "sell", "timestamp": 1765928893758}, {"id": "2674093958", "price": 2962.24, "amount": 0.705, "side": "sell", "timestamp": 1765928894040}, {"id": "2674093959", "price": 2962.25, "amount": 0.646, "side": "buy", "timestamp": 1765928894137}, {"id": "2674093960", "price": 2962.25, "amount": 0.68, "side": "buy", "timestamp": 1765928894325}, {"id": "2674093961", "price": 2962.24, "amount": 0.168, "side": "sell", "timestamp": 1765928894642}, {"id": "2674093962", "price": 2962.25, "amount": 0.537, "side": "buy", "timestamp": 1765928894769}, {"id": "2674093963", "price": 2962.24, "amount": 0.01, "side": "sell", "timestamp": 1765928894934}, {"id": "2674093964", "price": 2962.25, "amount": 0.068, "side": "buy", "timestamp": 1765928895054}, {"id": "2674093965", "price": 2962.25, "amount": 0.338, "side": "buy", "timestamp": 1765928895157}, {"id": "2674093966", "price": 2962.24, "amount": 1.483, "side": "sell", "timestamp": 1765928895415}, {"id": "2674093967", "price": 2962.24, "amount": 0.084, "side": "sell", "timestamp": 1765928895532}, {"id": "2674093968", "price": 2962.25, "amount": 0.338, "side": "buy", "timestamp": 1765928896171}, {"id": "2674093969", "price": 2962.25, "amount": 0.033, "side": "buy", "timestamp": 1765928896751}, {"id": "2674093970", "price": 2962.24, "amount": 1.173, "side": "sell", "timestamp": 1765928896803}, {"id": "2674093971", "price": 2962.25, "amount": 0.345, "side": "buy", "timestamp": 1765928897187}, {"id": "2674093972", "price": 2962.24, "amount": 0.271, "side": "sell", "timestamp": 1765928897376}, {"id": "2674093973", "price": 2962.24, "amount": 3.525, "side": "sell", "timestamp": 1765928897603}, {"id": "2674093974", "price": 2962.25, "amount": 0.011, "side": "buy", "timestamp": 1765928898024}, {"id": "2674093975", "price": 2962.25, "amount": 0.338, "side": "buy", "timestamp": 1765928898205}, {"id": "2674093976", "price": 2962.25, "amount": 0.074, "side": "buy", "timestamp": 1765928898834}, {"id": "2674093977", "price": 2962.25, "amount": 0.338, "side": "buy", "timestamp": 1765928899032}, {"id": "2674093978", "price": 2962.24, "amount": 0.011, "side": "sell", "timestamp": 1765928899047}, {"id": "2674093979", "price": 2962.24, "amount": 0.113, "side": "sell", "timestamp": 1765928899155}, {"id": "2674093980", "price": 2962.25, "amount": 0.351, "side": "buy", "timestamp": 1765928899579}, {"id": "2674093981", "price": 2962.24, "amount": 3.0, "side": "sell", "timestamp": 1765928899747}, {"id": "2674093982", "price": 2962.25, "amount": 0.145, "side": "buy", "timestamp": 1765928899889}, {"id": "2674093983", "price": 2962.24, "amount": 0.067, "side": "sell", "timestamp": 1765928900030}, {"id": "2674093984", "price": 2962.25, "amount": 0.355, "side": "buy", "timestamp": 1765928900041}, {"id": "2674094929", "price": 2961.55, "amount": 0.014, "side": "sell", "timestamp": 1765928948248}, {"id": "2674094930", "price": 2961.54, "amount": 0.065, "side": "sell", "timestamp": 1765928948248}, {"id": "2674094931", "price": 2961.53, "amount": 0.039, "side": "sell", "timestamp": 1765928948248}, {"id": "2674094932", "price": 2961.52, "amount": 0.169, "side": "sell", "timestamp": 1765928948249}, {"id": "2674094933", "price": 2961.51, "amount": 0.105, "side": "sell", "timestamp": 1765928948249}, {"id": "2674094934", "price": 2961.5, "amount": 0.009, "side": "sell", "timestamp": 1765928948249}, {"id": "2674094935", "price": 2961.49, "amount": 0.041, "side": "sell", "timestamp": 1765928948250}, {"id": "2674094936", "price": 2961.48, "amount": 0.185, "side": "sell", "timestamp": 1765928948250}, {"id": "2674094937", "price": 2961.47, "amount": 0.05, "side": "sell", "timestamp": 1765928948250}, {"id": "2674094938", "price": 2961.46, "amount": 0.024, "side": "sell", "timestamp": 1765928948250}, {"id": "2674094939", "price": 2961.45, "amount": 0.025, "side": "sell", "timestamp": 1765928948250}, {"id": "2674094940", "price": 2961.44, "amount": 0.048, "side": "sell", "timestamp": 1765928948257}, {"id": "2674094941", "price": 2961.43, "amount": 0.007, "side": "sell", "timestamp": 1765928948257}, {"id": "2674094942", "price": 2961.42, "amount": 0.025, "side": "sell", "timestamp": 1765928948257}, {"id": "2674094943", "price": 2961.41, "amount": 0.117, "side": "sell", "timestamp": 1765928948257}, {"id": "2674094944", "price": 2961.4, "amount": 0.032, "side": "sell", "timestamp": 1765928948257}, {"id": "2674094945", "price": 2961.4, "amount": 0.32, "side": "buy", "timestamp": 1765928948269}, {"id": "2674094946", "price": 2961.4, "amount": 18.883, "side": "buy", "timestamp": 1765928948442}, {"id": "2674094947", "price": 2961.39, "amount": 0.014, "side": "sell", "timestamp": 1765928948444}, {"id": "2674094948", "price": 2961.38, "amount": 0.048, "side": "sell", "timestamp": 1765928948444}, {"id": "2674094949", "price": 2961.37, "amount": 0.009, "side": "sell", "timestamp": 1765928948444}, {"id": "2674094950", "price": 2961.36, "amount": 0.008, "side": "sell", "timestamp": 1765928948444}, {"id": "2674094951", "price": 2961.35, "amount": 0.023, "side": "sell", "timestamp": 1765928948444}, {"id": "2674094952", "price": 2961.34, "amount": 0.355, "side": "sell", "timestamp": 1765928948450}, {"id": "2674094953", "price": 2961.33, "amount": 0.014, "side": "sell", "timestamp": 1765928948450}, {"id": "2674094954", "price": 2961.31, "amount": 0.05, "side": "sell", "timestamp": 1765928948450}, {"id": "2674094955", "price": 2961.3, "amount": 0.018, "side": "sell", "timestamp": 1765928948450}, {"id": "2674094956", "price": 2961.29, "amount": 0.009, "side": "sell", "timestamp": 1765928948450}, {"id": "2674094957", "price": 2961.28, "amount": 0.066, "side": "sell", "timestamp": 1765928948450}, {"id": "2674094958", "price": 2961.27, "amount": 0.361, "side": "sell", "timestamp": 1765928948450}, {"id": "2674094959", "price": 2961.26, "amount": 0.016, "side": "sell", "timestamp": 1765928948450}, {"id": "2674094960", "price": 2961.25, "amount": 0.023, "side": "sell", "timestamp": 1765928948450}, {"id": "2674094961", "price": 2961.24, "amount": 0.09, "side": "sell", "timestamp": 1765928948450}, {"id": "2674094962", "price": 2961.23, "amount": 0.014, "side": "sell", "timestamp": 1765928948450}, {"id": "2674094963", "price": 2961.22, "amount": 0.302, "side": "sell", "timestamp": 1765928948450}, {"id": "2674094964", "price": 2961.23, "amount": 0.287, "side": "buy", "timestamp": 1765928948632}, {"id": "2674094965", "price": 2961.23, "amount": 0.338, "side": "buy", "timestamp": 1765928949009}, {"id": "2674094966", "price": 2961.22, "amount": 0.409, "side": "sell", "timestamp": 1765928949296}, {"id": "2674094967", "price": 2961.22, "amount": 7.151, "side": "sell", "timestamp": 1765928949901}, {"id": "2674094968", "price": 2961.23, "amount": 0.361, "side": "buy", "timestamp": 1765928950045}, {"id": "2674094969", "price": 2961.22, "amount": 0.01, "side": "sell", "timestamp": 1765928950099}, {"id": "2674094970", "price": 2961.23, "amount": 0.564, "side": "buy", "timestamp": 1765928950645}, {"id": "2674094971", "price": 2961.23, "amount": 0.168, "side": "buy", "timestamp": 1765928951044}, {"id": "2674094972", "price": 2961.22, "amount": 2.0, "side": "sell", "timestamp": 1765928951076}, {"id": "2674094973", "price": 2961.23, "amount": 0.338, "side": "buy", "timestamp": 1765928951179}, {"id": "2674094974", "price": 2961.22, "amount": 0.004, "side": "sell", "timestamp": 1765928951677}, {"id": "2674094975", "price": 2961.22, "amount": 0.05, "side": "sell", "timestamp": 1765928951855}, {"id": "2674094976", "price": 2961.22, "amount": 29.793, "side": "sell", "timestamp": 1765928952110}, {"id": "2674094977", "price": 2961.23, "amount": 0.338, "side": "buy", "timestamp": 1765928952190}, {"id": "2674094978", "price": 2961.23, "amount": 0.23, "side": "buy", "timestamp": 1765928952341}, {"id": "2674095634", "price": 2958.57, "amount": 0.32, "side": "sell", "timestamp": 1765929002522}, {"id": "2674095635", "price": 2958.56, "amount": 0.048, "side": "sell", "timestamp": 1765929002545}, {"id": "2674095636", "price": 2958.55, "amount": 0.009, "side": "sell", "timestamp": 1765929002545}, {"id": "2674095637", "price": 2958.53, "amount": 0.061, "side": "sell", "timestamp": 1765929002545}, {"id": "2674095638", "price": 2958.52, "amount": 0.009, "side": "sell", "timestamp": 1765929002545}, {"id": "2674095639", "price": 2958.51, "amount": 0.011, "side": "sell", "timestamp": 1765929002545}, {"id": "2674095640", "price": 2958.5, "amount": 0.048, "side": "sell", "timestamp": 1765929002545}, {"id": "2674095641", "price": 2958.49, "amount": 0.009, "side": "sell", "timestamp": 1765929002545}, {"id": "2674095642", "price": 2958.48, "amount": 0.084, "side": "sell", "timestamp": 1765929002682}, {"id": "2674095643", "price": 2958.49, "amount": 0.01, "side": "buy", "timestamp": 1765929002689}, {"id": "2674095644", "price": 2958.49, "amount": 13.602, "side": "buy", "timestamp": 1765929002918}, {"id": "2674095645", "price": 2958.49, "amount": 0.338, "side": "buy", "timestamp": 1765929003050}, {"id": "2674095646", "price": 2958.48, "amount": 0.855, "side": "sell", "timestamp": 1765929003251}, {"id": "2674095647", "price": 2958.49, "amount": 3.053, "side": "buy", "timestamp": 1765929003311}, {"id": "2674095648", "price": 2958.48, "amount": 0.1, "side": "sell", "timestamp": 1765929003352}, {"id": "2674095649", "price": 2958.49, "amount": 0.01, "side": "buy", "timestamp": 1765929003735}, {"id": "2674095650", "price": 2958.48, "amount": 5.862, "side": "sell", "timestamp": 1765929004018}, {"id": "2674095651", "price": 2958.47, "amount": 0.063, "side": "sell", "timestamp": 1765929004099}, {"id": "2674095652", "price": 2958.46, "amount": 0.176, "side": "sell", "timestamp": 1765929004102}, {"id": "2674095653", "price": 2958.44, "amount": 0.064, "side": "sell", "timestamp": 1765929004102}, {"id": "2674095654", "price": 2958.43, "amount": 0.041, "side": "sell", "timestamp": 1765929004106}, {"id": "2674095655", "price": 2958.42, "amount": 0.125, "side": "sell", "timestamp": 1765929004108}, {"id": "2674095656", "price": 2958.41, "amount": 0.069, "side": "sell", "timestamp": 1765929004108}, {"id": "2674095657", "price": 2958.4, "amount": 0.009, "side": "sell", "timestamp": 1765929004108}, {"id": "2674095658", "price": 2958.4, "amount": 163.716, "side": "buy", "timestamp": 1765929004210}, {"id": "2674095659", "price": 2958.41, "amount": 0.007, "side": "buy", "timestamp": 1765929004253}, {"id": "2674095660", "price": 2958.42, "amount": 0.041, "side": "buy", "timestamp": 1765929004253}, {"id": "2674095661", "price": 2958.43, "amount": 0.048, "side": "buy", "timestamp": 1765929004253}, {"id": "2674095662", "price": 2958.44, "amount": 0.009, "side": "buy", "timestamp": 1765929004253}, {"id": "2674095663", "price": 2958.45, "amount": 0.041, "side": "buy", "timestamp": 1765929004253}, {"id": "2674095664", "price": 2958.47, "amount": 0.023, "side": "buy", "timestamp": 1765929004253}, {"id": "2674095665", "price": 2958.48, "amount": 0.071, "side": "buy", "timestamp": 1765929004253}, {"id": "2674095666", "price": 2958.49, "amount": 0.073, "side": "buy", "timestamp": 1765929004253}, {"id": "2674095667", "price": 2958.5, "amount": 0.007, "side": "buy", "timestamp": 1765929004257}, {"id": "2674095668", "price": 2958.51, "amount": 0.009, "side": "buy", "timestamp": 1765929004257}, {"id": "2674095669", "price": 2958.52, "amount": 0.376, "side": "buy", "timestamp": 1765929004257}, {"id": "2674095670", "price": 2958.53, "amount": 0.009, "side": "buy", "timestamp": 1765929004257}, {"id": "2674095671", "price": 2958.56, "amount": 0.894, "side": "buy", "timestamp": 1765929004259}, {"id": "2674095672", "price": 2958.59, "amount": 0.14, "side": "buy", "timestamp": 1765929004264}, {"id": "2674095673", "price": 2958.6, "amount": 0.051, "side": "buy", "timestamp": 1765929004275}, {"id": "2674095674", "price": 2958.62, "amount": 0.007, "side": "buy", "timestamp": 1765929004278}, {"id": "2674095675", "price": 2958.65, "amount": 0.017, "side": "buy", "timestamp": 1765929004278}, {"id": "2674095676", "price": 2958.66, "amount": 0.055, "side": "buy", "timestamp": 1765929004278}, {"id": "2674095677", "price": 2958.68, "amount": 0.03, "side": "buy", "timestamp": 1765929004278}, {"id": "2674095678", "price": 2958.69, "amount": 0.049, "side": "buy", "timestamp": 1765929004278}, {"id": "2674095679", "price": 2958.7, "amount": 0.025, "side": "buy", "timestamp": 1765929004278}, {"id": "2674095680", "price": 2958.71, "amount": 0.019, "side": "buy", "timestamp": 1765929004278}, {"id": "2674095681", "price": 2958.71, "amount": 0.212, "side": "sell", "timestamp": 1765929004297}, {"id": "2674095682", "price": 2958.72, "amount": 0.587, "side": "buy", "timestamp": 1765929004606}, {"id": "2674095683", "price": 2958.71, "amount": 4.063, "side": "sell", "timestamp": 1765929004744}, {"id": "2674096097", "price": 2958.25, "amount": 0.25, "side": "sell", "timestamp": 1765929044926}, {"id": "2674096098", "price": 2958.26, "amount": 0.338, "side": "buy", "timestamp": 1765929045139}, {"id": "2674096099", "price": 2958.26, "amount": 3.045, "side": "buy", "timestamp": 1765929045390}, {"id": "2674096100", "price": 2958.25, "amount": 0.503, "side": "sell", "timestamp": 1765929045842}, {"id": "2674096101", "price": 2958.25, "amount": 1.033, "side": "sell", "timestamp": 1765929046078}, {"id": "2674096102", "price": 2958.26, "amount": 0.338, "side": "buy", "timestamp": 1765929046193}, {"id": "2674096103", "price": 2958.26, "amount": 0.101, "side": "buy", "timestamp": 1765929046880}, {"id": "2674096104", "price": 2958.26, "amount": 0.175, "side": "buy", "timestamp": 1765929046984}, {"id": "2674096105", "price": 2958.26, "amount": 0.338, "side": "buy", "timestamp": 1765929047203}, {"id": "2674096106", "price": 2958.25, "amount": 0.23, "side": "sell", "timestamp": 1765929047223}, {"id": "2674096107", "price": 2958.25, "amount": 1.69, "side": "sell", "timestamp": 1765929047349}, {"id": "2674096108", "price": 2958.26, "amount": 8.529, "side": "buy", "timestamp": 1765929047601}, {"id": "2674096109", "price": 2958.25, "amount": 0.521, "side": "sell", "timestamp": 1765929047840}, {"id": "2674096110", "price": 2958.25, "amount": 0.177, "side": "sell", "timestamp": 1765929047953}, {"id": "2674096111", "price": 2958.26, "amount": 0.338, "side": "buy", "timestamp": 1765929048032}, {"id": "2674096112", "price": 2958.25, "amount": 0.169, "side": "sell", "timestamp": 1765929048197}, {"id": "2674096113", "price": 2958.25, "amount": 0.009, "side": "sell", "timestamp": 1765929048461}, {"id": "2674096114", "price": 2958.25, "amount": 0.012, "side": "sell", "timestamp": 1765929048672}, {"id": "2674096115", "price": 2958.26, "amount": 0.338, "side": "buy", "timestamp": 1765929049054}, {"id": "2674096116", "price": 2958.25, "amount": 0.011, "side": "sell", "timestamp": 1765929049122}, {"id": "2674096117", "price": 2958.26, "amount": 0.002, "side": "buy", "timestamp": 1765929049136}, {"id": "2674096118", "price": 2958.25, "amount": 0.015, "side": "sell", "timestamp": 1765929049583}, {"id": "2674096119", "price": 2958.26, "amount": 0.338, "side": "buy", "timestamp": 1765929050126}, {"id": "2674096120", "price": 2958.25, "amount": 5.09, "side": "sell", "timestamp": 1765929050871}, {"id": "2674096121", "price": 2958.26, "amount": 0.338, "side": "buy", "timestamp": 1765929051188}, {"id": "2674096122", "price": 2958.25, "amount": 0.016, "side": "sell", "timestamp": 1765929051206}, {"id": "2674096123", "price": 2958.26, "amount": 0.338, "side": "buy", "timestamp": 1765929052109}, {"id": "2674096124", "price": 2958.26, "amount": 0.007, "side": "buy", "timestamp": 1765929053005}, {"id": "2674096125", "price": 2958.26, "amount": 0.338, "side": "buy", "timestamp": 1765929053144}, {"id": "2674096126", "price": 2958.25, "amount": 0.068, "side": "sell", "timestamp": 1765929053253}, {"id": "2674096127", "price": 2958.26, "amount": 0.003, "side": "buy", "timestamp": 1765929053370}, {"id": "2674096128", "price": 2958.26, "amount": 0.037, "side": "buy", "timestamp": 1765929053809}, {"id": "2674096129", "price": 2958.25, "amount": 2.398, "side": "sell", "timestamp": 1765929054078}, {"id": "2674096130", "price": 2958.26, "amount": 0.338, "side": "buy", "timestamp": 1765929054154}, {"id": "2674096131", "price": 2958.26, "amount": 0.169, "side": "buy", "timestamp": 1765929054623}, {"id": "2674096132", "price": 2958.26, "amount": 0.007, "side": "buy", "timestamp": 1765929054996}, {"id": "2674096133", "price": 2958.25, "amount": 0.011, "side": "sell", "timestamp": 1765929055024}, {"id": "2674096134", "price": 2958.26, "amount": 0.345, "side": "buy", "timestamp": 1765929055028}, {"id": "2674096135", "price": 2958.25, "amount": 0.033, "side": "sell", "timestamp": 1765929055087}, {"id": "2674096136", "price": 2958.26, "amount": 0.053, "side": "buy", "timestamp": 1765929055232}, {"id": "2674096137", "price": 2958.25, "amount": 1.339, "side": "sell", "timestamp": 1765929055572}, {"id": "2674096138", "price": 2958.25, "amount": 0.035, "side": "sell", "timestamp": 1765929055765}, {"id": "2674096139", "price": 2958.26, "amount": 0.008, "side": "buy", "timestamp": 1765929055848}, {"id": "2674096140", "price": 2958.25, "amount": 4.659, "side": "sell", "timestamp": 1765929056081}, {"id": "2674096141", "price": 2958.26, "amount": 0.338, "side": "buy", "timestamp": 1765929056168}, {"id": "2674096142", "price": 2958.25, "amount": 0.016, "side": "sell", "timestamp": 1765929056247}, {"id": "2674096143", "price": 2958.25, "amount": 0.012, "side": "sell", "timestamp": 1765929056349}, {"id": "2674096144", "price": 2958.26, "amount": 0.676, "side": "buy", "timestamp": 1765929056662}, {"id": "2674096145", "price": 2958.26, "amount": 0.338, "side": "buy", "timestamp": 1765929057179}, {"id": "2674096146", "price": 2958.25, "amount": 0.363, "side": "sell", "timestamp": 1765929057541}, {"id": "2674096591", "price": 2959.08, "amount": 5.209, "side": "sell", "timestamp": 1765929103070}, {"id": "2674096592", "price": 2959.07, "amount": 0.007, "side": "sell", "timestamp": 1765929103071}, {"id": "2674096593", "price": 2959.05, "amount": 0.041, "side": "sell", "timestamp": 1765929103073}, {"id": "2674096594", "price": 2959.04, "amount": 0.016, "side": "sell", "timestamp": 1765929103073}, {"id": "2674096595", "price": 2959.03, "amount": 0.014, "side": "sell", "timestamp": 1765929103073}, {"id": "2674096596", "price": 2959.02, "amount": 0.041, "side": "sell", "timestamp": 1765929103073}, {"id": "2674096597", "price": 2959.01, "amount": 0.023, "side": "sell", "timestamp": 1765929103073}, {"id": "2674096598", "price": 2958.99, "amount": 0.041, "side": "sell", "timestamp": 1765929103073}, {"id": "2674096599", "price": 2958.98, "amount": 0.016, "side": "sell", "timestamp": 1765929103073}, {"id": "2674096600", "price": 2958.96, "amount": 0.049, "side": "sell", "timestamp": 1765929103073}, {"id": "2674096601", "price": 2958.95, "amount": 0.009, "side": "sell", "timestamp": 1765929103073}, {"id": "2674096602", "price": 2958.93, "amount": 0.084, "side": "sell", "timestamp": 1765929103095}, {"id": "2674096603", "price": 2958.92, "amount": 0.007, "side": "sell", "timestamp": 1765929103097}, {"id": "2674096604", "price": 2958.9, "amount": 0.014, "side": "sell", "timestamp": 1765929103097}, {"id": "2674096605", "price": 2958.9, "amount": 0.338, "side": "buy", "timestamp": 1765929103195}, {"id": "2674096606", "price": 2958.89, "amount": 0.011, "side": "sell", "timestamp": 1765929103287}, {"id": "2674096607", "price": 2958.9, "amount": 25.722, "side": "buy", "timestamp": 1765929103745}, {"id": "2674096608", "price": 2958.9, "amount": 0.348, "side": "buy", "timestamp": 1765929104077}, {"id": "2674096609", "price": 2958.9, "amount": 0.031, "side": "buy", "timestamp": 1765929104267}, {"id": "2674096610", "price": 2958.89, "amount": 0.008, "side": "sell", "timestamp": 1765929104844}, {"id": "2674096611", "price": 2958.9, "amount": 0.023, "side": "buy", "timestamp": 1765929104855}, {"id": "2674096612", "price": 2958.89, "amount": 0.149, "side": "sell", "timestamp": 1765929105058}, {"id": "2674096613", "price": 2958.9, "amount": 0.338, "side": "buy", "timestamp": 1765929105066}, {"id": "2674096614", "price": 2958.89, "amount": 2.067, "side": "sell", "timestamp": 1765929105973}, {"id": "2674096615", "price": 2958.9, "amount": 0.338, "side": "buy", "timestamp": 1765929106089}, {"id": "2674096616", "price": 2958.89, "amount": 0.337, "side": "sell", "timestamp": 1765929106266}, {"id": "2674096617", "price": 2958.9, "amount": 0.004, "side": "buy", "timestamp": 1765929106587}, {"id": "2674096618", "price": 2958.9, "amount": 0.026, "side": "buy", "timestamp": 1765929106690}, {"id": "2674096619", "price": 2958.9, "amount": 2.953, "side": "buy", "timestamp": 1765929106884}, {"id": "2674096620", "price": 2958.9, "amount": 0.877, "side": "buy", "timestamp": 1765929107117}, {"id": "2674096621", "price": 2958.91, "amount": 0.048, "side": "buy", "timestamp": 1765929107215}, {"id": "2674096622", "price": 2958.93, "amount": 0.014, "side": "buy", "timestamp": 1765929107215}, {"id": "2674096623", "price": 2958.94, "amount": 0.05, "side": "buy", "timestamp": 1765929107215}, {"id": "2674096624", "price": 2958.96, "amount": 0.098, "side": "buy", "timestamp": 1765929107215}, {"id": "2674096625", "price": 2958.97, "amount": 0.064, "side": "buy", "timestamp": 1765929107215}, {"id": "2674096626", "price": 2958.98, "amount": 0.009, "side": "buy", "timestamp": 1765929107215}, {"id": "2674096627", "price": 2958.99, "amount": 0.028, "side": "buy", "timestamp": 1765929107215}, {"id": "2674096628", "price": 2959.0, "amount": 11.728, "side": "buy", "timestamp": 1765929107289}, {"id": "2674096629", "price": 2959.0, "amount": 0.358, "side": "buy", "timestamp": 1765929107547}, {"id": "2674096630", "price": 2959.0, "amount": 0.008, "side": "buy", "timestamp": 1765929107946}, {"id": "2674096631", "price": 2959.0, "amount": 0.046, "side": "buy", "timestamp": 1765929108052}, {"id": "2674096632", "price": 2959.0, "amount": 0.338, "side": "buy", "timestamp": 1765929108160}, {"id": "2674096633", "price": 2959.0, "amount": 0.034, "side": "buy", "timestamp": 1765929108306}, {"id": "2674096634", "price": 2959.0, "amount": 8.174, "side": "buy", "timestamp": 1765929108775}, {"id": "2674096635", "price": 2958.99, "amount": 0.011, "side": "sell", "timestamp": 1765929109153}, {"id": "2674096636", "price": 2959.0, "amount": 0.338, "side": "buy", "timestamp": 1765929109183}, {"id": "2674096637", "price": 2958.99, "amount": 0.037, "side": "sell", "timestamp": 1765929109250}, {"id": "2674096638", "price": 2958.99, "amount": 0.011, "side": "sell", "timestamp": 1765929109372}, {"id": "2674096639", "price": 2959.0, "amount": 0.007, "side": "buy", "timestamp": 1765929109887}, {"id": "2674096640", "price": 2958.99, "amount": 0.638, "side": "sell", "timestamp": 1765929109934}, {"id": "2674097221", "price": 2958.16, "amount": 0.01, "side": "sell", "timestamp": 1765929156788}, {"id": "2674097222", "price": 2958.17, "amount": 0.169, "side": "buy", "timestamp": 1765929156877}, {"id": "2674097223", "price": 2958.16, "amount": 0.011, "side": "sell", "timestamp": 1765929157039}, {"id": "2674097224", "price": 2958.17, "amount": 0.338, "side": "buy", "timestamp": 1765929157057}, {"id": "2674097225", "price": 2958.16, "amount": 0.511, "side": "sell", "timestamp": 1765929157645}, {"id": "2674097226", "price": 2958.17, "amount": 0.338, "side": "buy", "timestamp": 1765929158124}, {"id": "2674097227", "price": 2958.16, "amount": 0.314, "side": "sell", "timestamp": 1765929158563}, {"id": "2674097228", "price": 2958.15, "amount": 0.048, "side": "sell", "timestamp": 1765929158638}, {"id": "2674097229", "price": 2958.14, "amount": 0.009, "side": "sell", "timestamp": 1765929158638}, {"id": "2674097230", "price": 2958.12, "amount": 0.067, "side": "sell", "timestamp": 1765929158638}, {"id": "2674097231", "price": 2958.11, "amount": 0.056, "side": "sell", "timestamp": 1765929158638}, {"id": "2674097232", "price": 2958.1, "amount": 0.016, "side": "sell", "timestamp": 1765929158638}, {"id": "2674097233", "price": 2958.09, "amount": 0.029, "side": "sell", "timestamp": 1765929158640}, {"id": "2674097234", "price": 2958.08, "amount": 0.007, "side": "sell", "timestamp": 1765929158640}, {"id": "2674097235", "price": 2958.07, "amount": 0.057, "side": "sell", "timestamp": 1765929158640}, {"id": "2674097236", "price": 2958.06, "amount": 0.007, "side": "sell", "timestamp": 1765929158640}, {"id": "2674097237", "price": 2958.05, "amount": 0.009, "side": "sell", "timestamp": 1765929158640}, {"id": "2674097238", "price": 2958.04, "amount": 0.041, "side": "sell", "timestamp": 1765929158640}, {"id": "2674097239", "price": 2958.03, "amount": 0.025, "side": "sell", "timestamp": 1765929158640}, {"id": "2674097240", "price": 2958.01, "amount": 0.05, "side": "sell", "timestamp": 1765929158640}, {"id": "2674097241", "price": 2958.0, "amount": 0.83, "side": "sell", "timestamp": 1765929158770}, {"id": "2674097242", "price": 2957.99, "amount": 0.211, "side": "sell", "timestamp": 1765929158770}, {"id": "2674097243", "price": 2957.98, "amount": 0.009, "side": "sell", "timestamp": 1765929158770}, {"id": "2674097244", "price": 2957.97, "amount": 0.05, "side": "sell", "timestamp": 1765929158770}, {"id": "2674097245", "price": 2957.96, "amount": 0.007, "side": "sell", "timestamp": 1765929158770}, {"id": "2674097246", "price": 2957.95, "amount": 0.009, "side": "sell", "timestamp": 1765929158770}, {"id": "2674097247", "price": 2957.94, "amount": 0.049, "side": "sell", "timestamp": 1765929158770}, {"id": "2674097248", "price": 2957.93, "amount": 0.007, "side": "sell", "timestamp": 1765929158770}, {"id": "2674097249", "price": 2957.92, "amount": 0.024, "side": "sell", "timestamp": 1765929158770}, {"id": "2674097250", "price": 2957.91, "amount": 0.058, "side": "sell", "timestamp": 1765929158771}, {"id": "2674097251", "price": 2957.9, "amount": 0.021, "side": "sell", "timestamp": 1765929158771}, {"id": "2674097252", "price": 2957.89, "amount": 0.016, "side": "sell", "timestamp": 1765929158771}, {"id": "2674097253", "price": 2957.88, "amount": 0.274, "side": "sell", "timestamp": 1765929158771}, {"id": "2674097254", "price": 2957.87, "amount": 0.05, "side": "sell", "timestamp": 1765929158771}, {"id": "2674097255", "price": 2957.86, "amount": 0.023, "side": "sell", "timestamp": 1765929158771}, {"id": "2674097256", "price": 2957.85, "amount": 0.426, "side": "sell", "timestamp": 1765929158771}, {"id": "2674097257", "price": 2957.84, "amount": 1.046, "side": "sell", "timestamp": 1765929158771}, {"id": "2674097258", "price": 2957.82, "amount": 0.057, "side": "sell", "timestamp": 1765929158771}, {"id": "2674097259", "price": 2957.81, "amount": 0.041, "side": "sell", "timestamp": 1765929158771}, {"id": "2674097260", "price": 2957.81, "amount": 0.033, "side": "buy", "timestamp": 1765929158813}, {"id": "2674097261", "price": 2957.81, "amount": 0.338, "side": "buy", "timestamp": 1765929159018}, {"id": "2674097262", "price": 2957.81, "amount": 0.01, "side": "buy", "timestamp": 1765929159188}, {"id": "2674097263", "price": 2957.8, "amount": 2.0, "side": "sell", "timestamp": 1765929159671}, {"id": "2674097264", "price": 2957.81, "amount": 0.338, "side": "buy", "timestamp": 1765929160063}, {"id": "2674097265", "price": 2957.81, "amount": 0.003, "side": "buy", "timestamp": 1765929160275}, {"id": "2674097266", "price": 2957.81, "amount": 0.338, "side": "buy", "timestamp": 1765929161139}, {"id": "2674097267", "price": 2957.8, "amount": 0.431, "side": "sell", "timestamp": 1765929161908}, {"id": "2674097268", "price": 2957.81, "amount": 2.461, "side": "buy", "timestamp": 1765929162057}, {"id": "2674097269", "price": 2957.81, "amount": 0.005, "side": "buy", "timestamp": 1765929162469}, {"id": "2674097270", "price": 2957.8, "amount": 0.15, "side": "sell", "timestamp": 1765929162848}, {"id": "2674098095", "price": 2959.92, "amount": 0.007, "side": "buy", "timestamp": 1765929211145}, {"id": "2674098096", "price": 2959.94, "amount": 0.041, "side": "buy", "timestamp": 1765929211145}, {"id": "2674098097", "price": 2959.95, "amount": 0.177, "side": "buy", "timestamp": 1765929211145}, {"id": "2674098098", "price": 2959.96, "amount": 0.817, "side": "buy", "timestamp": 1765929211145}, {"id": "2674098099", "price": 2959.97, "amount": 0.055, "side": "buy", "timestamp": 1765929211149}, {"id": "2674098100", "price": 2959.98, "amount": 0.023, "side": "buy", "timestamp": 1765929211149}, {"id": "2674098101", "price": 2959.99, "amount": 0.007, "side": "buy", "timestamp": 1765929211149}, {"id": "2674098102", "price": 2960.0, "amount": 0.014, "side": "buy", "timestamp": 1765929211149}, {"id": "2674098103", "price": 2960.01, "amount": 0.028, "side": "buy", "timestamp": 1765929211155}, {"id": "2674098104", "price": 2960.02, "amount": 0.055, "side": "buy", "timestamp": 1765929211156}, {"id": "2674098105", "price": 2960.03, "amount": 0.007, "side": "buy", "timestamp": 1765929211156}, {"id": "2674098106", "price": 2960.04, "amount": 0.009, "side": "buy", "timestamp": 1765929211156}, {"id": "2674098107", "price": 2960.05, "amount": 0.007, "side": "buy", "timestamp": 1765929211156}, {"id": "2674098108", "price": 2960.06, "amount": 0.048, "side": "buy", "timestamp": 1765929211156}, {"id": "2674098109", "price": 2960.07, "amount": 0.009, "side": "buy", "timestamp": 1765929211156}, {"id": "2674098110", "price": 2960.09, "amount": 0.041, "side": "buy", "timestamp": 1765929211156}, {"id": "2674098111", "price": 2960.1, "amount": 0.022, "side": "buy", "timestamp": 1765929211159}, {"id": "2674098112", "price": 2960.11, "amount": 0.007, "side": "buy", "timestamp": 1765929211159}, {"id": "2674098113", "price": 2960.12, "amount": 0.041, "side": "buy", "timestamp": 1765929211159}, {"id": "2674098114", "price": 2960.13, "amount": 0.034, "side": "buy", "timestamp": 1765929211159}, {"id": "2674098115", "price": 2960.14, "amount": 0.534, "side": "buy", "timestamp": 1765929211162}, {"id": "2674098116", "price": 2960.14, "amount": 1.205, "side": "buy", "timestamp": 1765929211987}, {"id": "2674098117", "price": 2960.14, "amount": 0.009, "side": "buy", "timestamp": 1765929212446}, {"id": "2674098118", "price": 2960.14, "amount": 1.2, "side": "buy", "timestamp": 1765929213034}, {"id": "2674098119", "price": 2960.14, "amount": 0.008, "side": "buy", "timestamp": 1765929213153}, {"id": "2674098120", "price": 2960.14, "amount": 1.0, "side": "buy", "timestamp": 1765929213671}, {"id": "2674098121", "price": 2960.14, "amount": 1.195, "side": "buy", "timestamp": 1765929213954}, {"id": "2674098122", "price": 2960.14, "amount": 0.042, "side": "buy", "timestamp": 1765929214180}, {"id": "2674098123", "price": 2960.14, "amount": 8.266, "side": "buy", "timestamp": 1765929214424}, {"id": "2674098124", "price": 2960.15, "amount": 0.132, "side": "buy", "timestamp": 1765929214427}, {"id": "2674098125", "price": 2960.16, "amount": 0.007, "side": "buy", "timestamp": 1765929214427}, {"id": "2674098126", "price": 2960.17, "amount": 0.313, "side": "buy", "timestamp": 1765929214431}, {"id": "2674098127", "price": 2960.18, "amount": 0.041, "side": "buy", "timestamp": 1765929214431}, {"id": "2674098128", "price": 2960.19, "amount": 0.017, "side": "buy", "timestamp": 1765929214431}, {"id": "2674098129", "price": 2960.2, "amount": 0.043, "side": "buy", "timestamp": 1765929214431}, {"id": "2674098130", "price": 2960.21, "amount": 0.021, "side": "buy", "timestamp": 1765929214431}, {"id": "2674098131", "price": 2960.22, "amount": 0.048, "side": "buy", "timestamp": 1765929214431}, {"id": "2674098132", "price": 2960.23, "amount": 0.048, "side": "buy", "timestamp": 1765929214431}, {"id": "2674098133", "price": 2960.25, "amount": 0.688, "side": "buy", "timestamp": 1765929214434}, {"id": "2674098134", "price": 2960.25, "amount": 0.02, "side": "sell", "timestamp": 1765929214835}, {"id": "2674098135", "price": 2960.26, "amount": 6.138, "side": "buy", "timestamp": 1765929214937}, {"id": "2674098136", "price": 2960.27, "amount": 0.223, "side": "buy", "timestamp": 1765929215012}, {"id": "2674098137", "price": 2960.28, "amount": 0.008, "side": "buy", "timestamp": 1765929215012}, {"id": "2674098138", "price": 2960.29, "amount": 1.55, "side": "buy", "timestamp": 1765929215012}, {"id": "2674098139", "price": 2960.31, "amount": 0.014, "side": "buy", "timestamp": 1765929215015}, {"id": "2674098140", "price": 2960.32, "amount": 0.048, "side": "buy", "timestamp": 1765929215015}, {"id": "2674098141", "price": 2960.34, "amount": 0.044, "side": "buy", "timestamp": 1765929215015}, {"id": "2674098142", "price": 2960.35, "amount": 0.062, "side": "buy", "timestamp": 1765929215015}, {"id": "2674098143", "price": 2960.37, "amount": 0.017, "side": "buy", "timestamp": 1765929215015}, {"id": "2674098144", "price": 2960.37, "amount": 0.022, "side": "sell", "timestamp": 1765929215145}, {"id": "2674099013", "price": 2961.6, "amount": 0.025, "side": "buy", "timestamp": 1765929264051}, {"id": "2674099014", "price": 2961.62, "amount": 0.041, "side": "buy", "timestamp": 1765929264051}, {"id": "2674099015", "price": 2961.63, "amount": 0.023, "side": "buy", "timestamp": 1765929264051}, {"id": "2674099016", "price": 2961.64, "amount": 0.009, "side": "buy", "timestamp": 1765929264051}, {"id": "2674099017", "price": 2961.65, "amount": 0.055, "side": "buy", "timestamp": 1765929264051}, {"id": "2674099018", "price": 2961.66, "amount": 0.675, "side": "buy", "timestamp": 1765929264051}, {"id": "2674099019", "price": 2961.67, "amount": 0.023, "side": "buy", "timestamp": 1765929264052}, {"id": "2674099020", "price": 2961.68, "amount": 0.473, "side": "buy", "timestamp": 1765929264052}, {"id": "2674099021", "price": 2961.69, "amount": 0.014, "side": "buy", "timestamp": 1765929264052}, {"id": "2674099022", "price": 2961.7, "amount": 0.051, "side": "buy", "timestamp": 1765929264052}, {"id": "2674099023", "price": 2961.71, "amount": 0.014, "side": "buy", "timestamp": 1765929264052}, {"id": "2674099024", "price": 2961.72, "amount": 0.049, "side": "buy", "timestamp": 1765929264052}, {"id": "2674099025", "price": 2961.73, "amount": 0.023, "side": "buy", "timestamp": 1765929264052}, {"id": "2674099026", "price": 2961.74, "amount": 0.009, "side": "buy", "timestamp": 1765929264052}, {"id": "2674099027", "price": 2961.75, "amount": 1.505, "side": "buy", "timestamp": 1765929264052}, {"id": "2674099028", "price": 2961.76, "amount": 0.471, "side": "buy", "timestamp": 1765929264053}, {"id": "2674099029", "price": 2961.77, "amount": 3.557, "side": "buy", "timestamp": 1765929264053}, {"id": "2674099030", "price": 2961.78, "amount": 0.351, "side": "buy", "timestamp": 1765929264054}, {"id": "2674099031", "price": 2961.79, "amount": 0.052, "side": "buy", "timestamp": 1765929264054}, {"id": "2674099032", "price": 2961.8, "amount": 0.027, "side": "buy", "timestamp": 1765929264054}, {"id": "2674099033", "price": 2961.81, "amount": 0.037, "side": "buy", "timestamp": 1765929264054}, {"id": "2674099034", "price": 2961.83, "amount": 0.05, "side": "buy", "timestamp": 1765929264054}, {"id": "2674099035", "price": 2961.84, "amount": 0.007, "side": "buy", "timestamp": 1765929264054}, {"id": "2674099036", "price": 2961.85, "amount": 0.036, "side": "buy", "timestamp": 1765929264061}, {"id": "2674099037", "price": 2961.84, "amount": 0.546, "side": "sell", "timestamp": 1765929264066}, {"id": "2674099038", "price": 2961.85, "amount": 2.0, "side": "buy", "timestamp": 1765929264105}, {"id": "2674099039", "price": 2961.85, "amount": 0.013, "side": "buy", "timestamp": 1765929264529}, {"id": "2674099040", "price": 2961.84, "amount": 0.122, "side": "sell", "timestamp": 1765929264745}, {"id": "2674099041", "price": 2961.85, "amount": 8.9, "side": "buy", "timestamp": 1765929265012}, {"id": "2674099042", "price": 2961.84, "amount": 0.011, "side": "sell", "timestamp": 1765929265021}, {"id": "2674099043", "price": 2961.84, "amount": 2.858, "side": "sell", "timestamp": 1765929265897}, {"id": "2674099044", "price": 2961.85, "amount": 0.024, "side": "buy", "timestamp": 1765929266296}, {"id": "2674099045", "price": 2961.84, "amount": 1.355, "side": "sell", "timestamp": 1765929267211}, {"id": "2674099046", "price": 2961.84, "amount": 5.0, "side": "sell", "timestamp": 1765929267487}, {"id": "2674099047", "price": 2961.85, "amount": 0.07, "side": "buy", "timestamp": 1765929267605}, {"id": "2674099048", "price": 2961.84, "amount": 3.199, "side": "sell", "timestamp": 1765929267695}, {"id": "2674099049", "price": 2961.83, "amount": 0.008, "side": "sell", "timestamp": 1765929267695}, {"id": "2674099050", "price": 2961.82, "amount": 0.041, "side": "sell", "timestamp": 1765929267695}, {"id": "2674099051", "price": 2961.81, "amount": 0.168, "side": "sell", "timestamp": 1765929267695}, {"id": "2674099052", "price": 2961.8, "amount": 0.38, "side": "sell", "timestamp": 1765929267695}, {"id": "2674099053", "price": 2961.79, "amount": 0.055, "side": "sell", "timestamp": 1765929267695}, {"id": "2674099054", "price": 2961.78, "amount": 0.084, "side": "sell", "timestamp": 1765929267695}, {"id": "2674099055", "price": 2961.77, "amount": 0.014, "side": "sell", "timestamp": 1765929267699}, {"id": "2674099056", "price": 2961.76, "amount": 0.009, "side": "sell", "timestamp": 1765929267699}, {"id": "2674099057", "price": 2961.75, "amount": 0.392, "side": "sell", "timestamp": 1765929267704}, {"id": "2674099058", "price": 2961.74, "amount": 0.007, "side": "sell", "timestamp": 1765929267704}, {"id": "2674099059", "price": 2961.72, "amount": 0.043, "side": "sell", "timestamp": 1765929267712}, {"id": "2674099060", "price": 2961.71, "amount": 0.049, "side": "sell", "timestamp": 1765929267712}, {"id": "2674099061", "price": 2961.7, "amount": 0.012, "side": "sell", "timestamp": 1765929267712}, {"id": "2674099062", "price": 2961.68, "amount": 0.251, "side": "sell", "timestamp": 1765929267718}, {"id": "2674100217", "price": 2963.46, "amount": 74.583, "side": "buy", "timestamp": 1765929317513}, {"id": "2674100218", "price": 2963.47, "amount": 0.007, "side": "buy", "timestamp": 1765929317514}, {"id": "2674100219", "price": 2963.49, "amount": 0.014, "side": "buy", "timestamp": 1765929317514}, {"id": "2674100220", "price": 2963.5, "amount": 8.5, "side": "buy", "timestamp": 1765929317514}, {"id": "2674100221", "price": 2963.51, "amount": 0.014, "side": "buy", "timestamp": 1765929317514}, {"id": "2674100222", "price": 2963.52, "amount": 0.022, "side": "buy", "timestamp": 1765929317514}, {"id": "2674100223", "price": 2963.53, "amount": 0.13, "side": "buy", "timestamp": 1765929317514}, {"id": "2674100224", "price": 2963.54, "amount": 0.058, "side": "buy", "timestamp": 1765929317514}, {"id": "2674100225", "price": 2963.55, "amount": 0.037, "side": "buy", "timestamp": 1765929317514}, {"id": "2674100226", "price": 2963.56, "amount": 0.183, "side": "buy", "timestamp": 1765929317514}, {"id": "2674100227", "price": 2963.57, "amount": 0.54, "side": "buy", "timestamp": 1765929317514}, {"id": "2674100228", "price": 2963.58, "amount": 0.177, "side": "buy", "timestamp": 1765929317514}, {"id": "2674100229", "price": 2963.59, "amount": 0.583, "side": "buy", "timestamp": 1765929317514}, {"id": "2674100230", "price": 2963.6, "amount": 0.451, "side": "buy", "timestamp": 1765929317514}, {"id": "2674100231", "price": 2963.61, "amount": 0.038, "side": "buy", "timestamp": 1765929317516}, {"id": "2674100232", "price": 2963.62, "amount": 0.008, "side": "buy", "timestamp": 1765929317516}, {"id": "2674100233", "price": 2963.63, "amount": 0.071, "side": "buy", "timestamp": 1765929317516}, {"id": "2674100234", "price": 2963.64, "amount": 0.539, "side": "buy", "timestamp": 1765929317516}, {"id": "2674100235", "price": 2963.65, "amount": 0.014, "side": "buy", "timestamp": 1765929317516}, {"id": "2674100236", "price": 2963.66, "amount": 0.024, "side": "buy", "timestamp": 1765929317516}, {"id": "2674100237", "price": 2963.67, "amount": 0.071, "side": "buy", "timestamp": 1765929317516}, {"id": "2674100238", "price": 2963.68, "amount": 0.175, "side": "buy", "timestamp": 1765929317516}, {"id": "2674100239", "price": 2963.69, "amount": 0.028, "side": "buy", "timestamp": 1765929317517}, {"id": "2674100240", "price": 2963.7, "amount": 0.379, "side": "buy", "timestamp": 1765929317517}, {"id": "2674100241", "price": 2963.71, "amount": 0.055, "side": "buy", "timestamp": 1765929317517}, {"id": "2674100242", "price": 2963.73, "amount": 0.072, "side": "buy", "timestamp": 1765929317517}, {"id": "2674100243", "price": 2963.74, "amount": 0.008, "side": "buy", "timestamp": 1765929317518}, {"id": "2674100244", "price": 2963.75, "amount": 0.023, "side": "buy", "timestamp": 1765929317518}, {"id": "2674100245", "price": 2963.76, "amount": 0.041, "side": "buy", "timestamp": 1765929317518}, {"id": "2674100246", "price": 2963.77, "amount": 0.028, "side": "buy", "timestamp": 1765929317518}, {"id": "2674100247", "price": 2963.78, "amount": 0.324, "side": "buy", "timestamp": 1765929317518}, {"id": "2674100248", "price": 2963.79, "amount": 0.036, "side": "buy", "timestamp": 1765929317518}, {"id": "2674100249", "price": 2963.8, "amount": 0.007, "side": "buy", "timestamp": 1765929317518}, {"id": "2674100250", "price": 2963.81, "amount": 0.071, "side": "buy", "timestamp": 1765929317518}, {"id": "2674100251", "price": 2963.83, "amount": 14.938, "side": "buy", "timestamp": 1765929317518}, {"id": "2674100252", "price": 2963.83, "amount": 0.068, "side": "buy", "timestamp": 1765929317699}, {"id": "2674100253", "price": 2963.83, "amount": 0.674, "side": "buy", "timestamp": 1765929318070}, {"id": "2674100254", "price": 2963.83, "amount": 0.194, "side": "buy", "timestamp": 1765929318640}, {"id": "2674100255", "price": 2963.82, "amount": 0.498, "side": "sell", "timestamp": 1765929318818}, {"id": "2674100256", "price": 2963.83, "amount": 0.058, "side": "buy", "timestamp": 1765929318861}, {"id": "2674100257", "price": 2963.83, "amount": 0.049, "side": "buy", "timestamp": 1765929319029}, {"id": "2674100258", "price": 2963.82, "amount": 0.011, "side": "sell", "timestamp": 1765929319148}, {"id": "2674100259", "price": 2963.83, "amount": 0.008, "side": "buy", "timestamp": 1765929319280}, {"id": "2674100260", "price": 2963.82, "amount": 0.258, "side": "sell", "timestamp": 1765929319282}, {"id": "2674100261", "price": 2963.83, "amount": 0.404, "side": "buy", "timestamp": 1765929319374}, {"id": "2674100262", "price": 2963.83, "amount": 0.007, "side": "buy", "timestamp": 1765929319492}, {"id": "2674100263", "price": 2963.83, "amount": 1.714, "side": "buy", "timestamp": 1765929319719}, {"id": "2674100264", "price": 2963.83, "amount": 0.014, "side": "buy", "timestamp": 1765929320350}, {"id": "2674100265", "price": 2963.82, "amount": 0.431, "side": "sell", "timestamp": 1765929320371}, {"id": "2674100266", "price": 2963.82, "amount": 0.1, "side": "sell", "timestamp": 1765929320824}, {"id": "2674101039", "price": 2961.92, "amount": 0.009, "side": "buy", "timestamp": 1765929372529}, {"id": "2674101040", "price": 2961.93, "amount": 0.05, "side": "buy", "timestamp": 1765929372529}, {"id": "2674101041", "price": 2961.94, "amount": 0.009, "side": "buy", "timestamp": 1765929372529}, {"id": "2674101042", "price": 2961.95, "amount": 0.008, "side": "buy", "timestamp": 1765929372529}, {"id": "2674101043", "price": 2961.97, "amount": 0.059, "side": "buy", "timestamp": 1765929372529}, {"id": "2674101044", "price": 2961.98, "amount": 0.007, "side": "buy", "timestamp": 1765929372529}, {"id": "2674101045", "price": 2961.99, "amount": 0.125, "side": "buy", "timestamp": 1765929372529}, {"id": "2674101046", "price": 2962.0, "amount": 2.14, "side": "buy", "timestamp": 1765929372529}, {"id": "2674101047", "price": 2962.02, "amount": 0.675, "side": "buy", "timestamp": 1765929372529}, {"id": "2674101048", "price": 2962.03, "amount": 0.058, "side": "buy", "timestamp": 1765929372532}, {"id": "2674101049", "price": 2962.04, "amount": 0.467, "side": "buy", "timestamp": 1765929372532}, {"id": "2674101050", "price": 2962.05, "amount": 0.168, "side": "buy", "timestamp": 1765929372532}, {"id": "2674101051", "price": 2962.06, "amount": 0.064, "side": "buy", "timestamp": 1765929372532}, {"id": "2674101052", "price": 2962.07, "amount": 0.019, "side": "buy", "timestamp": 1765929372532}, {"id": "2674101053", "price": 2962.08, "amount": 0.881, "side": "buy", "timestamp": 1765929372532}, {"id": "2674101054", "price": 2962.09, "amount": 0.067, "side": "buy", "timestamp": 1765929372536}, {"id": "2674101055", "price": 2962.1, "amount": 0.192, "side": "buy", "timestamp": 1765929372536}, {"id": "2674101056", "price": 2962.11, "amount": 0.029, "side": "buy", "timestamp": 1765929372536}, {"id": "2674101057", "price": 2962.12, "amount": 0.461, "side": "buy", "timestamp": 1765929372562}, {"id": "2674101058", "price": 2962.15, "amount": 0.023, "side": "buy", "timestamp": 1765929372578}, {"id": "2674101059", "price": 2962.16, "amount": 0.05, "side": "buy", "timestamp": 1765929372578}, {"id": "2674101060", "price": 2962.17, "amount": 0.015, "side": "buy", "timestamp": 1765929372578}, {"id": "2674101061", "price": 2962.18, "amount": 0.05, "side": "buy", "timestamp": 1765929372578}, {"id": "2674101062", "price": 2962.19, "amount": 0.048, "side": "buy", "timestamp": 1765929372602}, {"id": "2674101063", "price": 2962.2, "amount": 0.016, "side": "buy", "timestamp": 1765929372602}, {"id": "2674101064", "price": 2962.21, "amount": 0.367, "side": "buy", "timestamp": 1765929372602}, {"id": "2674101065", "price": 2962.22, "amount": 0.041, "side": "buy", "timestamp": 1765929372602}, {"id": "2674101066", "price": 2962.24, "amount": 0.025, "side": "buy", "timestamp": 1765929372602}, {"id": "2674101067", "price": 2962.25, "amount": 0.041, "side": "buy", "timestamp": 1765929372603}, {"id": "2674101068", "price": 2962.26, "amount": 0.056, "side": "buy", "timestamp": 1765929372617}, {"id": "2674101069", "price": 2962.27, "amount": 0.023, "side": "buy", "timestamp": 1765929372617}, {"id": "2674101070", "price": 2962.29, "amount": 0.069, "side": "buy", "timestamp": 1765929372617}, {"id": "2674101071", "price": 2962.3, "amount": 0.009, "side": "buy", "timestamp": 1765929372617}, {"id": "2674101072", "price": 2962.31, "amount": 1.664, "side": "buy", "timestamp": 1765929372617}, {"id": "2674101073", "price": 2962.32, "amount": 0.064, "side": "buy", "timestamp": 1765929372618}, {"id": "2674101074", "price": 2962.33, "amount": 0.009, "side": "buy", "timestamp": 1765929372618}, {"id": "2674101075", "price": 2962.34, "amount": 0.022, "side": "buy", "timestamp": 1765929372618}, {"id": "2674101076", "price": 2962.35, "amount": 0.46, "side": "buy", "timestamp": 1765929372676}, {"id": "2674101077", "price": 2962.36, "amount": 0.048, "side": "buy", "timestamp": 1765929372763}, {"id": "2674101078", "price": 2962.38, "amount": 0.169, "side": "buy", "timestamp": 1765929372763}, {"id": "2674101079", "price": 2962.39, "amount": 0.009, "side": "buy", "timestamp": 1765929372782}, {"id": "2674101080", "price": 2962.4, "amount": 0.233, "side": "buy", "timestamp": 1765929372782}, {"id": "2674101081", "price": 2962.42, "amount": 0.555, "side": "buy", "timestamp": 1765929372782}, {"id": "2674101082", "price": 2962.41, "amount": 0.599, "side": "sell", "timestamp": 1765929372999}, {"id": "2674101083", "price": 2962.42, "amount": 0.471, "side": "buy", "timestamp": 1765929373233}, {"id": "2674101084", "price": 2962.43, "amount": 0.071, "side": "buy", "timestamp": 1765929373323}, {"id": "2674101085", "price": 2962.44, "amount": 0.017, "side": "buy", "timestamp": 1765929373323}, {"id": "2674101086", "price": 2962.46, "amount": 0.017, "side": "buy", "timestamp": 1765929373323}, {"id": "2674101087", "price": 2962.47, "amount": 0.064, "side": "buy", "timestamp": 1765929373323}, {"id": "2674101088", "price": 2962.49, "amount": 0.014, "side": "buy", "timestamp": 1765929373323}, {"id": "2674101712", "price": 2962.69, "amount": 3.633, "side": "buy", "timestamp": 1765929419450}, {"id": "2674101713", "price": 2962.7, "amount": 2.27, "side": "buy", "timestamp": 1765929419450}, {"id": "2674101714", "price": 2962.71, "amount": 0.226, "side": "buy", "timestamp": 1765929419450}, {"id": "2674101715", "price": 2962.72, "amount": 0.044, "side": "buy", "timestamp": 1765929419450}, {"id": "2674101716", "price": 2962.73, "amount": 0.009, "side": "buy", "timestamp": 1765929419450}, {"id": "2674101717", "price": 2962.74, "amount": 0.106, "side": "buy", "timestamp": 1765929419465}, {"id": "2674101718", "price": 2962.73, "amount": 55.101, "side": "sell", "timestamp": 1765929419483}, {"id": "2674101719", "price": 2962.73, "amount": 22.229, "side": "sell", "timestamp": 1765929419680}, {"id": "2674101720", "price": 2962.74, "amount": 2.9, "side": "buy", "timestamp": 1765929419862}, {"id": "2674101721", "price": 2962.74, "amount": 0.05, "side": "buy", "timestamp": 1765929420022}, {"id": "2674101722", "price": 2962.74, "amount": 0.004, "side": "buy", "timestamp": 1765929420138}, {"id": "2674101723", "price": 2962.73, "amount": 0.02, "side": "sell", "timestamp": 1765929420190}, {"id": "2674101724", "price": 2962.73, "amount": 0.225, "side": "sell", "timestamp": 1765929420514}, {"id": "2674101725", "price": 2962.74, "amount": 0.735, "side": "buy", "timestamp": 1765929420941}, {"id": "2674101726", "price": 2962.73, "amount": 0.109, "side": "sell", "timestamp": 1765929420975}, {"id": "2674101727", "price": 2962.73, "amount": 0.011, "side": "sell", "timestamp": 1765929421086}, {"id": "2674101728", "price": 2962.73, "amount": 48.551, "side": "sell", "timestamp": 1765929421795}, {"id": "2674101729", "price": 2962.72, "amount": 2.338, "side": "sell", "timestamp": 1765929421796}, {"id": "2674101730", "price": 2962.7, "amount": 0.05, "side": "sell", "timestamp": 1765929421797}, {"id": "2674101731", "price": 2962.69, "amount": 0.009, "side": "sell", "timestamp": 1765929421797}, {"id": "2674101732", "price": 2962.68, "amount": 0.007, "side": "sell", "timestamp": 1765929421797}, {"id": "2674101733", "price": 2962.66, "amount": 1.399, "side": "sell", "timestamp": 1765929421797}, {"id": "2674101734", "price": 2962.64, "amount": 1.521, "side": "sell", "timestamp": 1765929421799}, {"id": "2674101735", "price": 2962.63, "amount": 0.05, "side": "sell", "timestamp": 1765929421801}, {"id": "2674101736", "price": 2962.62, "amount": 1.247, "side": "sell", "timestamp": 1765929421814}, {"id": "2674101737", "price": 2962.61, "amount": 0.007, "side": "sell", "timestamp": 1765929421814}, {"id": "2674101738", "price": 2962.59, "amount": 0.25, "side": "sell", "timestamp": 1765929421826}, {"id": "2674101739", "price": 2962.58, "amount": 0.265, "side": "sell", "timestamp": 1765929421826}, {"id": "2674101740", "price": 2962.56, "amount": 0.048, "side": "sell", "timestamp": 1765929421833}, {"id": "2674101741", "price": 2962.55, "amount": 0.007, "side": "sell", "timestamp": 1765929421833}, {"id": "2674101742", "price": 2962.54, "amount": 0.023, "side": "sell", "timestamp": 1765929421833}, {"id": "2674101743", "price": 2962.53, "amount": 0.008, "side": "sell", "timestamp": 1765929421833}, {"id": "2674101744", "price": 2962.52, "amount": 0.018, "side": "sell", "timestamp": 1765929421833}, {"id": "2674101745", "price": 2962.51, "amount": 0.082, "side": "sell", "timestamp": 1765929421833}, {"id": "2674101746", "price": 2962.5, "amount": 0.014, "side": "sell", "timestamp": 1765929421833}, {"id": "2674101747", "price": 2962.49, "amount": 0.03, "side": "sell", "timestamp": 1765929421833}, {"id": "2674101748", "price": 2962.48, "amount": 0.27, "side": "sell", "timestamp": 1765929422239}, {"id": "2674101749", "price": 2962.49, "amount": 0.056, "side": "buy", "timestamp": 1765929422460}, {"id": "2674101750", "price": 2962.49, "amount": 33.053, "side": "buy", "timestamp": 1765929422571}, {"id": "2674101751", "price": 2962.49, "amount": 0.06, "side": "buy", "timestamp": 1765929422758}, {"id": "2674101752", "price": 2962.48, "amount": 0.33, "side": "sell", "timestamp": 1765929422978}, {"id": "2674101753", "price": 2962.48, "amount": 0.977, "side": "sell", "timestamp": 1765929423474}, {"id": "2674101754", "price": 2962.49, "amount": 0.328, "side": "buy", "timestamp": 1765929423584}, {"id": "2674101755", "price": 2962.49, "amount": 0.002, "side": "buy", "timestamp": 1765929423860}, {"id": "2674101756", "price": 2962.49, "amount": 0.014, "side": "buy", "timestamp": 1765929424490}, {"id": "2674101757", "price": 2962.49, "amount": 0.087, "side": "buy", "timestamp": 1765929424763}, {"id": "2674101758", "price": 2962.49, "amount": 0.57, "side": "buy", "timestamp": 1765929425056}, {"id": "2674101759", "price": 2962.49, "amount": 0.011, "side": "buy", "timestamp": 1765929425340}, {"id": "2674101760", "price": 2962.49, "amount": 0.041, "side": "buy", "timestamp": 1765929425464}, {"id": "2674101761", "price": 2962.49, "amount": 0.389, "side": "buy", "timestamp": 1765929426082}, {"id": "2674102398", "price": 2962.28, "amount": 0.508, "side": "sell", "timestamp": 1765929477426}, {"id": "2674102399", "price": 2962.27, "amount": 0.016, "side": "sell", "timestamp": 1765929477426}, {"id": "2674102400", "price": 2962.26, "amount": 0.136, "side": "sell", "timestamp": 1765929477426}, {"id": "2674102401", "price": 2962.25, "amount": 0.326, "side": "sell", "timestamp": 1765929477426}, {"id": "2674102402", "price": 2962.24, "amount": 2.082, "side": "sell", "timestamp": 1765929477426}, {"id": "2674102403", "price": 2962.23, "amount": 0.338, "side": "sell", "timestamp": 1765929477426}, {"id": "2674102404", "price": 2962.22, "amount": 0.066, "side": "sell", "timestamp": 1765929477426}, {"id": "2674102405", "price": 2962.21, "amount": 0.732, "side": "sell", "timestamp": 1765929477426}, {"id": "2674102406", "price": 2962.22, "amount": 0.46, "side": "sell", "timestamp": 1765929477454}, {"id": "2674102407", "price": 2962.23, "amount": 0.496, "side": "buy", "timestamp": 1765929477482}, {"id": "2674102408", "price": 2962.22, "amount": 0.243, "side": "sell", "timestamp": 1765929477519}, {"id": "2674102409", "price": 2962.21, "amount": 0.033, "side": "sell", "timestamp": 1765929477538}, {"id": "2674102410", "price": 2962.2, "amount": 0.176, "side": "sell", "timestamp": 1765929477538}, {"id": "2674102411", "price": 2962.19, "amount": 0.673, "side": "sell", "timestamp": 1765929477559}, {"id": "2674102412", "price": 2962.19, "amount": 0.008, "side": "buy", "timestamp": 1765929477586}, {"id": "2674102413", "price": 2962.18, "amount": 0.666, "side": "sell", "timestamp": 1765929477594}, {"id": "2674102414", "price": 2962.17, "amount": 0.959, "side": "sell", "timestamp": 1765929477594}, {"id": "2674102415", "price": 2962.16, "amount": 0.016, "side": "sell", "timestamp": 1765929477594}, {"id": "2674102416", "price": 2962.15, "amount": 0.244, "side": "sell", "timestamp": 1765929477601}, {"id": "2674102417", "price": 2962.14, "amount": 0.048, "side": "sell", "timestamp": 1765929477601}, {"id": "2674102418", "price": 2962.12, "amount": 0.241, "side": "sell", "timestamp": 1765929477602}, {"id": "2674102419", "price": 2962.11, "amount": 0.041, "side": "sell", "timestamp": 1765929477602}, {"id": "2674102420", "price": 2962.1, "amount": 0.178, "side": "sell", "timestamp": 1765929477602}, {"id": "2674102421", "price": 2962.09, "amount": 0.689, "side": "sell", "timestamp": 1765929477650}, {"id": "2674102422", "price": 2962.08, "amount": 0.266, "side": "sell", "timestamp": 1765929477650}, {"id": "2674102423", "price": 2962.07, "amount": 0.009, "side": "sell", "timestamp": 1765929477650}, {"id": "2674102424", "price": 2962.05, "amount": 0.064, "side": "sell", "timestamp": 1765929477650}, {"id": "2674102425", "price": 2962.03, "amount": 0.009, "side": "sell", "timestamp": 1765929477650}, {"id": "2674102426", "price": 2962.02, "amount": 0.062, "side": "sell", "timestamp": 1765929477652}, {"id": "2674102427", "price": 2962.01, "amount": 0.022, "side": "sell", "timestamp": 1765929477652}, {"id": "2674102428", "price": 2962.01, "amount": 0.588, "side": "buy", "timestamp": 1765929478041}, {"id": "2674102429", "price": 2962.0, "amount": 0.856, "side": "sell", "timestamp": 1765929478363}, {"id": "2674102430", "price": 2961.99, "amount": 0.574, "side": "sell", "timestamp": 1765929478364}, {"id": "2674102431", "price": 2961.98, "amount": 0.066, "side": "sell", "timestamp": 1765929478364}, {"id": "2674102432", "price": 2961.96, "amount": 0.009, "side": "sell", "timestamp": 1765929478364}, {"id": "2674102433", "price": 2961.95, "amount": 0.058, "side": "sell", "timestamp": 1765929478364}, {"id": "2674102434", "price": 2961.94, "amount": 0.007, "side": "sell", "timestamp": 1765929478364}, {"id": "2674102435", "price": 2961.93, "amount": 0.009, "side": "sell", "timestamp": 1765929478364}, {"id": "2674102436", "price": 2961.92, "amount": 0.048, "side": "sell", "timestamp": 1765929478364}, {"id": "2674102437", "price": 2961.91, "amount": 0.031, "side": "sell", "timestamp": 1765929478364}, {"id": "2674102438", "price": 2961.9, "amount": 0.208, "side": "sell", "timestamp": 1765929478364}, {"id": "2674102439", "price": 2961.89, "amount": 0.041, "side": "sell", "timestamp": 1765929478364}, {"id": "2674102440", "price": 2961.88, "amount": 0.109, "side": "sell", "timestamp": 1765929478364}, {"id": "2674102441", "price": 2961.86, "amount": 0.049, "side": "sell", "timestamp": 1765929478364}, {"id": "2674102442", "price": 2961.85, "amount": 0.009, "side": "sell", "timestamp": 1765929478364}, {"id": "2674102443", "price": 2961.84, "amount": 0.03, "side": "sell", "timestamp": 1765929478364}, {"id": "2674102444", "price": 2961.83, "amount": 1.731, "side": "sell", "timestamp": 1765929478364}, {"id": "2674102445", "price": 2961.82, "amount": 0.024, "side": "sell", "timestamp": 1765929478374}, {"id": "2674102446", "price": 2961.82, "amount": 0.02, "side": "buy", "timestamp": 1765929478410}, {"id": "2674102447", "price": 2961.82, "amount": 2.794, "side": "buy", "timestamp": 1765929478521}, {"id": "2674102965", "price": 2963.9, "amount": 0.196, "side": "sell", "timestamp": 1765929530271}, {"id": "2674102966", "price": 2963.89, "amount": 0.009, "side": "sell", "timestamp": 1765929530271}, {"id": "2674102967", "price": 2963.87, "amount": 0.057, "side": "sell", "timestamp": 1765929530271}, {"id": "2674102968", "price": 2963.85, "amount": 0.007, "side": "sell", "timestamp": 1765929530271}, {"id": "2674102969", "price": 2963.84, "amount": 0.057, "side": "sell", "timestamp": 1765929530271}, {"id": "2674102970", "price": 2963.82, "amount": 0.007, "side": "sell", "timestamp": 1765929530271}, {"id": "2674102971", "price": 2963.81, "amount": 0.016, "side": "sell", "timestamp": 1765929530271}, {"id": "2674102972", "price": 2963.8, "amount": 0.88, "side": "sell", "timestamp": 1765929530271}, {"id": "2674102973", "price": 2963.79, "amount": 0.023, "side": "sell", "timestamp": 1765929530271}, {"id": "2674102974", "price": 2963.78, "amount": 0.03, "side": "sell", "timestamp": 1765929530271}, {"id": "2674102975", "price": 2963.77, "amount": 0.041, "side": "sell", "timestamp": 1765929530271}, {"id": "2674102976", "price": 2963.76, "amount": 0.371, "side": "sell", "timestamp": 1765929530271}, {"id": "2674102977", "price": 2963.75, "amount": 0.031, "side": "sell", "timestamp": 1765929530271}, {"id": "2674102978", "price": 2963.74, "amount": 0.09, "side": "sell", "timestamp": 1765929530271}, {"id": "2674102979", "price": 2963.73, "amount": 0.674, "side": "sell", "timestamp": 1765929530271}, {"id": "2674102980", "price": 2963.72, "amount": 0.371, "side": "sell", "timestamp": 1765929530273}, {"id": "2674102981", "price": 2963.71, "amount": 0.056, "side": "sell", "timestamp": 1765929530273}, {"id": "2674102982", "price": 2963.7, "amount": 1.06, "side": "sell", "timestamp": 1765929530273}, {"id": "2674102983", "price": 2963.69, "amount": 0.723, "side": "sell", "timestamp": 1765929530273}, {"id": "2674102984", "price": 2963.68, "amount": 0.715, "side": "sell", "timestamp": 1765929530273}, {"id": "2674102985", "price": 2963.67, "amount": 0.031, "side": "sell", "timestamp": 1765929530273}, {"id": "2674102986", "price": 2963.66, "amount": 0.007, "side": "sell", "timestamp": 1765929530273}, {"id": "2674102987", "price": 2963.65, "amount": 0.023, "side": "sell", "timestamp": 1765929530273}, {"id": "2674102988", "price": 2963.64, "amount": 0.04, "side": "sell", "timestamp": 1765929530273}, {"id": "2674102989", "price": 2963.63, "amount": 0.049, "side": "sell", "timestamp": 1765929530273}, {"id": "2674102990", "price": 2963.62, "amount": 0.618, "side": "sell", "timestamp": 1765929530273}, {"id": "2674102991", "price": 2963.61, "amount": 0.805, "side": "sell", "timestamp": 1765929530273}, {"id": "2674102992", "price": 2963.6, "amount": 0.164, "side": "sell", "timestamp": 1765929530273}, {"id": "2674102993", "price": 2963.59, "amount": 0.198, "side": "sell", "timestamp": 1765929530273}, {"id": "2674102994", "price": 2963.58, "amount": 0.283, "side": "sell", "timestamp": 1765929530273}, {"id": "2674102995", "price": 2963.57, "amount": 0.029, "side": "sell", "timestamp": 1765929530273}, {"id": "2674102996", "price": 2963.56, "amount": 0.05, "side": "sell", "timestamp": 1765929530273}, {"id": "2674102997", "price": 2963.55, "amount": 0.014, "side": "sell", "timestamp": 1765929530275}, {"id": "2674102998", "price": 2963.53, "amount": 0.086, "side": "sell", "timestamp": 1765929530275}, {"id": "2674102999", "price": 2963.52, "amount": 0.04, "side": "sell", "timestamp": 1765929530275}, {"id": "2674103000", "price": 2963.51, "amount": 0.071, "side": "sell", "timestamp": 1765929530275}, {"id": "2674103001", "price": 2963.5, "amount": 0.073, "side": "sell", "timestamp": 1765929530275}, {"id": "2674103002", "price": 2963.49, "amount": 0.2, "side": "sell", "timestamp": 1765929530275}, {"id": "2674103003", "price": 2963.48, "amount": 0.239, "side": "sell", "timestamp": 1765929530285}, {"id": "2674103004", "price": 2963.47, "amount": 0.008, "side": "sell", "timestamp": 1765929530378}, {"id": "2674103005", "price": 2963.46, "amount": 0.15, "side": "sell", "timestamp": 1765929530378}, {"id": "2674103006", "price": 2963.44, "amount": 1.038, "side": "sell", "timestamp": 1765929530378}, {"id": "2674103007", "price": 2963.43, "amount": 0.065, "side": "sell", "timestamp": 1765929530379}, {"id": "2674103008", "price": 2963.42, "amount": 1.514, "side": "sell", "timestamp": 1765929530379}, {"id": "2674103009", "price": 2963.41, "amount": 0.009, "side": "sell", "timestamp": 1765929530379}, {"id": "2674103010", "price": 2963.4, "amount": 0.231, "side": "sell", "timestamp": 1765929530392}, {"id": "2674103011", "price": 2963.39, "amount": 0.055, "side": "sell", "timestamp": 1765929530392}, {"id": "2674103012", "price": 2963.38, "amount": 0.081, "side": "sell", "timestamp": 1765929530392}, {"id": "2674103013", "price": 2963.37, "amount": 0.746, "side": "sell", "timestamp": 1765929530404}, {"id": "2674103014", "price": 2963.38, "amount": 1.558, "side": "buy", "timestamp": 1765929530409}, {"id": "2674103800", "price": 2960.32, "amount": 2.078, "side": "buy", "timestamp": 1765929573303}, {"id": "2674103801", "price": 2960.33, "amount": 0.055, "side": "buy", "timestamp": 1765929573303}, {"id": "2674103802", "price": 2960.34, "amount": 0.017, "side": "buy", "timestamp": 1765929573303}, {"id": "2674103803", "price": 2960.37, "amount": 0.015, "side": "buy", "timestamp": 1765929573309}, {"id": "2674103804", "price": 2960.38, "amount": 0.041, "side": "buy", "timestamp": 1765929573309}, {"id": "2674103805", "price": 2960.39, "amount": 0.009, "side": "buy", "timestamp": 1765929573309}, {"id": "2674103806", "price": 2960.4, "amount": 0.007, "side": "buy", "timestamp": 1765929573309}, {"id": "2674103807", "price": 2960.42, "amount": 0.36, "side": "buy", "timestamp": 1765929573316}, {"id": "2674103808", "price": 2960.41, "amount": 1.326, "side": "sell", "timestamp": 1765929573956}, {"id": "2674103809", "price": 2960.42, "amount": 0.338, "side": "buy", "timestamp": 1765929574115}, {"id": "2674103810", "price": 2960.41, "amount": 0.175, "side": "sell", "timestamp": 1765929574774}, {"id": "2674103811", "price": 2960.41, "amount": 0.488, "side": "sell", "timestamp": 1765929574900}, {"id": "2674103812", "price": 2960.42, "amount": 0.338, "side": "buy", "timestamp": 1765929575124}, {"id": "2674103813", "price": 2960.41, "amount": 1.287, "side": "sell", "timestamp": 1765929575148}, {"id": "2674103814", "price": 2960.42, "amount": 0.057, "side": "buy", "timestamp": 1765929575263}, {"id": "2674103815", "price": 2960.41, "amount": 0.045, "side": "sell", "timestamp": 1765929575410}, {"id": "2674103816", "price": 2960.41, "amount": 3.277, "side": "sell", "timestamp": 1765929575551}, {"id": "2674103817", "price": 2960.41, "amount": 1.278, "side": "sell", "timestamp": 1765929576061}, {"id": "2674103818", "price": 2960.41, "amount": 0.101, "side": "sell", "timestamp": 1765929576197}, {"id": "2674103819", "price": 2960.42, "amount": 0.456, "side": "buy", "timestamp": 1765929576199}, {"id": "2674103820", "price": 2960.41, "amount": 1.268, "side": "sell", "timestamp": 1765929577014}, {"id": "2674103821", "price": 2960.42, "amount": 0.338, "side": "buy", "timestamp": 1765929577016}, {"id": "2674103822", "price": 2960.41, "amount": 0.011, "side": "sell", "timestamp": 1765929577051}, {"id": "2674103823", "price": 2960.41, "amount": 0.01, "side": "sell", "timestamp": 1765929577192}, {"id": "2674103824", "price": 2960.42, "amount": 3.42, "side": "buy", "timestamp": 1765929577562}, {"id": "2674103825", "price": 2960.41, "amount": 0.517, "side": "sell", "timestamp": 1765929577833}, {"id": "2674103826", "price": 2960.41, "amount": 1.319, "side": "sell", "timestamp": 1765929577938}, {"id": "2674103827", "price": 2960.42, "amount": 0.338, "side": "buy", "timestamp": 1765929578046}, {"id": "2674103828", "price": 2960.41, "amount": 0.087, "side": "sell", "timestamp": 1765929578433}, {"id": "2674103829", "price": 2960.41, "amount": 0.629, "side": "sell", "timestamp": 1765929578726}, {"id": "2674103830", "price": 2960.41, "amount": 3.118, "side": "sell", "timestamp": 1765929578955}, {"id": "2674103831", "price": 2960.42, "amount": 0.338, "side": "buy", "timestamp": 1765929579064}, {"id": "2674103832", "price": 2960.41, "amount": 2.3, "side": "sell", "timestamp": 1765929579176}, {"id": "2674103833", "price": 2960.41, "amount": 1.256, "side": "sell", "timestamp": 1765929579945}, {"id": "2674103834", "price": 2960.42, "amount": 0.433, "side": "buy", "timestamp": 1765929580089}, {"id": "2674103835", "price": 2960.41, "amount": 0.067, "side": "sell", "timestamp": 1765929580472}, {"id": "2674103836", "price": 2960.41, "amount": 0.139, "side": "sell", "timestamp": 1765929580614}, {"id": "2674103837", "price": 2960.41, "amount": 8.038, "side": "sell", "timestamp": 1765929580720}, {"id": "2674103838", "price": 2960.41, "amount": 1.247, "side": "sell", "timestamp": 1765929580958}, {"id": "2674103839", "price": 2960.41, "amount": 1.703, "side": "sell", "timestamp": 1765929581092}, {"id": "2674103840", "price": 2960.42, "amount": 0.338, "side": "buy", "timestamp": 1765929581115}, {"id": "2674103841", "price": 2960.42, "amount": 0.012, "side": "buy", "timestamp": 1765929581237}, {"id": "2674103842", "price": 2960.41, "amount": 1.238, "side": "sell", "timestamp": 1765929581978}, {"id": "2674103843", "price": 2960.42, "amount": 1.338, "side": "buy", "timestamp": 1765929582125}, {"id": "2674103844", "price": 2960.41, "amount": 21.157, "side": "sell", "timestamp": 1765929582308}, {"id": "2674103845", "price": 2960.41, "amount": 1.229, "side": "sell", "timestamp": 1765929583005}, {"id": "2674103846", "price": 2960.42, "amount": 1.47, "side": "buy", "timestamp": 1765929583025}, {"id": "2674103847", "price": 2960.41, "amount": 0.011, "side": "sell", "timestamp": 1765929583073}