[{"symbol": "BNBUSDT", "bids": [[886.65, 41.53], [886.64, 18.29], [886.63, 18.57], [886.62, 9.85], [886.61, 17.36], [886.6, 5.21], [886.59, 0.03], [886.57, 21.34], [886.56, 11.92], [886.55, 17.33], [886.54, 15.55], [886.53, 1.05], [886.52, 2.45], [886.5, 4.69], [886.49, 13.14], [886.48, 1.05], [886.47, 3.43], [886.46, 0.83], [886.45, 1.85], [886.44, 0.02]], "asks": [[886.66, 20.66], [886.67, 0.04], [886.68, 8.28], [886.69, 0.03], [886.7, 22.37], [886.71, 0.32], [886.72, 12.73], [886.73, 15.21], [886.74, 1.82], [886.75, 16.04], [886.76, 36.3], [886.77, 12.6], [886.78, 13.9], [886.79, 24.71], [886.8, 6.35], [886.81, 2.38], [886.82, 5.37], [886.83, 2.34], [886.84, 23.11], [886.85, 107.87]], "timestamp": "2025-12-12T08:47:39.969646+00:00"}, {"symbol": "BNBUSDT", "bids": [[886.6, 1.18], [886.59, 1.14], [886.57, 0.2], [886.56, 0.69], [886.55, 0.79], [886.54, 1.03], [886.53, 0.01], [886.52, 1.19], [886.51, 0.07], [886.5, 1.84], [886.49, 3.09], [886.48, 0.41], [886.47, 1.13], [886.46, 3.61], [886.45, 10.39], [886.44, 1.7], [886.43, 6.62], [886.42, 10.18], [886.41, 8.52], [886.4, 4.98]], "asks": [[886.61, 113.49], [886.62, 27.66], [886.63, 41.6], [886.64, 40.64], [886.65, 51.18], [886.66, 16.12], [886.67, 27.06], [886.68, 49.81], [886.69, 16.07], [886.7, 38.02], [886.71, 40.69], [886.72, 14.67], [886.73, 11.27], [886.74, 14.26], [886.75, 10.55], [886.76, 20.72], [886.77, 5.98], [886.78, 32.15], [886.79, 39.21], [886.8, 6.69]], "timestamp": "2025-12-12T08:48:33.384881+00:00"}, {"symbol": "BNBUSDT", "bids": [[886.85, 34.14], [886.84, 4.7], [886.82, 0.04], [886.81, 3.92], [886.8, 0.02], [886.79, 0.56], [886.78, 15.48], [886.77, 0.02], [886.75, 3.74], [886.74, 6.31], [886.73, 2.09], [886.72, 1.16], [886.71, 0.05], [886.7, 0.01], [886.69, 0.05], [886.68, 1.9], [886.67, 2.3], [886.66, 6.02], [886.65, 1.26], [886.64, 1.65]], "asks": [[886.86, 52.09], [886.87, 0.81], [886.88, 7.08], [886.89, 0.49], [886.9, 16.31], [886.91, 3.13], [886.92, 5.82], [886.93, 33.18], [886.94, 6.5], [886.95, 0.67], [886.96, 12.47], [886.97, 50.25], [886.98, 2.47], [886.99, 14.9], [887.0, 0.96], [887.01, 12.61], [887.02, 20.32], [887.03, 17.91], [887.04, 10.64], [887.05, 8.0]], "timestamp": "2025-12-12T08:49:26.632566+00:00"}, {"symbol": "BNBUSDT", "bids": [[887.53, 24.21], [887.52, 8.13], [887.51, 11.35], [887.49, 5.76], [887.48, 0.57], [887.47, 0.21], [887.46, 0.08], [887.45, 2.06], [887.44, 1.07], [887.43, 0.17], [887.42, 0.23], [887.41, 4.33], [887.4, 0.03], [887.39, 1.24], [887.37, 0.03], [887.36, 1.33], [887.35, 2.36], [887.34, 3.7], [887.33, 0.02], [887.32, 4.77]], "asks": [[887.54, 31.58], [887.55, 9.38], [887.56, 16.92], [887.57, 11.46], [887.58, 22.09], [887.59, 3.61], [887.6, 28.26], [887.61, 14.85], [887.62, 4.6], [887.63, 15.99], [887.64, 55.59], [887.65, 2.47], [887.66, 1.12], [887.67, 6.03], [887.68, 0.74], [887.69, 5.6], [887.7, 8.07], [887.71, 6.33], [887.72, 27.05], [887.73, 12.48]], "timestamp": "2025-12-12T08:50:20.086921+00:00"}, {"symbol": "BNBUSDT", "bids": [[887.27, 41.17], [887.26, 0.03], [887.25, 11.33], [887.24, 7.45], [887.23, 15.4], [887.22, 7.89], [887.21, 6.52], [887.2, 3.1], [887.19, 7.42], [887.18, 0.22], [887.16, 1.19], [887.15, 0.02], [887.14, 2.33], [887.13, 2.68], [887.12, 0.17], [887.11, 1.28], [887.1, 0.07], [887.09, 0.22], [887.08, 3.71], [887.07, 2.76]], "asks": [[887.28, 23.18], [887.29, 12.06], [887.3, 0.02], [887.31, 0.04], [887.32, 6.06], [887.33, 4.03], [887.34, 3.41], [887.35, 16.3], [887.36, 21.25], [887.37, 3.28], [887.38, 8.53], [887.39, 14.52], [887.4, 22.59], [887.41, 23.53], [887.42, 6.47], [887.43, 21.44], [887.44, 0.03], [887.45, 9.67], [887.46, 38.28], [887.47, 1.39]], "timestamp": "2025-12-12T08:51:13.031690+00:00"}, {"symbol": "BNBUSDT", "bids": [[887.43, 20.65], [887.42, 0.22], [887.41, 11.35], [887.4, 0.04], [887.39, 4.11], [887.38, 1.93], [887.37, 7.0], [887.36, 2.5], [887.35, 2.92], [887.34, 0.04], [887.33, 1.02], [887.32, 0.18], [887.31, 0.01], [887.3, 1.59], [887.29, 0.02], [887.28, 2.9], [887.27, 4.33], [887.26, 0.4], [887.25, 5.36], [887.24, 3.29]], "asks": [[887.44, 25.64], [887.45, 11.34], [887.46, 9.39], [887.47, 8.63], [887.48, 12.26], [887.49, 0.87], [887.5, 4.57], [887.51, 15.21], [887.52, 17.95], [887.53, 9.71], [887.54, 2.99], [887.55, 17.41], [887.56, 20.1], [887.57, 5.73], [887.58, 21.31], [887.59, 8.37], [887.6, 18.16], [887.61, 8.33], [887.62, 18.22], [887.63, 6.57]], "timestamp": "2025-12-12T08:52:06.174540+00:00"}, {"symbol": "BNBUSDT", "bids": [[887.52, 78.62], [887.51, 12.32], [887.5, 6.72], [887.49, 2.68], [887.48, 31.55], [887.47, 12.52], [887.46, 14.42], [887.45, 22.3], [887.44, 20.04], [887.43, 8.71], [887.42, 16.88], [887.41, 2.35], [887.4, 0.04], [887.39, 1.64], [887.38, 8.95], [887.37, 0.02], [887.36, 1.03], [887.35, 5.04], [887.34, 12.44], [887.33, 0.01]], "asks": [[887.53, 1.1], [887.54, 0.01], [887.55, 0.38], [887.56, 6.28], [887.57, 13.74], [887.58, 0.07], [887.59, 0.01], [887.6, 28.99], [887.61, 2.3], [887.62, 1.15], [887.63, 7.79], [887.64, 39.46], [887.65, 0.92], [887.66, 3.48], [887.67, 10.49], [887.68, 15.38], [887.69, 0.25], [887.7, 0.86], [887.71, 6.08], [887.72, 8.72]], "timestamp": "2025-12-12T08:52:59.253034+00:00"}, {"symbol": "BNBUSDT", "bids": [[887.37, 86.86], [887.36, 23.54], [887.35, 27.94], [887.34, 1.36], [887.33, 3.92], [887.32, 2.58], [887.31, 1.22], [887.3, 3.6], [887.29, 8.14], [887.28, 6.18], [887.27, 4.78], [887.26, 1.63], [887.25, 1.51], [887.24, 13.52], [887.23, 8.24], [887.22, 10.5], [887.21, 4.0], [887.2, 4.11], [887.19, 8.86], [887.18, 9.36]], "asks": [[887.38, 0.68], [887.39, 0.01], [887.4, 0.05], [887.41, 0.01], [887.42, 3.48], [887.43, 5.22], [887.44, 2.01], [887.45, 0.03], [887.46, 6.81], [887.47, 0.98], [887.48, 3.18], [887.49, 8.64], [887.5, 7.48], [887.51, 4.49], [887.52, 7.1], [887.53, 4.04], [887.54, 11.17], [887.55, 2.33], [887.56, 28.86], [887.57, 14.87]], "timestamp": "2025-12-12T08:53:52.279721+00:00"}, {"symbol": "BNBUSDT", "bids": [[887.0, 32.8], [886.99, 0.13], [886.98, 0.12], [886.97, 8.36], [886.96, 0.78], [886.95, 1.72], [886.94, 9.03], [886.93, 1.02], [886.92, 5.9], [886.91, 8.29], [886.9, 5.41], [886.89, 4.07], [886.88, 14.33], [886.87, 17.94], [886.86, 1.12], [886.85, 1.4], [886.84, 14.63], [886.83, 12.52], [886.82, 0.34], [886.81, 20.52]], "asks": [[887.01, 3.33], [887.02, 0.02], [887.03, 0.02], [887.04, 5.35], [887.05, 13.72], [887.06, 0.78], [887.07, 6.02], [887.08, 20.32], [887.09, 5.93], [887.1, 9.89], [887.11, 15.14], [887.12, 7.64], [887.13, 1.82], [887.14, 0.32], [887.15, 17.58], [887.16, 13.42], [887.17, 22.54], [887.18, 38.99], [887.19, 34.46], [887.2, 22.45]], "timestamp": "2025-12-12T08:54:45.767484+00:00"}, {"symbol": "BNBUSDT", "bids": [[886.62, 0.51], [886.61, 0.03], [886.6, 0.11], [886.59, 1.67], [886.58, 3.0], [886.57, 2.07], [886.56, 0.02], [886.55, 0.04], [886.54, 0.72], [886.53, 1.47], [886.52, 0.6], [886.51, 0.57], [886.5, 2.98], [886.49, 0.52], [886.48, 2.0], [886.47, 0.13], [886.46, 1.88], [886.45, 2.57], [886.44, 12.07], [886.43, 1.5]], "asks": [[886.63, 75.5], [886.64, 33.89], [886.65, 29.51], [886.66, 73.89], [886.67, 17.42], [886.68, 12.36], [886.69, 25.59], [886.7, 21.65], [886.71, 18.23], [886.72, 5.32], [886.73, 23.33], [886.74, 9.63], [886.75, 9.16], [886.76, 109.9], [886.77, 19.73], [886.78, 1.33], [886.79, 37.49], [886.8, 13.74], [886.81, 3.85], [886.82, 6.83]], "timestamp": "2025-12-12T08:55:39.681264+00:00"}, {"symbol": "BNBUSDT", "bids": [[886.66, 21.6], [886.65, 36.38], [886.64, 0.02], [886.62, 14.45], [886.61, 16.38], [886.6, 8.03], [886.59, 14.26], [886.58, 36.82], [886.57, 3.86], [886.56, 2.68], [886.55, 3.6], [886.54, 0.01], [886.53, 2.0], [886.52, 2.58], [886.51, 3.83], [886.5, 10.69], [886.49, 0.01], [886.48, 8.06], [886.47, 10.9], [886.46, 5.51]], "asks": [[886.67, 134.59], [886.68, 0.07], [886.69, 0.01], [886.71, 2.35], [886.72, 5.1], [886.73, 8.68], [886.74, 16.96], [886.75, 1.41], [886.76, 12.86], [886.77, 0.23], [886.78, 0.08], [886.79, 36.94], [886.8, 29.96], [886.81, 4.07], [886.82, 9.24], [886.83, 3.01], [886.84, 1.11], [886.85, 0.01], [886.86, 0.06], [886.87, 2.16]], "timestamp": "2025-12-12T08:56:32.831690+00:00"}, {"symbol": "BNBUSDT", "bids": [[886.58, 5.54], [886.57, 2.99], [886.56, 0.15], [886.55, 0.7], [886.54, 0.05], [886.53, 0.01], [886.52, 5.17], [886.51, 0.81], [886.5, 0.51], [886.49, 0.31], [886.48, 4.72], [886.47, 0.34], [886.46, 18.63], [886.45, 0.48], [886.44, 2.47], [886.43, 4.2], [886.42, 3.02], [886.41, 10.42], [886.4, 1.19], [886.39, 0.25]], "asks": [[886.59, 37.07], [886.6, 2.28], [886.61, 7.78], [886.62, 0.38], [886.63, 10.43], [886.64, 6.37], [886.65, 6.97], [886.66, 6.06], [886.67, 15.72], [886.68, 10.18], [886.69, 18.27], [886.7, 1.98], [886.71, 11.85], [886.72, 5.7], [886.73, 12.57], [886.74, 20.13], [886.75, 1.79], [886.76, 9.41], [886.77, 21.11], [886.78, 12.47]], "timestamp": "2025-12-12T08:57:26.107525+00:00"}, {"symbol": "BNBUSDT", "bids": [[886.58, 40.29], [886.57, 28.58], [886.56, 0.04], [886.55, 0.05], [886.54, 4.13], [886.53, 1.11], [886.52, 0.33], [886.51, 2.76], [886.5, 0.3], [886.49, 0.14], [886.48, 5.83], [886.47, 0.03], [886.46, 20.08], [886.45, 1.97], [886.44, 4.73], [886.43, 0.01], [886.42, 4.16], [886.41, 10.47], [886.4, 3.06], [886.39, 4.35]], "asks": [[886.59, 4.79], [886.6, 0.05], [886.61, 0.17], [886.62, 0.05], [886.63, 4.23], [886.64, 0.01], [886.65, 2.33], [886.66, 3.43], [886.67, 8.14], [886.68, 8.85], [886.69, 8.72], [886.7, 2.28], [886.71, 11.6], [886.72, 12.61], [886.73, 2.38], [886.74, 14.28], [886.75, 7.39], [886.76, 24.14], [886.77, 25.31], [886.78, 12.68]], "timestamp": "2025-12-12T08:58:19.519591+00:00"}, {"symbol": "BNBUSDT", "bids": [[886.72, 30.42], [886.71, 10.95], [886.69, 0.18], [886.68, 1.47], [886.66, 4.21], [886.65, 0.35], [886.64, 3.79], [886.63, 17.5], [886.62, 2.19], [886.61, 0.16], [886.6, 2.26], [886.59, 3.93], [886.58, 7.04], [886.57, 3.12], [886.56, 7.95], [886.55, 2.8], [886.54, 6.19], [886.53, 1.12], [886.52, 11.57], [886.51, 4.01]], "asks": [[886.73, 16.66], [886.74, 0.07], [886.75, 4.75], [886.76, 4.64], [886.77, 4.44], [886.78, 3.72], [886.79, 2.25], [886.8, 18.18], [886.81, 12.03], [886.82, 5.8], [886.83, 0.79], [886.84, 23.54], [886.85, 39.38], [886.86, 0.07], [886.87, 64.76], [886.88, 2.9], [886.89, 2.04], [886.9, 4.24], [886.91, 3.68], [886.92, 4.93]], "timestamp": "2025-12-12T08:59:12.574319+00:00"}, {"symbol": "BNBUSDT", "bids": [[886.95, 30.11], [886.94, 10.27], [886.93, 3.79], [886.91, 4.11], [886.9, 0.24], [886.89, 3.6], [886.88, 10.73], [886.87, 3.23], [886.86, 0.25], [886.85, 10.69], [886.84, 18.12], [886.83, 2.29], [886.82, 20.31], [886.81, 15.9], [886.8, 15.49], [886.79, 7.78], [886.78, 9.52], [886.77, 0.32], [886.76, 7.74], [886.75, 8.36]], "asks": [[886.96, 11.15], [886.97, 1.93], [886.98, 1.93], [886.99, 1.55], [887.0, 8.64], [887.01, 1.26], [887.02, 1.51], [887.03, 2.23], [887.04, 0.03], [887.05, 8.0], [887.06, 9.06], [887.07, 8.84], [887.08, 11.3], [887.09, 3.66], [887.1, 5.22], [887.11, 4.31], [887.12, 14.67], [887.13, 0.04], [887.14, 11.32], [887.15, 2.6]], "timestamp": "2025-12-12T09:00:05.356353+00:00"}, {"symbol": "BNBUSDT", "bids": [[886.99, 28.17], [886.98, 0.4], [886.97, 0.6], [886.96, 3.46], [886.95, 3.11], [886.94, 1.3], [886.93, 0.23], [886.92, 0.6], [886.91, 8.51], [886.9, 5.09], [886.89, 10.34], [886.88, 14.65], [886.87, 3.47], [886.86, 6.85], [886.85, 10.27], [886.84, 16.85], [886.83, 14.71], [886.82, 3.34], [886.81, 15.91], [886.8, 25.06]], "asks": [[887.0, 62.85], [887.01, 0.05], [887.02, 2.43], [887.04, 4.12], [887.05, 1.08], [887.07, 2.32], [887.08, 1.27], [887.09, 3.46], [887.1, 1.64], [887.11, 0.02], [887.12, 5.92], [887.13, 0.01], [887.14, 3.89], [887.15, 12.11], [887.16, 10.52], [887.17, 4.52], [887.18, 17.08], [887.19, 3.72], [887.2, 38.32], [887.21, 21.67]], "timestamp": "2025-12-12T09:00:58.763635+00:00"}, {"symbol": "BNBUSDT", "bids": [[887.23, 4.27], [887.22, 0.51], [887.21, 5.09], [887.2, 0.13], [887.19, 2.58], [887.18, 0.38], [887.17, 2.27], [887.16, 0.04], [887.15, 14.5], [887.14, 0.96], [887.13, 0.36], [887.12, 2.26], [887.11, 1.36], [887.1, 5.13], [887.09, 0.85], [887.08, 3.76], [887.07, 8.71], [887.06, 7.01], [887.05, 0.03], [887.04, 0.38]], "asks": [[887.24, 102.37], [887.25, 19.82], [887.26, 0.65], [887.27, 2.49], [887.28, 20.9], [887.29, 0.04], [887.3, 5.2], [887.31, 26.11], [887.32, 29.42], [887.33, 3.89], [887.34, 3.32], [887.35, 22.17], [887.36, 14.65], [887.37, 1.66], [887.38, 25.25], [887.39, 25.43], [887.4, 53.19], [887.41, 109.01], [887.42, 6.38], [887.43, 7.06]], "timestamp": "2025-12-12T09:01:51.989935+00:00"}, {"symbol": "BNBUSDT", "bids": [[887.27, 68.19], [887.26, 14.37], [887.25, 11.85], [887.24, 12.3], [887.23, 21.45], [887.22, 0.16], [887.21, 1.34], [887.2, 4.51], [887.19, 1.38], [887.18, 12.3], [887.17, 2.58], [887.16, 5.25], [887.15, 4.91], [887.14, 13.82], [887.13, 0.04], [887.12, 0.59], [887.11, 3.89], [887.1, 4.69], [887.09, 2.26], [887.08, 12.16]], "asks": [[887.28, 5.55], [887.29, 0.03], [887.3, 0.01], [887.31, 0.33], [887.32, 2.02], [887.33, 3.03], [887.34, 2.74], [887.35, 0.2], [887.36, 10.15], [887.37, 9.72], [887.38, 4.24], [887.39, 7.05], [887.4, 53.69], [887.41, 104.51], [887.42, 5.1], [887.43, 5.06], [887.44, 7.77], [887.45, 24.85], [887.46, 0.08], [887.47, 26.11]], "timestamp": "2025-12-12T09:02:45.567730+00:00"}, {"symbol": "BNBUSDT", "bids": [[886.81, 1.81], [886.8, 0.71], [886.79, 0.66], [886.77, 0.22], [886.76, 0.74], [886.75, 0.76], [886.74, 0.05], [886.73, 2.27], [886.72, 8.36], [886.71, 1.72], [886.7, 0.49], [886.69, 2.47], [886.68, 5.98], [886.67, 1.13], [886.66, 2.45], [886.65, 5.57], [886.64, 8.45], [886.63, 8.39], [886.62, 2.45], [886.61, 2.6]], "asks": [[886.82, 74.02], [886.83, 11.63], [886.84, 16.84], [886.85, 2.46], [886.86, 9.38], [886.87, 0.57], [886.88, 36.86], [886.89, 10.42], [886.9, 12.13], [886.91, 26.12], [886.92, 3.03], [886.93, 8.74], [886.94, 0.02], [886.95, 0.36], [886.96, 21.01], [886.97, 2.78], [886.98, 20.16], [886.99, 7.8], [887.0, 31.52], [887.01, 13.98]], "timestamp": "2025-12-12T09:03:38.920721+00:00"}, {"symbol": "BNBUSDT", "bids": [[886.78, 40.95], [886.77, 4.04], [886.76, 10.98], [886.75, 3.52], [886.74, 3.31], [886.73, 0.7], [886.72, 0.58], [886.71, 1.94], [886.7, 1.27], [886.69, 1.29], [886.68, 7.58], [886.67, 3.95], [886.66, 5.93], [886.65, 0.86], [886.64, 6.95], [886.63, 0.68], [886.62, 2.17], [886.61, 3.61], [886.6, 16.3], [886.59, 2.37]], "asks": [[886.79, 2.34], [886.8, 1.0], [886.81, 0.48], [886.82, 1.94], [886.83, 3.47], [886.84, 4.49], [886.85, 2.73], [886.86, 0.03], [886.87, 0.3], [886.88, 8.08], [886.89, 2.16], [886.9, 1.11], [886.91, 0.88], [886.92, 5.6], [886.93, 8.74], [886.94, 8.57], [886.95, 3.23], [886.96, 27.63], [886.97, 3.76], [886.98, 11.99]], "timestamp": "2025-12-12T09:04:32.474983+00:00"}, {"symbol": "BNBUSDT", "bids": [[886.92, 26.94], [886.91, 2.03], [886.9, 0.46], [886.89, 0.02], [886.88, 7.19], [886.87, 4.98], [886.86, 9.32], [886.85, 1.15], [886.84, 0.59], [886.83, 3.49], [886.82, 3.19], [886.81, 1.11], [886.8, 1.25], [886.79, 2.33], [886.78, 9.76], [886.77, 1.49], [886.76, 3.51], [886.75, 5.67], [886.74, 0.33], [886.72, 11.7]], "asks": [[886.93, 53.07], [886.94, 0.15], [886.95, 1.6], [886.96, 9.45], [886.97, 10.78], [886.98, 11.61], [886.99, 6.8], [887.0, 6.93], [887.01, 8.77], [887.02, 3.17], [887.03, 13.67], [887.04, 30.01], [887.05, 1.08], [887.06, 6.44], [887.07, 16.14], [887.08, 32.06], [887.09, 38.37], [887.1, 1.41], [887.11, 11.22], [887.12, 1.81]], "timestamp": "2025-12-12T09:05:25.759165+00:00"}, {"symbol": "BNBUSDT", "bids": [[886.84, 41.38], [886.83, 17.85], [886.82, 1.27], [886.81, 1.61], [886.8, 2.94], [886.79, 0.49], [886.78, 0.19], [886.77, 4.13], [886.76, 3.78], [886.75, 3.06], [886.74, 2.54], [886.72, 5.48], [886.71, 5.47], [886.7, 10.27], [886.69, 1.31], [886.68, 9.34], [886.67, 0.01], [886.66, 12.59], [886.65, 35.64], [886.64, 12.72]], "asks": [[886.85, 10.8], [886.86, 0.05], [886.87, 0.44], [886.88, 0.01], [886.89, 0.63], [886.9, 3.51], [886.91, 8.82], [886.92, 10.91], [886.93, 16.45], [886.94, 0.81], [886.95, 1.81], [886.96, 7.5], [886.97, 6.48], [886.98, 29.88], [886.99, 2.86], [887.0, 6.87], [887.01, 1.15], [887.02, 4.96], [887.03, 12.6], [887.04, 16.34]], "timestamp": "2025-12-12T09:06:19.279691+00:00"}, {"symbol": "BNBUSDT", "bids": [[887.04, 80.27], [887.03, 3.56], [887.02, 7.62], [887.01, 4.79], [887.0, 17.29], [886.99, 19.55], [886.98, 11.72], [886.97, 20.75], [886.96, 12.48], [886.95, 3.68], [886.94, 0.1], [886.93, 4.3], [886.92, 5.25], [886.91, 1.65], [886.9, 12.63], [886.89, 3.42], [886.88, 3.15], [886.87, 1.11], [886.86, 1.47], [886.85, 5.37]], "asks": [[887.05, 0.63], [887.06, 0.23], [887.07, 0.14], [887.08, 3.84], [887.09, 4.92], [887.1, 1.46], [887.11, 0.39], [887.12, 13.52], [887.13, 0.26], [887.14, 3.8], [887.15, 6.36], [887.16, 21.2], [887.17, 10.5], [887.18, 3.66], [887.19, 2.55], [887.2, 21.22], [887.21, 19.5], [887.22, 2.16], [887.23, 2.84], [887.24, 22.17]], "timestamp": "2025-12-12T09:07:13.142487+00:00"}, {"symbol": "BNBUSDT", "bids": [[886.26, 2.82], [886.25, 8.6], [886.24, 0.02], [886.2, 1.45], [886.19, 0.02], [886.18, 0.02], [886.17, 0.02], [886.16, 0.28], [886.15, 1.13], [886.14, 0.01], [886.13, 0.63], [886.12, 0.02], [886.11, 0.03], [886.1, 3.08], [886.09, 9.96], [886.08, 2.75], [886.07, 3.78], [886.06, 3.27], [886.05, 1.13], [886.04, 9.5]], "asks": [[886.27, 52.03], [886.28, 8.24], [886.29, 0.42], [886.3, 0.79], [886.31, 10.96], [886.32, 10.61], [886.33, 0.5], [886.34, 12.35], [886.35, 0.29], [886.36, 37.88], [886.37, 7.07], [886.38, 2.23], [886.39, 6.05], [886.4, 11.94], [886.41, 12.39], [886.42, 0.03], [886.43, 5.27], [886.44, 16.95], [886.45, 27.5], [886.46, 5.01]], "timestamp": "2025-12-12T09:08:06.092060+00:00"}, {"symbol": "BNBUSDT", "bids": [[885.85, 17.17], [885.84, 0.87], [885.83, 6.12], [885.82, 0.12], [885.81, 1.7], [885.8, 7.37], [885.79, 6.92], [885.78, 5.95], [885.77, 0.01], [885.76, 0.05], [885.75, 3.44], [885.74, 11.54], [885.73, 1.29], [885.72, 0.01], [885.71, 0.57], [885.7, 3.83], [885.69, 10.8], [885.68, 1.0], [885.67, 0.38], [885.66, 2.24]], "asks": [[885.86, 3.31], [885.88, 2.18], [885.89, 3.48], [885.9, 2.15], [885.91, 5.93], [885.92, 5.21], [885.93, 0.29], [885.94, 7.7], [885.95, 9.15], [885.96, 9.76], [885.97, 15.33], [885.98, 8.74], [885.99, 2.58], [886.0, 40.31], [886.01, 1.45], [886.02, 11.29], [886.03, 4.67], [886.04, 11.17], [886.05, 1.39], [886.06, 2.3]], "timestamp": "2025-12-12T09:08:59.025306+00:00"}, {"symbol": "BNBUSDT", "bids": [[885.7, 20.86], [885.69, 0.11], [885.68, 0.36], [885.67, 0.37], [885.66, 1.13], [885.65, 6.57], [885.64, 0.02], [885.63, 2.12], [885.62, 5.3], [885.61, 1.72], [885.6, 32.91], [885.59, 0.29], [885.58, 0.29], [885.57, 2.61], [885.56, 2.53], [885.55, 1.39], [885.54, 0.01], [885.53, 4.32], [885.52, 2.58], [885.51, 4.4]], "asks": [[885.71, 17.64], [885.72, 1.58], [885.73, 7.94], [885.74, 3.16], [885.76, 2.31], [885.77, 2.51], [885.78, 5.29], [885.79, 12.17], [885.8, 23.45], [885.81, 49.47], [885.82, 0.55], [885.83, 1.85], [885.84, 21.21], [885.85, 3.55], [885.86, 12.69], [885.87, 0.69], [885.88, 0.14], [885.89, 7.3], [885.9, 5.62], [885.91, 2.26]], "timestamp": "2025-12-12T09:09:52.683581+00:00"}, {"symbol": "BNBUSDT", "bids": [[885.89, 16.85], [885.88, 32.19], [885.87, 0.85], [885.86, 0.33], [885.85, 0.58], [885.84, 1.22], [885.83, 5.61], [885.82, 6.51], [885.81, 9.96], [885.8, 4.72], [885.79, 3.56], [885.78, 2.14], [885.77, 1.01], [885.76, 3.81], [885.75, 2.05], [885.74, 0.3], [885.73, 7.43], [885.72, 8.74], [885.71, 3.49], [885.7, 5.96]], "asks": [[885.9, 21.71], [885.91, 0.04], [885.92, 4.92], [885.93, 8.79], [885.94, 6.83], [885.95, 11.54], [885.96, 17.88], [885.97, 2.26], [885.98, 2.37], [885.99, 3.1], [886.0, 106.61], [886.01, 25.97], [886.02, 4.57], [886.03, 25.91], [886.04, 10.97], [886.05, 4.79], [886.06, 3.43], [886.07, 16.1], [886.08, 7.74], [886.09, 8.02]], "timestamp": "2025-12-12T09:10:45.727603+00:00"}, {"symbol": "BNBUSDT", "bids": [[886.16, 2.54], [886.15, 1.0], [886.14, 1.13], [886.13, 2.66], [886.12, 1.27], [886.11, 0.18], [886.1, 6.83], [886.09, 29.17], [886.08, 0.78], [886.06, 0.82], [886.05, 8.8], [886.04, 1.34], [886.03, 2.36], [886.02, 0.03], [886.01, 1.69], [886.0, 5.67], [885.99, 3.41], [885.97, 5.81], [885.96, 6.34], [885.95, 1.1]], "asks": [[886.17, 83.04], [886.18, 14.32], [886.19, 4.22], [886.2, 15.95], [886.21, 35.81], [886.22, 0.76], [886.23, 0.26], [886.24, 49.39], [886.25, 22.25], [886.26, 13.45], [886.27, 5.36], [886.28, 14.23], [886.29, 2.46], [886.3, 3.49], [886.31, 3.84], [886.32, 19.11], [886.33, 7.37], [886.34, 18.13], [886.35, 13.58], [886.36, 39.89]], "timestamp": "2025-12-12T09:11:39.590492+00:00"}, {"symbol": "BNBUSDT", "bids": [[886.18, 55.76], [886.17, 9.61], [886.16, 3.01], [886.15, 5.34], [886.14, 0.02], [886.13, 0.21], [886.11, 1.36], [886.1, 6.12], [886.09, 7.2], [886.08, 2.44], [886.06, 1.19], [886.05, 3.72], [886.04, 3.0], [886.03, 1.13], [886.02, 3.28], [886.01, 5.33], [886.0, 13.57], [885.99, 2.32], [885.98, 0.25], [885.97, 5.75]], "asks": [[886.19, 17.54], [886.2, 0.38], [886.21, 0.26], [886.22, 10.19], [886.23, 36.49], [886.24, 1.78], [886.25, 5.62], [886.26, 1.95], [886.27, 15.32], [886.28, 6.85], [886.29, 22.87], [886.3, 3.93], [886.31, 9.23], [886.32, 7.21], [886.33, 13.22], [886.34, 0.25], [886.35, 14.02], [886.36, 6.68], [886.37, 1.19], [886.38, 0.67]], "timestamp": "2025-12-12T09:12:33.203007+00:00"}, {"symbol": "BNBUSDT", "bids": [[886.65, 101.22], [886.64, 15.13], [886.62, 0.53], [886.61, 0.02], [886.6, 1.13], [886.59, 5.66], [886.58, 20.52], [886.57, 11.63], [886.56, 12.62], [886.55, 10.71], [886.54, 14.6], [886.53, 4.27], [886.52, 3.46], [886.51, 5.13], [886.5, 5.64], [886.49, 1.09], [886.48, 0.61], [886.47, 0.04], [886.45, 0.27], [886.44, 5.03]], "asks": [[886.66, 1.16], [886.67, 0.02], [886.68, 0.01], [886.69, 0.08], [886.7, 28.55], [886.71, 1.55], [886.72, 9.51], [886.73, 13.67], [886.74, 9.86], [886.75, 6.23], [886.76, 30.38], [886.77, 4.18], [886.78, 1.55], [886.79, 33.75], [886.8, 40.48], [886.81, 16.67], [886.82, 1.41], [886.83, 0.37], [886.84, 6.94], [886.85, 2.55]], "timestamp": "2025-12-12T09:13:26.215279+00:00"}, {"symbol": "BNBUSDT", "bids": [[886.65, 29.06], [886.64, 8.34], [886.63, 13.03], [886.62, 14.67], [886.61, 7.89], [886.6, 7.23], [886.59, 0.22], [886.58, 0.01], [886.57, 2.81], [886.56, 0.33], [886.55, 4.94], [886.54, 3.31], [886.53, 3.3], [886.52, 4.25], [886.51, 0.26], [886.5, 7.59], [886.49, 1.66], [886.48, 0.61], [886.47, 0.03], [886.46, 2.02]], "asks": [[886.66, 1.29], [886.68, 0.08], [886.69, 0.64], [886.7, 3.65], [886.71, 4.44], [886.72, 4.85], [886.73, 3.37], [886.74, 0.26], [886.75, 0.02], [886.76, 16.23], [886.77, 12.79], [886.78, 8.23], [886.79, 18.07], [886.8, 54.62], [886.81, 19.66], [886.82, 1.14], [886.83, 0.04], [886.84, 3.1], [886.85, 9.1], [886.86, 2.17]], "timestamp": "2025-12-12T09:14:19.205138+00:00"}, {"symbol": "BNBUSDT", "bids": [[886.75, 6.69], [886.74, 0.05], [886.73, 12.01], [886.72, 0.04], [886.71, 2.3], [886.7, 1.11], [886.69, 2.3], [886.68, 5.45], [886.67, 6.32], [886.66, 6.94], [886.65, 12.32], [886.64, 3.39], [886.63, 1.15], [886.62, 4.42], [886.61, 0.01], [886.6, 16.43], [886.59, 5.44], [886.58, 1.44], [886.56, 1.6], [886.55, 2.3]], "asks": [[886.76, 36.3], [886.77, 0.7], [886.78, 5.32], [886.79, 12.05], [886.8, 19.17], [886.81, 14.15], [886.82, 3.67], [886.83, 11.57], [886.84, 5.32], [886.85, 8.37], [886.86, 4.3], [886.87, 12.41], [886.88, 13.07], [886.89, 3.34], [886.9, 48.24], [886.91, 0.41], [886.92, 13.33], [886.93, 20.84], [886.94, 3.41], [886.95, 12.69]], "timestamp": "2025-12-12T09:15:12.215615+00:00"}, {"symbol": "BNBUSDT", "bids": [[886.66, 48.75], [886.65, 5.14], [886.64, 1.67], [886.63, 16.64], [886.62, 19.29], [886.61, 25.06], [886.6, 10.34], [886.59, 5.11], [886.58, 7.53], [886.57, 0.55], [886.56, 3.8], [886.55, 1.65], [886.54, 0.83], [886.53, 6.39], [886.52, 4.1], [886.51, 2.09], [886.5, 7.14], [886.49, 16.82], [886.48, 2.16], [886.47, 0.74]], "asks": [[886.67, 46.31], [886.68, 1.54], [886.69, 0.45], [886.7, 4.08], [886.71, 1.52], [886.72, 6.22], [886.73, 9.44], [886.74, 4.8], [886.75, 7.51], [886.76, 19.04], [886.77, 2.47], [886.78, 3.71], [886.79, 0.78], [886.8, 22.85], [886.81, 0.62], [886.82, 3.41], [886.83, 1.19], [886.84, 39.62], [886.85, 10.67], [886.86, 0.86]], "timestamp": "2025-12-12T09:16:04.832941+00:00"}, {"symbol": "BNBUSDT", "bids": [[886.75, 44.4], [886.74, 20.5], [886.73, 6.18], [886.72, 2.91], [886.71, 1.68], [886.7, 2.04], [886.69, 1.91], [886.68, 8.87], [886.67, 2.82], [886.66, 2.12], [886.65, 1.18], [886.63, 1.83], [886.62, 4.08], [886.61, 6.0], [886.6, 0.02], [886.59, 4.39], [886.58, 17.33], [886.57, 0.29], [886.56, 1.43], [886.55, 1.46]], "asks": [[886.76, 19.73], [886.77, 0.21], [886.79, 0.73], [886.8, 3.34], [886.81, 4.36], [886.82, 4.8], [886.83, 0.06], [886.84, 19.25], [886.85, 13.75], [886.86, 2.61], [886.87, 10.14], [886.88, 29.35], [886.89, 14.96], [886.9, 39.21], [886.91, 0.06], [886.92, 25.27], [886.93, 0.04], [886.94, 0.57], [886.95, 11.7], [886.96, 1.94]], "timestamp": "2025-12-12T09:16:58.474584+00:00"}, {"symbol": "BNBUSDT", "bids": [[886.97, 6.22], [886.96, 29.63], [886.95, 0.01], [886.93, 0.02], [886.92, 0.04], [886.9, 0.02], [886.89, 1.99], [886.88, 6.11], [886.87, 23.31], [886.86, 1.61], [886.85, 6.51], [886.84, 4.89], [886.83, 1.51], [886.82, 4.66], [886.81, 0.02], [886.8, 3.94], [886.79, 0.56], [886.78, 2.54], [886.77, 4.99], [886.76, 4.4]], "asks": [[886.98, 34.85], [886.99, 7.92], [887.0, 19.27], [887.01, 9.38], [887.02, 21.68], [887.03, 2.49], [887.04, 1.1], [887.05, 16.72], [887.06, 1.02], [887.07, 1.93], [887.08, 43.45], [887.09, 91.23], [887.1, 3.8], [887.11, 18.94], [887.12, 5.16], [887.13, 12.17], [887.14, 3.59], [887.15, 1.17], [887.16, 0.05], [887.17, 5.37]], "timestamp": "2025-12-12T09:17:51.512416+00:00"}, {"symbol": "BNBUSDT", "bids": [[886.77, 25.43], [886.76, 0.18], [886.75, 4.82], [886.74, 13.4], [886.73, 1.15], [886.72, 1.53], [886.71, 4.96], [886.7, 3.83], [886.69, 3.84], [886.68, 1.65], [886.67, 0.25], [886.66, 1.9], [886.65, 10.31], [886.64, 7.88], [886.63, 7.76], [886.62, 6.67], [886.61, 21.33], [886.6, 3.43], [886.59, 1.45], [886.58, 2.39]], "asks": [[886.78, 3.43], [886.8, 0.75], [886.82, 10.29], [886.83, 1.75], [886.84, 4.59], [886.85, 11.93], [886.86, 0.03], [886.87, 7.72], [886.88, 13.41], [886.89, 44.57], [886.9, 14.17], [886.91, 20.64], [886.92, 17.09], [886.93, 12.93], [886.94, 24.35], [886.95, 5.68], [886.96, 0.04], [886.97, 22.82], [886.98, 0.62], [886.99, 11.34]], "timestamp": "2025-12-12T09:18:45.068068+00:00"}, {"symbol": "BNBUSDT", "bids": [[887.12, 57.47], [887.11, 19.95], [887.1, 29.69], [887.09, 13.37], [887.08, 1.89], [887.07, 0.06], [887.06, 4.0], [887.05, 1.1], [887.04, 0.04], [887.03, 0.01], [887.02, 0.83], [887.01, 1.37], [887.0, 3.82], [886.99, 0.27], [886.98, 3.6], [886.97, 6.73], [886.96, 25.86], [886.95, 2.38], [886.94, 12.38], [886.93, 2.1]], "asks": [[887.13, 3.29], [887.16, 1.81], [887.17, 10.86], [887.18, 0.39], [887.19, 4.99], [887.2, 23.4], [887.21, 7.08], [887.22, 17.13], [887.23, 6.96], [887.24, 9.3], [887.25, 0.36], [887.26, 13.15], [887.27, 50.28], [887.28, 46.55], [887.29, 6.34], [887.3, 4.8], [887.31, 0.41], [887.32, 29.22], [887.33, 3.74], [887.34, 16.79]], "timestamp": "2025-12-12T09:19:38.115690+00:00"}, {"symbol": "BNBUSDT", "bids": [[887.04, 23.29], [887.03, 1.37], [887.02, 1.75], [887.01, 2.16], [887.0, 14.22], [886.99, 28.04], [886.98, 5.5], [886.97, 9.23], [886.96, 12.86], [886.95, 16.03], [886.94, 10.17], [886.93, 12.79], [886.92, 15.37], [886.91, 2.43], [886.9, 0.02], [886.89, 2.49], [886.88, 0.02], [886.87, 0.45], [886.86, 0.03], [886.85, 1.15]], "asks": [[887.05, 5.51], [887.06, 6.08], [887.07, 0.02], [887.08, 0.02], [887.09, 0.03], [887.1, 0.17], [887.11, 5.65], [887.12, 0.92], [887.13, 1.69], [887.14, 5.59], [887.15, 14.01], [887.16, 12.28], [887.17, 13.59], [887.18, 0.54], [887.19, 10.67], [887.2, 4.65], [887.21, 17.37], [887.22, 2.61], [887.23, 7.6], [887.24, 11.39]], "timestamp": "2025-12-12T09:20:31.990154+00:00"}, {"symbol": "BNBUSDT", "bids": [[887.23, 42.19], [887.22, 2.31], [887.21, 0.52], [887.2, 5.06], [887.19, 8.3], [887.18, 0.01], [887.17, 12.3], [887.16, 12.34], [887.15, 11.88], [887.14, 35.31], [887.13, 14.4], [887.12, 12.59], [887.11, 8.15], [887.1, 7.85], [887.09, 0.04], [887.08, 1.68], [887.07, 1.15], [887.06, 1.66], [887.05, 1.95], [887.04, 9.2]], "asks": [[887.24, 12.52], [887.25, 0.42], [887.27, 0.04], [887.28, 3.93], [887.29, 0.33], [887.3, 0.15], [887.31, 14.77], [887.32, 3.41], [887.33, 18.38], [887.34, 21.94], [887.35, 105.68], [887.36, 8.79], [887.37, 0.01], [887.38, 25.72], [887.39, 25.67], [887.4, 6.28], [887.41, 9.27], [887.42, 2.37], [887.43, 8.79], [887.44, 7.51]], "timestamp": "2025-12-12T09:21:24.535063+00:00"}, {"symbol": "BNBUSDT", "bids": [[886.84, 32.16], [886.83, 4.69], [886.82, 8.59], [886.81, 0.01], [886.8, 11.04], [886.79, 1.67], [886.78, 2.96], [886.77, 3.4], [886.76, 3.85], [886.75, 9.81], [886.74, 14.41], [886.73, 1.0], [886.72, 4.98], [886.71, 1.19], [886.7, 5.45], [886.69, 0.03], [886.68, 13.91], [886.67, 7.17], [886.66, 2.33], [886.65, 8.23]], "asks": [[886.85, 3.94], [886.86, 1.02], [886.87, 0.03], [886.88, 0.01], [886.89, 0.56], [886.9, 3.76], [886.91, 2.47], [886.92, 0.02], [886.93, 1.75], [886.94, 1.77], [886.95, 7.08], [886.96, 8.5], [886.97, 24.96], [886.98, 14.41], [886.99, 21.69], [887.0, 11.47], [887.01, 0.01], [887.02, 21.62], [887.03, 11.5], [887.04, 46.3]], "timestamp": "2025-12-12T09:22:18.165515+00:00"}, {"symbol": "BNBUSDT", "bids": [[886.85, 7.26], [886.84, 5.84], [886.83, 1.83], [886.82, 0.02], [886.81, 0.01], [886.8, 0.19], [886.79, 0.02], [886.78, 0.71], [886.77, 2.19], [886.76, 7.59], [886.75, 1.36], [886.74, 13.3], [886.73, 2.9], [886.72, 5.7], [886.71, 3.03], [886.7, 0.51], [886.69, 4.46], [886.68, 10.86], [886.67, 5.88], [886.66, 1.38]], "asks": [[886.86, 43.64], [886.87, 20.22], [886.88, 15.74], [886.89, 17.85], [886.9, 14.69], [886.91, 21.85], [886.92, 16.79], [886.93, 23.49], [886.94, 3.28], [886.95, 11.07], [886.96, 7.18], [886.97, 11.86], [886.98, 0.58], [886.99, 26.08], [887.0, 12.8], [887.01, 6.19], [887.02, 17.9], [887.03, 2.77], [887.04, 39.01], [887.05, 11.33]], "timestamp": "2025-12-12T09:23:11.243637+00:00"}, {"symbol": "BNBUSDT", "bids": [[886.9, 34.36], [886.89, 0.47], [886.88, 3.83], [886.87, 2.12], [886.86, 0.25], [886.85, 1.91], [886.84, 16.62], [886.83, 0.72], [886.82, 1.51], [886.81, 1.42], [886.8, 4.13], [886.79, 21.08], [886.78, 1.3], [886.77, 0.57], [886.76, 10.52], [886.75, 5.95], [886.74, 13.3], [886.73, 1.57], [886.72, 0.97], [886.71, 0.35]], "asks": [[886.91, 4.02], [886.92, 0.02], [886.93, 0.61], [886.94, 2.11], [886.95, 13.51], [886.96, 4.7], [886.97, 0.44], [886.98, 14.52], [886.99, 5.0], [887.0, 18.43], [887.01, 11.92], [887.02, 20.16], [887.03, 11.6], [887.04, 41.82], [887.05, 9.97], [887.06, 6.96], [887.07, 1.52], [887.08, 5.18], [887.1, 1.31], [887.11, 8.0]], "timestamp": "2025-12-12T09:24:04.867671+00:00"}, {"symbol": "BNBUSDT", "bids": [[886.84, 17.91], [886.83, 0.04], [886.82, 5.24], [886.81, 0.17], [886.8, 0.25], [886.78, 1.21], [886.77, 1.91], [886.76, 1.87], [886.75, 3.91], [886.74, 18.59], [886.73, 4.12], [886.72, 3.97], [886.71, 2.23], [886.7, 4.41], [886.69, 20.32], [886.68, 5.88], [886.67, 0.08], [886.66, 0.45], [886.65, 6.14], [886.64, 0.4]], "asks": [[886.85, 25.41], [886.86, 17.83], [886.87, 5.03], [886.88, 11.38], [886.89, 21.31], [886.9, 4.79], [886.91, 5.04], [886.92, 33.48], [886.93, 6.88], [886.94, 12.99], [886.95, 18.91], [886.96, 8.01], [886.97, 22.63], [886.98, 3.94], [886.99, 9.08], [887.0, 9.24], [887.01, 0.93], [887.02, 2.12], [887.03, 5.31], [887.04, 37.08]], "timestamp": "2025-12-12T09:24:58.832702+00:00"}, {"symbol": "BNBUSDT", "bids": [[887.14, 3.24], [887.13, 0.02], [887.12, 0.28], [887.11, 8.98], [887.1, 0.01], [887.09, 5.07], [887.08, 0.27], [887.07, 4.54], [887.04, 1.39], [887.03, 5.26], [887.02, 0.02], [887.01, 0.03], [887.0, 6.12], [886.99, 1.39], [886.98, 8.74], [886.97, 8.74], [886.96, 28.44], [886.95, 1.67], [886.94, 7.24], [886.93, 8.43]], "asks": [[887.15, 129.46], [887.16, 2.12], [887.17, 12.8], [887.18, 0.16], [887.19, 1.64], [887.2, 47.7], [887.21, 4.94], [887.22, 2.97], [887.23, 30.69], [887.24, 18.99], [887.25, 7.9], [887.26, 5.58], [887.27, 61.64], [887.28, 9.05], [887.29, 2.79], [887.3, 8.31], [887.31, 13.5], [887.32, 9.31], [887.33, 6.18], [887.34, 21.75]], "timestamp": "2025-12-12T09:25:53.003944+00:00"}, {"symbol": "BNBUSDT", "bids": [[887.04, 2.49], [887.03, 0.13], [887.01, 0.11], [887.0, 4.3], [886.99, 1.44], [886.98, 0.02], [886.97, 0.01], [886.96, 5.47], [886.95, 8.44], [886.94, 1.69], [886.93, 8.2], [886.92, 6.23], [886.91, 5.11], [886.9, 5.03], [886.89, 2.27], [886.88, 25.01], [886.86, 1.11], [886.85, 1.9], [886.84, 15.32], [886.83, 0.3]], "asks": [[887.05, 58.16], [887.06, 0.23], [887.07, 17.25], [887.08, 5.06], [887.09, 23.83], [887.1, 4.64], [887.11, 4.18], [887.12, 20.19], [887.13, 33.3], [887.14, 22.84], [887.15, 2.99], [887.16, 14.39], [887.17, 1.24], [887.18, 2.62], [887.19, 14.2], [887.2, 13.57], [887.21, 4.8], [887.22, 15.12], [887.23, 6.5], [887.24, 17.02]], "timestamp": "2025-12-12T09:26:46.244994+00:00"}, {"symbol": "BNBUSDT", "bids": [[886.73, 6.49], [886.72, 1.16], [886.71, 0.24], [886.7, 0.73], [886.69, 0.7], [886.68, 5.57], [886.67, 0.09], [886.66, 0.04], [886.65, 2.47], [886.64, 2.26], [886.63, 2.34], [886.62, 10.74], [886.61, 0.53], [886.6, 2.08], [886.59, 0.29], [886.58, 4.71], [886.57, 25.06], [886.56, 4.03], [886.55, 1.18], [886.54, 0.46]], "asks": [[886.74, 56.38], [886.75, 1.73], [886.76, 4.69], [886.77, 5.74], [886.78, 16.52], [886.79, 4.3], [886.8, 20.14], [886.81, 14.11], [886.82, 22.78], [886.83, 18.55], [886.84, 11.34], [886.85, 12.58], [886.86, 3.79], [886.87, 4.61], [886.88, 8.52], [886.89, 2.48], [886.9, 5.62], [886.91, 16.94], [886.92, 23.43], [886.93, 20.03]], "timestamp": "2025-12-12T09:27:39.532475+00:00"}, {"symbol": "BNBUSDT", "bids": [[886.45, 37.08], [886.44, 0.27], [886.43, 7.09], [886.42, 3.06], [886.41, 15.04], [886.4, 3.23], [886.39, 2.34], [886.38, 8.18], [886.37, 1.3], [886.36, 2.2], [886.35, 2.63], [886.34, 7.32], [886.33, 2.55], [886.32, 1.27], [886.31, 10.05], [886.3, 0.89], [886.29, 0.23], [886.28, 4.87], [886.27, 13.1], [886.26, 1.11]], "asks": [[886.46, 8.79], [886.47, 0.44], [886.48, 0.03], [886.49, 1.18], [886.5, 3.27], [886.51, 2.57], [886.52, 6.71], [886.53, 2.85], [886.54, 13.75], [886.55, 7.91], [886.56, 0.19], [886.57, 11.16], [886.58, 1.95], [886.59, 1.97], [886.6, 14.62], [886.61, 20.26], [886.62, 3.57], [886.63, 2.54], [886.64, 6.84], [886.65, 3.03]], "timestamp": "2025-12-12T09:28:32.544794+00:00"}, {"symbol": "BNBUSDT", "bids": [[886.21, 3.15], [886.2, 1.52], [886.19, 0.27], [886.17, 2.28], [886.16, 2.37], [886.15, 2.01], [886.14, 0.02], [886.13, 7.11], [886.12, 3.06], [886.11, 2.84], [886.1, 1.03], [886.08, 10.44], [886.07, 1.09], [886.06, 10.93], [886.05, 7.8], [886.04, 7.34], [886.03, 21.29], [886.02, 7.13], [886.01, 1.96], [886.0, 24.5]], "asks": [[886.22, 55.47], [886.23, 2.65], [886.24, 4.82], [886.25, 5.34], [886.26, 0.06], [886.27, 1.09], [886.28, 3.96], [886.29, 6.6], [886.3, 16.87], [886.31, 3.93], [886.32, 8.54], [886.33, 3.53], [886.34, 13.94], [886.35, 2.78], [886.36, 25.65], [886.37, 5.27], [886.38, 14.6], [886.39, 18.26], [886.4, 27.59], [886.41, 3.37]], "timestamp": "2025-12-12T09:29:25.929153+00:00"}, {"symbol": "BNBUSDT", "bids": [[885.42, 4.08], [885.41, 5.1], [885.4, 0.01], [885.37, 3.43], [885.36, 2.77], [885.35, 2.45], [885.34, 3.62], [885.33, 8.74], [885.32, 7.2], [885.31, 34.19], [885.3, 4.18], [885.29, 3.39], [885.28, 0.68], [885.27, 0.01], [885.26, 2.71], [885.25, 0.35], [885.24, 4.72], [885.23, 4.25], [885.22, 0.54], [885.21, 22.12]], "asks": [[885.43, 21.68], [885.44, 2.04], [885.45, 0.23], [885.46, 7.51], [885.47, 10.88], [885.48, 4.56], [885.49, 14.02], [885.5, 9.04], [885.51, 2.31], [885.52, 8.82], [885.53, 0.42], [885.54, 31.77], [885.55, 1.37], [885.56, 10.5], [885.57, 16.15], [885.58, 0.49], [885.59, 3.78], [885.6, 12.18], [885.61, 31.09], [885.62, 6.75]], "timestamp": "2025-12-12T09:30:18.430840+00:00"}, {"symbol": "BNBUSDT", "bids": [[886.07, 2.99], [886.06, 0.02], [886.02, 0.58], [886.0, 0.05], [885.99, 0.01], [885.98, 0.3], [885.97, 0.55], [885.96, 0.01], [885.95, 1.57], [885.94, 0.07], [885.93, 10.09], [885.92, 4.8], [885.91, 5.39], [885.9, 8.92], [885.89, 11.3], [885.88, 7.0], [885.87, 2.15], [885.86, 14.36], [885.85, 8.36], [885.84, 17.16]], "asks": [[886.08, 65.42], [886.09, 2.23], [886.1, 2.31], [886.11, 1.12], [886.12, 19.68], [886.13, 23.21], [886.14, 1.88], [886.15, 4.5], [886.16, 7.2], [886.17, 3.75], [886.18, 3.65], [886.19, 4.79], [886.2, 7.0], [886.21, 11.4], [886.22, 14.7], [886.23, 0.02], [886.24, 12.18], [886.25, 40.16], [886.26, 12.37], [886.27, 1.16]], "timestamp": "2025-12-12T09:31:11.106300+00:00"}, {"symbol": "BNBUSDT", "bids": [[885.98, 52.02], [885.97, 29.8], [885.96, 12.81], [885.95, 7.95], [885.94, 0.01], [885.93, 14.88], [885.92, 14.53], [885.91, 27.86], [885.9, 14.8], [885.89, 3.78], [885.88, 1.41], [885.87, 1.03], [885.85, 3.03], [885.84, 14.08], [885.83, 0.01], [885.82, 4.02], [885.81, 0.14], [885.8, 1.12], [885.79, 2.29], [885.78, 0.04]], "asks": [[885.99, 12.67], [886.0, 0.24], [886.02, 0.33], [886.03, 1.46], [886.04, 1.8], [886.05, 0.21], [886.06, 2.44], [886.07, 6.78], [886.08, 5.83], [886.09, 3.75], [886.1, 9.68], [886.11, 23.1], [886.12, 2.81], [886.13, 8.75], [886.14, 0.96], [886.15, 7.64], [886.16, 6.56], [886.17, 4.89], [886.18, 0.33], [886.19, 5.05]], "timestamp": "2025-12-12T09:32:04.749333+00:00"}, {"symbol": "BNBUSDT", "bids": [[886.13, 67.08], [886.12, 18.93], [886.11, 0.24], [886.1, 1.34], [886.09, 8.74], [886.08, 13.27], [886.07, 5.64], [886.06, 11.43], [886.05, 13.87], [886.04, 15.78], [886.03, 2.42], [886.02, 0.03], [886.01, 19.86], [886.0, 22.4], [885.99, 7.78], [885.98, 13.26], [885.97, 7.78], [885.96, 5.84], [885.95, 7.25], [885.94, 1.02]], "asks": [[886.14, 0.3], [886.15, 0.01], [886.16, 0.02], [886.17, 0.06], [886.18, 1.68], [886.19, 0.83], [886.2, 5.42], [886.21, 0.05], [886.22, 12.53], [886.23, 3.74], [886.24, 2.81], [886.25, 2.86], [886.26, 14.0], [886.27, 1.16], [886.28, 4.57], [886.29, 6.34], [886.3, 13.21], [886.31, 14.39], [886.32, 6.01], [886.33, 5.78]], "timestamp": "2025-12-12T09:32:57.670281+00:00"}, {"symbol": "BNBUSDT", "bids": [[886.0, 13.42], [885.99, 7.27], [885.98, 0.59], [885.97, 0.04], [885.96, 0.01], [885.94, 1.98], [885.93, 3.5], [885.92, 21.83], [885.91, 7.03], [885.9, 10.09], [885.89, 0.01], [885.88, 7.26], [885.87, 1.09], [885.86, 0.01], [885.85, 1.15], [885.84, 7.42], [885.83, 0.23], [885.82, 2.57], [885.81, 39.34], [885.8, 1.45]], "asks": [[886.01, 43.43], [886.02, 1.36], [886.03, 1.42], [886.04, 2.53], [886.05, 5.83], [886.06, 7.02], [886.07, 9.78], [886.08, 26.73], [886.09, 0.02], [886.1, 4.49], [886.11, 0.81], [886.12, 21.86], [886.13, 15.25], [886.14, 0.94], [886.15, 16.62], [886.16, 4.8], [886.17, 2.59], [886.18, 2.69], [886.19, 19.38], [886.2, 5.68]], "timestamp": "2025-12-12T09:33:51.012607+00:00"}, {"symbol": "BNBUSDT", "bids": [[885.92, 76.46], [885.91, 0.52], [885.9, 19.81], [885.89, 26.08], [885.88, 16.61], [885.87, 17.88], [885.86, 5.94], [885.85, 15.61], [885.84, 32.3], [885.83, 1.25], [885.82, 2.68], [885.81, 0.02], [885.8, 0.35], [885.79, 1.07], [885.78, 1.17], [885.77, 0.02], [885.76, 3.91], [885.75, 3.16], [885.74, 1.08], [885.73, 2.69]], "asks": [[885.93, 1.25], [885.94, 0.04], [885.95, 1.61], [885.96, 0.04], [885.98, 0.02], [885.99, 2.37], [886.0, 2.43], [886.01, 2.01], [886.02, 6.82], [886.03, 3.92], [886.04, 5.32], [886.05, 13.58], [886.06, 8.08], [886.07, 10.84], [886.08, 10.26], [886.09, 31.0], [886.1, 3.65], [886.11, 4.31], [886.12, 1.03], [886.13, 1.13]], "timestamp": "2025-12-12T09:34:44.058842+00:00"}, {"symbol": "BNBUSDT", "bids": [[886.18, 5.27], [886.17, 0.03], [886.16, 0.02], [886.14, 0.59], [886.13, 4.65], [886.12, 0.28], [886.11, 5.09], [886.1, 3.41], [886.09, 13.12], [886.08, 1.86], [886.07, 6.33], [886.06, 10.92], [886.05, 9.97], [886.04, 27.79], [886.03, 7.78], [886.02, 0.05], [886.01, 3.69], [886.0, 8.13], [885.99, 3.58], [885.98, 0.35]], "asks": [[886.19, 85.16], [886.2, 31.11], [886.21, 21.56], [886.22, 8.6], [886.23, 10.84], [886.24, 31.13], [886.25, 14.06], [886.26, 9.53], [886.27, 14.54], [886.28, 3.11], [886.29, 1.59], [886.3, 11.46], [886.31, 0.06], [886.32, 1.01], [886.33, 3.28], [886.34, 11.31], [886.35, 2.4], [886.36, 11.59], [886.37, 21.07], [886.38, 8.0]], "timestamp": "2025-12-12T09:35:38.162608+00:00"}, {"symbol": "BNBUSDT", "bids": [[885.98, 6.07], [885.96, 0.27], [885.95, 0.02], [885.94, 0.86], [885.93, 0.67], [885.92, 0.03], [885.91, 1.54], [885.9, 0.59], [885.89, 0.03], [885.88, 10.21], [885.87, 1.5], [885.86, 0.77], [885.85, 3.07], [885.84, 21.77], [885.83, 3.32], [885.82, 0.02], [885.81, 3.54], [885.8, 6.79], [885.79, 2.93], [885.78, 11.57]], "asks": [[885.99, 83.53], [886.0, 11.82], [886.01, 15.99], [886.02, 0.03], [886.03, 0.92], [886.04, 5.76], [886.05, 5.18], [886.06, 23.98], [886.07, 5.21], [886.08, 6.87], [886.09, 9.22], [886.1, 2.19], [886.11, 4.41], [886.12, 4.6], [886.13, 20.67], [886.14, 1.3], [886.15, 4.05], [886.16, 9.67], [886.17, 17.21], [886.18, 22.65]], "timestamp": "2025-12-12T09:36:31.373000+00:00"}, {"symbol": "BNBUSDT", "bids": [[886.12, 53.82], [886.11, 5.26], [886.08, 0.6], [886.07, 0.83], [886.06, 0.32], [886.05, 4.07], [886.04, 1.02], [886.03, 1.27], [886.02, 2.73], [886.01, 16.86], [886.0, 2.54], [885.99, 7.02], [885.98, 17.19], [885.97, 6.03], [885.96, 11.32], [885.95, 5.19], [885.94, 10.24], [885.93, 14.19], [885.92, 2.65], [885.91, 7.95]], "asks": [[886.13, 24.73], [886.14, 0.03], [886.15, 1.62], [886.16, 2.69], [886.17, 1.93], [886.18, 1.91], [886.19, 0.56], [886.2, 1.89], [886.21, 10.94], [886.22, 1.13], [886.23, 0.13], [886.24, 4.24], [886.25, 6.19], [886.26, 6.88], [886.27, 18.76], [886.28, 1.06], [886.29, 10.0], [886.3, 9.58], [886.31, 38.23], [886.32, 0.23]], "timestamp": "2025-12-12T09:37:24.351212+00:00"}, {"symbol": "BNBUSDT", "bids": [[886.12, 14.46], [886.11, 1.11], [886.08, 1.21], [886.07, 6.59], [886.06, 0.27], [886.05, 2.38], [886.03, 5.05], [886.02, 34.19], [886.01, 0.04], [886.0, 2.61], [885.99, 2.91], [885.98, 11.07], [885.97, 0.01], [885.96, 14.34], [885.95, 3.38], [885.94, 12.22], [885.93, 8.42], [885.92, 7.72], [885.91, 16.02], [885.9, 4.24]], "asks": [[886.13, 61.6], [886.14, 8.71], [886.15, 18.58], [886.16, 7.73], [886.17, 7.55], [886.18, 12.7], [886.19, 20.63], [886.2, 4.25], [886.21, 4.51], [886.22, 21.45], [886.23, 0.02], [886.24, 4.13], [886.25, 2.32], [886.26, 11.71], [886.27, 3.13], [886.28, 5.27], [886.29, 2.93], [886.3, 17.84], [886.31, 1.22], [886.32, 5.7]], "timestamp": "2025-12-12T09:38:17.567050+00:00"}, {"symbol": "BNBUSDT", "bids": [[885.78, 8.66], [885.77, 0.02], [885.76, 0.24], [885.75, 0.08], [885.74, 22.18], [885.73, 0.97], [885.72, 10.41], [885.71, 5.51], [885.69, 0.02], [885.68, 6.36], [885.67, 18.45], [885.66, 4.59], [885.65, 7.54], [885.64, 20.69], [885.63, 0.01], [885.62, 2.96], [885.61, 3.05], [885.6, 21.2], [885.59, 6.33], [885.58, 33.89]], "asks": [[885.79, 51.23], [885.8, 0.03], [885.81, 5.76], [885.82, 3.08], [885.83, 3.05], [885.84, 34.7], [885.85, 24.03], [885.86, 4.27], [885.87, 1.93], [885.88, 2.3], [885.89, 0.13], [885.9, 1.09], [885.91, 0.95], [885.92, 15.59], [885.93, 1.08], [885.94, 3.62], [885.96, 22.72], [885.97, 7.28], [885.98, 20.56], [885.99, 7.17]], "timestamp": "2025-12-12T09:39:10.910566+00:00"}, {"symbol": "BNBUSDT", "bids": [[885.75, 29.86], [885.74, 29.73], [885.73, 0.95], [885.72, 1.8], [885.71, 6.99], [885.7, 7.98], [885.69, 3.2], [885.68, 16.03], [885.67, 0.94], [885.66, 12.2], [885.65, 15.21], [885.64, 10.75], [885.63, 5.28], [885.62, 0.96], [885.61, 30.52], [885.6, 8.75], [885.59, 3.64], [885.58, 34.31], [885.57, 1.97], [885.56, 7.99]], "asks": [[885.76, 6.34], [885.77, 0.02], [885.79, 0.02], [885.8, 0.05], [885.82, 1.57], [885.83, 6.7], [885.84, 2.94], [885.85, 3.09], [885.86, 1.67], [885.87, 3.29], [885.88, 21.86], [885.89, 2.51], [885.9, 1.7], [885.92, 10.47], [885.93, 9.16], [885.94, 0.66], [885.96, 0.03], [885.97, 1.22], [885.98, 1.82], [885.99, 2.83]], "timestamp": "2025-12-12T09:40:03.548632+00:00"}, {"symbol": "BNBUSDT", "bids": [[886.18, 94.47], [886.17, 16.39], [886.16, 26.82], [886.15, 14.6], [886.14, 33.47], [886.13, 49.97], [886.12, 47.19], [886.11, 9.89], [886.1, 9.9], [886.09, 17.33], [886.08, 5.24], [886.07, 4.48], [886.06, 5.65], [886.05, 17.93], [886.03, 13.54], [886.02, 0.92], [886.01, 12.62], [886.0, 50.97], [885.99, 15.38], [885.98, 21.02]], "asks": [[886.19, 0.43], [886.2, 0.67], [886.21, 0.02], [886.23, 0.58], [886.24, 3.41], [886.26, 0.92], [886.27, 2.67], [886.28, 3.61], [886.29, 19.08], [886.3, 0.05], [886.31, 3.93], [886.32, 0.33], [886.33, 1.65], [886.34, 0.23], [886.35, 0.04], [886.36, 2.25], [886.37, 0.02], [886.38, 4.34], [886.39, 9.53], [886.4, 7.35]], "timestamp": "2025-12-12T09:40:57.104272+00:00"}, {"symbol": "BNBUSDT", "bids": [[886.12, 76.28], [886.11, 8.18], [886.1, 12.94], [886.09, 9.68], [886.08, 23.5], [886.07, 11.11], [886.06, 2.25], [886.05, 1.6], [886.04, 1.98], [886.03, 7.49], [886.02, 0.87], [886.01, 4.11], [886.0, 6.65], [885.99, 5.57], [885.98, 8.66], [885.96, 21.04], [885.95, 35.68], [885.94, 3.8], [885.93, 1.16], [885.92, 1.88]], "asks": [[886.13, 1.9], [886.14, 0.03], [886.15, 0.01], [886.16, 0.01], [886.17, 0.99], [886.18, 0.88], [886.19, 0.01], [886.2, 3.0], [886.21, 1.03], [886.22, 0.28], [886.23, 4.73], [886.24, 14.84], [886.25, 6.35], [886.26, 2.56], [886.27, 13.57], [886.28, 14.06], [886.29, 1.82], [886.3, 17.86], [886.31, 2.68], [886.32, 7.74]], "timestamp": "2025-12-12T09:41:50.085459+00:00"}, {"symbol": "BNBUSDT", "bids": [[886.35, 35.75], [886.34, 1.06], [886.33, 0.01], [886.32, 13.49], [886.31, 7.08], [886.3, 7.21], [886.29, 2.62], [886.28, 15.67], [886.27, 5.97], [886.26, 2.99], [886.25, 2.63], [886.24, 28.78], [886.23, 2.81], [886.22, 10.28], [886.21, 34.53], [886.2, 9.11], [886.19, 2.13], [886.18, 34.95], [886.17, 0.96], [886.16, 13.47]], "asks": [[886.36, 7.17], [886.37, 0.53], [886.38, 4.62], [886.39, 0.02], [886.4, 0.02], [886.41, 1.92], [886.42, 3.46], [886.43, 0.15], [886.44, 3.74], [886.45, 18.2], [886.46, 4.61], [886.47, 0.04], [886.48, 4.49], [886.49, 1.8], [886.5, 1.55], [886.51, 14.58], [886.52, 5.31], [886.53, 13.04], [886.54, 0.03], [886.55, 6.88]], "timestamp": "2025-12-12T09:42:43.297436+00:00"}, {"symbol": "BNBUSDT", "bids": [[886.48, 35.51], [886.47, 6.93], [886.46, 0.78], [886.44, 14.15], [886.43, 1.11], [886.42, 5.35], [886.41, 17.62], [886.4, 7.47], [886.39, 3.4], [886.38, 6.65], [886.37, 13.58], [886.36, 7.08], [886.35, 2.46], [886.34, 4.36], [886.32, 5.15], [886.31, 2.93], [886.3, 5.32], [886.29, 0.88], [886.28, 5.17], [886.27, 21.07]], "asks": [[886.49, 0.84], [886.5, 0.3], [886.51, 0.02], [886.52, 0.01], [886.53, 0.72], [886.54, 0.15], [886.55, 2.5], [886.56, 2.99], [886.57, 1.14], [886.58, 5.96], [886.59, 3.69], [886.6, 6.94], [886.61, 1.46], [886.62, 9.91], [886.63, 2.55], [886.64, 5.04], [886.65, 2.43], [886.66, 2.64], [886.67, 11.31], [886.68, 5.17]], "timestamp": "2025-12-12T09:43:37.259882+00:00"}, {"symbol": "BNBUSDT", "bids": [[886.54, 7.92], [886.53, 1.18], [886.51, 1.68], [886.5, 0.06], [886.49, 1.24], [886.48, 20.15], [886.47, 0.07], [886.46, 2.61], [886.45, 1.0], [886.44, 9.52], [886.43, 1.48], [886.42, 4.27], [886.41, 1.3], [886.4, 12.4], [886.39, 3.4], [886.38, 36.87], [886.37, 5.01], [886.36, 3.69], [886.35, 11.65], [886.34, 3.06]], "asks": [[886.55, 29.09], [886.56, 6.41], [886.57, 1.83], [886.58, 5.28], [886.59, 3.56], [886.6, 9.2], [886.61, 0.06], [886.62, 17.51], [886.63, 5.79], [886.64, 30.54], [886.65, 5.96], [886.66, 15.94], [886.67, 12.85], [886.68, 8.54], [886.69, 24.96], [886.7, 1.35], [886.71, 19.59], [886.72, 9.09], [886.73, 26.91], [886.74, 4.6]], "timestamp": "2025-12-12T09:44:30.303663+00:00"}, {"symbol": "BNBUSDT", "bids": [[886.5, 28.59], [886.49, 1.86], [886.48, 22.16], [886.47, 0.85], [886.46, 20.32], [886.45, 1.62], [886.44, 9.62], [886.43, 18.94], [886.42, 8.15], [886.41, 4.9], [886.4, 15.48], [886.39, 2.12], [886.38, 36.3], [886.37, 9.12], [886.36, 0.3], [886.35, 0.37], [886.34, 0.02], [886.33, 0.67], [886.32, 10.01], [886.31, 0.88]], "asks": [[886.51, 20.43], [886.52, 0.02], [886.54, 1.77], [886.55, 2.64], [886.56, 0.02], [886.57, 0.05], [886.58, 0.01], [886.59, 1.5], [886.6, 8.1], [886.61, 3.62], [886.62, 13.89], [886.63, 2.63], [886.64, 10.39], [886.65, 11.47], [886.66, 5.46], [886.67, 5.62], [886.68, 17.8], [886.69, 19.27], [886.7, 0.9], [886.71, 30.39]], "timestamp": "2025-12-12T09:45:23.260394+00:00"}, {"symbol": "BNBUSDT", "bids": [[885.92, 18.95], [885.91, 0.37], [885.9, 0.75], [885.89, 7.21], [885.88, 9.72], [885.87, 3.86], [885.86, 7.33], [885.85, 7.58], [885.84, 4.38], [885.83, 4.59], [885.82, 5.23], [885.81, 23.04], [885.8, 9.56], [885.79, 1.84], [885.78, 18.95], [885.77, 0.02], [885.76, 47.78], [885.75, 7.87], [885.74, 0.36], [885.73, 15.74]], "asks": [[885.93, 13.35], [885.95, 1.93], [885.96, 0.03], [885.97, 5.07], [885.98, 5.45], [885.99, 5.42], [886.0, 12.34], [886.01, 13.82], [886.02, 6.96], [886.03, 0.64], [886.04, 1.21], [886.05, 4.48], [886.06, 2.8], [886.07, 1.46], [886.08, 8.37], [886.09, 0.02], [886.1, 2.1], [886.11, 24.88], [886.12, 21.74], [886.13, 0.56]], "timestamp": "2025-12-12T09:46:16.494075+00:00"}, {"symbol": "BNBUSDT", "bids": [[885.77, 84.33], [885.76, 0.16], [885.75, 9.03], [885.74, 10.14], [885.73, 30.74], [885.72, 23.25], [885.71, 25.93], [885.7, 16.08], [885.69, 23.86], [885.68, 12.41], [885.67, 1.52], [885.66, 0.38], [885.65, 1.47], [885.64, 1.1], [885.63, 1.32], [885.62, 0.05], [885.61, 2.14], [885.6, 4.16], [885.58, 13.49], [885.57, 3.99]], "asks": [[885.78, 0.37], [885.79, 0.02], [885.8, 0.04], [885.81, 0.01], [885.83, 0.01], [885.84, 2.41], [885.85, 0.02], [885.86, 1.91], [885.87, 0.04], [885.88, 4.33], [885.89, 13.84], [885.9, 1.57], [885.92, 19.44], [885.93, 8.61], [885.94, 0.3], [885.95, 3.34], [885.96, 16.78], [885.97, 9.43], [885.98, 1.36], [885.99, 8.81]], "timestamp": "2025-12-12T09:47:09.453388+00:00"}, {"symbol": "BNBUSDT", "bids": [[885.96, 21.66], [885.95, 13.98], [885.94, 0.02], [885.93, 0.02], [885.92, 0.8], [885.91, 3.23], [885.9, 3.42], [885.89, 3.36], [885.88, 2.57], [885.87, 20.16], [885.86, 5.35], [885.85, 1.23], [885.84, 7.05], [885.83, 6.44], [885.82, 0.02], [885.81, 0.03], [885.8, 5.01], [885.79, 1.63], [885.78, 4.5], [885.77, 0.05]], "asks": [[885.97, 23.92], [885.98, 1.29], [885.99, 1.28], [886.0, 0.02], [886.01, 1.0], [886.02, 4.79], [886.03, 3.3], [886.04, 22.74], [886.05, 0.3], [886.06, 3.14], [886.07, 10.66], [886.08, 12.72], [886.09, 2.21], [886.1, 2.54], [886.11, 8.8], [886.12, 9.6], [886.13, 11.29], [886.14, 2.38], [886.15, 46.93], [886.16, 13.96]], "timestamp": "2025-12-12T09:48:02.208352+00:00"}, {"symbol": "BNBUSDT", "bids": [[886.24, 23.47], [886.23, 0.08], [886.22, 0.14], [886.21, 9.81], [886.2, 22.66], [886.19, 1.33], [886.18, 4.39], [886.17, 14.02], [886.16, 6.31], [886.15, 6.04], [886.14, 2.62], [886.13, 20.67], [886.12, 4.54], [886.11, 12.3], [886.1, 10.82], [886.09, 1.37], [886.08, 16.9], [886.07, 1.37], [886.06, 33.92], [886.05, 0.07]], "asks": [[886.25, 22.89], [886.26, 0.03], [886.27, 5.0], [886.28, 0.01], [886.31, 0.03], [886.32, 10.75], [886.33, 15.18], [886.34, 29.26], [886.35, 6.36], [886.36, 0.9], [886.37, 2.11], [886.38, 2.12], [886.39, 0.2], [886.4, 11.99], [886.41, 16.7], [886.42, 7.24], [886.43, 6.43], [886.44, 11.52], [886.45, 0.01], [886.46, 17.65]], "timestamp": "2025-12-12T09:48:55.727809+00:00"}, {"symbol": "BNBUSDT", "bids": [[886.79, 32.88], [886.78, 9.0], [886.77, 10.35], [886.76, 2.15], [886.75, 3.07], [886.74, 2.29], [886.73, 1.36], [886.72, 4.55], [886.71, 4.71], [886.7, 9.95], [886.69, 1.5], [886.68, 11.38], [886.67, 6.08], [886.66, 0.98], [886.65, 34.25], [886.64, 6.64], [886.63, 1.08], [886.62, 0.31], [886.61, 2.56], [886.6, 8.98]], "asks": [[886.8, 14.07], [886.81, 4.03], [886.82, 1.32], [886.83, 0.03], [886.84, 33.45], [886.85, 1.08], [886.86, 4.48], [886.87, 38.02], [886.88, 1.56], [886.89, 45.59], [886.9, 273.8], [886.91, 14.69], [886.92, 0.27], [886.93, 1.13], [886.94, 0.01], [886.95, 1.16], [886.96, 2.32], [886.97, 0.02], [886.98, 2.74], [886.99, 8.84]], "timestamp": "2025-12-12T09:49:49.598995+00:00"}, {"symbol": "BNBUSDT", "bids": [[887.38, 61.21], [887.37, 9.89], [887.36, 11.11], [887.35, 8.15], [887.34, 7.78], [887.32, 4.9], [887.31, 22.22], [887.3, 0.26], [887.29, 8.38], [887.28, 6.89], [887.27, 17.53], [887.26, 0.28], [887.25, 6.35], [887.24, 7.14], [887.23, 6.43], [887.22, 10.73], [887.21, 3.7], [887.2, 4.68], [887.19, 23.75], [887.18, 14.76]], "asks": [[887.39, 4.82], [887.4, 0.04], [887.41, 3.03], [887.42, 0.02], [887.43, 0.01], [887.44, 0.01], [887.45, 2.09], [887.46, 2.41], [887.47, 3.92], [887.48, 8.14], [887.49, 2.33], [887.5, 3.15], [887.51, 7.81], [887.52, 6.99], [887.53, 3.02], [887.54, 8.01], [887.55, 2.92], [887.56, 5.05], [887.57, 8.47], [887.58, 0.04]], "timestamp": "2025-12-12T09:50:42.226969+00:00"}, {"symbol": "BNBUSDT", "bids": [[887.59, 26.08], [887.58, 0.02], [887.57, 7.9], [887.56, 8.29], [887.55, 15.53], [887.54, 18.35], [887.53, 8.21], [887.52, 11.5], [887.51, 14.82], [887.5, 18.19], [887.49, 4.25], [887.48, 1.72], [887.47, 2.59], [887.46, 6.4], [887.45, 2.31], [887.44, 2.84], [887.43, 0.03], [887.42, 12.21], [887.41, 1.89], [887.4, 1.89]], "asks": [[887.6, 23.67], [887.61, 0.02], [887.63, 0.89], [887.64, 1.31], [887.65, 1.38], [887.66, 1.98], [887.67, 0.03], [887.68, 4.72], [887.69, 8.3], [887.7, 2.82], [887.71, 12.72], [887.72, 8.93], [887.73, 2.71], [887.74, 0.04], [887.75, 0.01], [887.76, 7.44], [887.77, 5.04], [887.78, 6.02], [887.79, 2.34], [887.8, 16.29]], "timestamp": "2025-12-12T09:51:35.635905+00:00"}, {"symbol": "BNBUSDT", "bids": [[887.19, 13.9], [887.18, 1.39], [887.16, 0.15], [887.15, 0.08], [887.14, 0.17], [887.13, 0.27], [887.12, 1.42], [887.11, 3.0], [887.1, 2.74], [887.09, 5.78], [887.08, 5.04], [887.07, 16.1], [887.06, 0.21], [887.05, 0.03], [887.04, 6.87], [887.03, 7.83], [887.02, 12.5], [887.01, 0.66], [887.0, 12.0], [886.99, 19.53]], "asks": [[887.2, 31.9], [887.21, 39.91], [887.22, 4.72], [887.23, 7.28], [887.24, 0.68], [887.25, 10.13], [887.26, 5.65], [887.27, 10.14], [887.28, 7.07], [887.29, 6.04], [887.3, 18.33], [887.31, 4.03], [887.32, 4.26], [887.33, 1.28], [887.34, 0.02], [887.35, 16.71], [887.36, 6.1], [887.37, 0.58], [887.38, 0.39], [887.39, 28.15]], "timestamp": "2025-12-12T09:52:28.313102+00:00"}, {"symbol": "BNBUSDT", "bids": [[887.37, 21.57], [887.36, 21.97], [887.35, 0.02], [887.34, 0.01], [887.32, 0.8], [887.31, 0.01], [887.3, 1.01], [887.29, 3.09], [887.28, 0.5], [887.27, 4.35], [887.26, 20.7], [887.25, 5.21], [887.24, 5.35], [887.23, 17.96], [887.22, 8.65], [887.21, 1.99], [887.2, 10.56], [887.19, 8.84], [887.18, 26.34], [887.17, 0.02]], "asks": [[887.38, 30.86], [887.39, 0.03], [887.4, 1.0], [887.41, 0.46], [887.42, 0.27], [887.43, 1.82], [887.44, 3.8], [887.45, 1.11], [887.46, 5.05], [887.47, 1.57], [887.48, 7.11], [887.49, 19.82], [887.5, 0.88], [887.51, 18.22], [887.52, 14.76], [887.53, 2.04], [887.54, 4.38], [887.55, 11.73], [887.56, 7.88], [887.57, 8.48]], "timestamp": "2025-12-12T09:53:21.221640+00:00"}, {"symbol": "BNBUSDT", "bids": [[887.24, 1.55], [887.23, 0.02], [887.22, 0.01], [887.21, 0.01], [887.2, 5.09], [887.19, 0.94], [887.18, 0.02], [887.16, 11.74], [887.15, 2.39], [887.14, 1.68], [887.13, 0.31], [887.12, 6.99], [887.11, 2.64], [887.1, 3.8], [887.09, 3.09], [887.08, 8.15], [887.07, 19.07], [887.06, 1.91], [887.05, 3.0], [887.04, 15.77]], "asks": [[887.25, 70.58], [887.26, 4.7], [887.28, 17.03], [887.29, 24.79], [887.3, 16.55], [887.31, 27.99], [887.32, 39.2], [887.33, 25.44], [887.34, 16.4], [887.35, 1.32], [887.36, 9.5], [887.37, 2.82], [887.38, 47.64], [887.39, 2.36], [887.4, 0.47], [887.41, 0.02], [887.43, 1.18], [887.44, 2.8], [887.45, 13.6], [887.46, 1.9]], "timestamp": "2025-12-12T09:54:14.729222+00:00"}, {"symbol": "BNBUSDT", "bids": [[887.22, 26.67], [887.21, 7.15], [887.2, 0.04], [887.19, 0.96], [887.18, 13.24], [887.17, 2.66], [887.16, 9.38], [887.15, 10.57], [887.14, 0.55], [887.13, 1.3], [887.12, 12.17], [887.11, 17.54], [887.1, 6.28], [887.09, 1.57], [887.08, 17.9], [887.07, 5.58], [887.06, 2.38], [887.05, 0.05], [887.04, 20.91], [887.03, 15.06]], "asks": [[887.23, 41.04], [887.24, 0.02], [887.25, 4.07], [887.26, 2.85], [887.27, 6.99], [887.28, 3.8], [887.29, 1.17], [887.3, 3.4], [887.31, 1.14], [887.32, 2.38], [887.33, 0.19], [887.34, 1.92], [887.35, 0.02], [887.36, 4.3], [887.37, 4.98], [887.38, 7.95], [887.39, 7.83], [887.4, 14.16], [887.41, 14.31], [887.42, 10.08]], "timestamp": "2025-12-12T09:55:08.673138+00:00"}, {"symbol": "BNBUSDT", "bids": [[887.21, 54.75], [887.2, 0.04], [887.19, 0.04], [887.18, 3.77], [887.17, 14.51], [887.16, 10.17], [887.15, 3.34], [887.14, 12.43], [887.13, 0.15], [887.12, 4.89], [887.11, 7.52], [887.1, 13.87], [887.09, 1.75], [887.08, 13.58], [887.07, 10.65], [887.06, 2.46], [887.05, 0.78], [887.04, 13.2], [887.03, 13.07], [887.02, 1.67]], "asks": [[887.22, 37.26], [887.23, 0.02], [887.24, 0.02], [887.25, 0.59], [887.26, 2.0], [887.27, 1.93], [887.28, 5.3], [887.29, 11.77], [887.3, 3.36], [887.31, 6.09], [887.32, 0.22], [887.33, 0.16], [887.34, 0.02], [887.35, 0.02], [887.36, 1.1], [887.37, 2.41], [887.38, 3.81], [887.39, 9.21], [887.4, 5.88], [887.41, 2.32]], "timestamp": "2025-12-12T09:56:01.495566+00:00"}, {"symbol": "BNBUSDT", "bids": [[887.3, 1.25], [887.29, 0.6], [887.28, 1.52], [887.27, 5.07], [887.25, 2.06], [887.24, 2.36], [887.23, 0.51], [887.22, 0.01], [887.21, 27.55], [887.2, 3.87], [887.19, 2.33], [887.18, 0.21], [887.17, 2.87], [887.16, 23.95], [887.15, 7.71], [887.13, 0.05], [887.12, 39.57], [887.11, 7.91], [887.1, 5.76], [887.09, 13.6]], "asks": [[887.31, 48.54], [887.32, 8.59], [887.33, 12.97], [887.34, 12.75], [887.35, 0.01], [887.36, 10.39], [887.37, 1.34], [887.38, 11.19], [887.39, 13.07], [887.4, 10.42], [887.41, 2.09], [887.42, 13.83], [887.43, 5.17], [887.44, 4.11], [887.45, 0.31], [887.46, 11.01], [887.47, 1.08], [887.48, 8.85], [887.49, 7.82], [887.5, 3.29]], "timestamp": "2025-12-12T09:56:54.374396+00:00"}, {"symbol": "BNBUSDT", "bids": [[887.65, 5.51], [887.64, 0.31], [887.63, 10.63], [887.6, 0.02], [887.59, 3.5], [887.58, 3.53], [887.57, 0.43], [887.56, 11.76], [887.55, 1.64], [887.54, 10.89], [887.53, 7.97], [887.52, 20.25], [887.51, 16.24], [887.5, 2.18], [887.49, 39.63], [887.48, 9.91], [887.47, 1.73], [887.46, 3.55], [887.45, 2.02], [887.44, 8.95]], "asks": [[887.66, 63.36], [887.67, 15.08], [887.68, 61.71], [887.69, 0.03], [887.7, 0.03], [887.71, 6.17], [887.72, 1.02], [887.73, 0.09], [887.74, 3.89], [887.75, 24.56], [887.76, 1.59], [887.77, 13.96], [887.78, 11.6], [887.79, 32.48], [887.8, 18.3], [887.81, 3.34], [887.82, 10.79], [887.83, 12.81], [887.84, 5.37], [887.85, 4.6]], "timestamp": "2025-12-12T09:57:47.292469+00:00"}, {"symbol": "BNBUSDT", "bids": [[887.75, 39.28], [887.74, 18.5], [887.73, 20.72], [887.72, 12.12], [887.71, 0.02], [887.7, 0.4], [887.69, 2.41], [887.68, 2.14], [887.67, 5.66], [887.66, 2.32], [887.65, 6.15], [887.64, 10.78], [887.63, 0.06], [887.62, 7.45], [887.61, 19.06], [887.6, 7.44], [887.59, 7.19], [887.58, 0.8], [887.57, 15.7], [887.56, 23.1]], "asks": [[887.76, 14.07], [887.77, 0.01], [887.78, 0.14], [887.79, 0.01], [887.8, 1.91], [887.81, 2.37], [887.82, 1.51], [887.83, 1.98], [887.84, 2.77], [887.85, 0.95], [887.86, 1.87], [887.87, 7.03], [887.88, 9.06], [887.89, 21.13], [887.9, 1.75], [887.91, 0.24], [887.92, 21.65], [887.93, 1.4], [887.94, 12.96], [887.95, 12.39]], "timestamp": "2025-12-12T09:58:40.773532+00:00"}, {"symbol": "BNBUSDT", "bids": [[887.71, 16.43], [887.7, 0.29], [887.69, 0.25], [887.68, 2.06], [887.67, 2.62], [887.66, 2.02], [887.65, 8.26], [887.64, 12.68], [887.63, 1.1], [887.62, 7.92], [887.61, 2.48], [887.6, 22.22], [887.59, 4.25], [887.58, 0.26], [887.57, 11.01], [887.56, 7.03], [887.55, 0.05], [887.54, 1.98], [887.53, 22.62], [887.52, 20.69]], "asks": [[887.72, 15.9], [887.73, 0.01], [887.74, 1.29], [887.76, 0.25], [887.77, 2.59], [887.78, 1.03], [887.79, 8.83], [887.8, 3.65], [887.81, 4.0], [887.82, 1.4], [887.83, 9.14], [887.84, 11.42], [887.85, 0.29], [887.86, 19.09], [887.87, 4.76], [887.88, 5.31], [887.89, 4.21], [887.9, 14.8], [887.91, 7.18], [887.92, 16.36]], "timestamp": "2025-12-12T09:59:33.790081+00:00"}, {"symbol": "BNBUSDT", "bids": [[887.63, 0.67], [887.62, 0.79], [887.61, 0.02], [887.6, 0.04], [887.59, 0.04], [887.58, 0.64], [887.57, 0.34], [887.56, 1.14], [887.55, 1.06], [887.54, 1.63], [887.52, 3.12], [887.51, 7.19], [887.5, 4.11], [887.49, 4.81], [887.48, 5.51], [887.47, 3.54], [887.46, 3.43], [887.45, 9.72], [887.44, 12.47], [887.43, 2.76]], "asks": [[887.64, 106.46], [887.65, 42.35], [887.66, 25.76], [887.67, 53.46], [887.68, 7.79], [887.69, 0.93], [887.7, 0.02], [887.72, 1.19], [887.73, 2.12], [887.74, 0.14], [887.75, 0.18], [887.76, 3.67], [887.77, 13.74], [887.78, 2.12], [887.79, 4.07], [887.8, 5.38], [887.81, 0.71], [887.82, 1.14], [887.83, 2.75], [887.84, 30.29]], "timestamp": "2025-12-12T10:00:26.646412+00:00"}, {"symbol": "BNBUSDT", "bids": [[887.74, 19.21], [887.73, 15.91], [887.72, 0.53], [887.71, 0.29], [887.7, 1.12], [887.69, 2.36], [887.68, 8.04], [887.67, 1.89], [887.66, 7.03], [887.65, 0.14], [887.64, 12.65], [887.63, 18.71], [887.62, 8.68], [887.61, 5.99], [887.6, 59.5], [887.59, 5.55], [887.58, 0.49], [887.57, 3.96], [887.56, 6.21], [887.55, 2.27]], "asks": [[887.75, 41.5], [887.76, 0.02], [887.77, 0.22], [887.78, 1.4], [887.79, 3.18], [887.8, 1.04], [887.82, 1.12], [887.83, 0.12], [887.84, 1.1], [887.85, 2.28], [887.86, 7.79], [887.87, 1.2], [887.88, 3.95], [887.89, 6.61], [887.9, 0.02], [887.91, 9.42], [887.92, 10.96], [887.93, 20.58], [887.94, 1.12], [887.95, 0.18]], "timestamp": "2025-12-12T10:01:21.003914+00:00"}, {"symbol": "BNBUSDT", "bids": [[887.19, 23.12], [887.18, 0.84], [887.17, 0.17], [887.16, 1.83], [887.15, 3.98], [887.14, 5.42], [887.13, 9.06], [887.12, 5.41], [887.11, 12.9], [887.1, 7.87], [887.09, 4.69], [887.08, 0.33], [887.07, 8.43], [887.06, 44.39], [887.05, 4.01], [887.04, 3.07], [887.03, 3.61], [887.02, 11.88], [887.01, 0.05], [887.0, 3.02]], "asks": [[887.2, 47.74], [887.21, 0.3], [887.22, 0.52], [887.23, 1.21], [887.24, 1.96], [887.25, 7.93], [887.26, 3.03], [887.27, 1.94], [887.28, 2.42], [887.29, 3.98], [887.3, 3.12], [887.31, 5.21], [887.32, 5.5], [887.33, 8.45], [887.34, 2.33], [887.35, 9.96], [887.36, 4.54], [887.37, 10.78], [887.38, 8.28], [887.39, 0.02]], "timestamp": "2025-12-12T10:02:13.440142+00:00"}, {"symbol": "BNBUSDT", "bids": [[887.57, 28.36], [887.56, 45.78], [887.55, 0.45], [887.54, 0.02], [887.52, 0.05], [887.51, 0.03], [887.5, 1.0], [887.49, 3.57], [887.48, 0.59], [887.47, 1.47], [887.46, 0.07], [887.45, 2.53], [887.44, 18.03], [887.43, 2.01], [887.42, 0.31], [887.41, 15.16], [887.4, 45.45], [887.39, 6.82], [887.38, 3.44], [887.37, 0.03]], "asks": [[887.58, 40.11], [887.59, 7.9], [887.6, 9.86], [887.61, 8.15], [887.62, 7.8], [887.63, 0.06], [887.64, 0.03], [887.65, 1.36], [887.66, 3.1], [887.67, 0.98], [887.68, 10.14], [887.69, 12.04], [887.7, 5.64], [887.71, 3.85], [887.72, 32.92], [887.73, 6.73], [887.74, 3.78], [887.75, 0.45], [887.76, 17.91], [887.77, 6.54]], "timestamp": "2025-12-12T10:03:07.016722+00:00"}, {"symbol": "BNBUSDT", "bids": [[887.73, 8.34], [887.72, 0.96], [887.69, 1.59], [887.68, 0.03], [887.67, 0.02], [887.66, 0.36], [887.65, 0.38], [887.64, 0.69], [887.63, 9.33], [887.62, 9.44], [887.61, 5.63], [887.6, 8.99], [887.59, 8.18], [887.58, 1.01], [887.57, 9.23], [887.56, 15.57], [887.55, 47.2], [887.54, 2.18], [887.53, 2.8], [887.52, 24.52]], "asks": [[887.74, 37.19], [887.75, 8.5], [887.76, 3.63], [887.77, 0.34], [887.78, 11.95], [887.79, 7.99], [887.8, 11.44], [887.81, 9.0], [887.82, 2.57], [887.83, 6.94], [887.84, 4.58], [887.85, 12.6], [887.86, 0.19], [887.87, 1.37], [887.88, 25.25], [887.89, 22.03], [887.9, 5.45], [887.91, 2.96], [887.92, 17.56], [887.93, 3.38]], "timestamp": "2025-12-12T10:03:59.624939+00:00"}, {"symbol": "BNBUSDT", "bids": [[887.5, 6.71], [887.49, 0.43], [887.46, 0.05], [887.45, 0.54], [887.44, 2.27], [887.43, 4.98], [887.42, 2.64], [887.41, 2.6], [887.4, 3.86], [887.39, 4.01], [887.38, 7.06], [887.37, 5.84], [887.36, 10.75], [887.35, 2.77], [887.34, 6.32], [887.33, 4.04], [887.32, 46.11], [887.31, 1.27], [887.3, 4.17], [887.29, 7.41]], "asks": [[887.51, 56.33], [887.52, 3.9], [887.53, 12.16], [887.54, 1.01], [887.55, 0.02], [887.56, 0.41], [887.57, 1.49], [887.58, 1.1], [887.59, 8.84], [887.6, 4.13], [887.61, 9.81], [887.62, 17.69], [887.63, 1.5], [887.64, 12.91], [887.65, 29.64], [887.66, 2.56], [887.67, 3.4], [887.68, 8.21], [887.69, 10.03], [887.7, 3.82]], "timestamp": "2025-12-12T10:04:53.384264+00:00"}, {"symbol": "BNBUSDT", "bids": [[887.55, 127.16], [887.54, 22.62], [887.53, 39.79], [887.52, 35.89], [887.51, 22.19], [887.5, 4.46], [887.49, 0.42], [887.48, 6.58], [887.47, 1.75], [887.46, 2.37], [887.45, 12.32], [887.44, 5.92], [887.43, 4.98], [887.42, 9.81], [887.4, 14.41], [887.39, 43.98], [887.38, 12.39], [887.37, 5.56], [887.36, 5.92], [887.35, 22.18]], "asks": [[887.56, 25.98], [887.57, 0.03], [887.58, 0.01], [887.6, 0.02], [887.61, 5.64], [887.62, 0.28], [887.63, 0.02], [887.64, 3.72], [887.65, 2.39], [887.66, 0.03], [887.67, 0.28], [887.68, 3.47], [887.69, 2.48], [887.7, 0.14], [887.71, 10.89], [887.72, 5.49], [887.73, 0.04], [887.74, 1.83], [887.75, 11.45], [887.76, 14.23]], "timestamp": "2025-12-12T10:05:46.429610+00:00"}, {"symbol": "BNBUSDT", "bids": [[887.8, 18.98], [887.79, 11.23], [887.78, 0.02], [887.76, 0.2], [887.74, 2.25], [887.73, 9.17], [887.72, 45.89], [887.71, 28.49], [887.7, 0.41], [887.69, 9.13], [887.68, 0.55], [887.67, 1.57], [887.66, 5.8], [887.64, 0.02], [887.63, 1.9], [887.62, 4.4], [887.61, 5.28], [887.6, 4.24], [887.59, 8.96], [887.58, 8.47]], "asks": [[887.81, 47.35], [887.82, 0.02], [887.83, 0.03], [887.84, 1.3], [887.85, 0.59], [887.86, 0.02], [887.87, 1.09], [887.88, 2.71], [887.89, 1.28], [887.9, 1.56], [887.91, 5.29], [887.92, 11.23], [887.93, 8.81], [887.94, 6.58], [887.95, 17.03], [887.96, 31.17], [887.97, 16.52], [887.98, 1.18], [887.99, 4.81], [888.0, 29.89]], "timestamp": "2025-12-12T10:06:39.274163+00:00"}, {"symbol": "BNBUSDT", "bids": [[887.97, 113.05], [887.96, 34.25], [887.95, 30.33], [887.94, 15.24], [887.93, 14.43], [887.92, 18.8], [887.91, 14.7], [887.9, 7.74], [887.89, 22.4], [887.88, 46.55], [887.87, 3.39], [887.86, 0.02], [887.85, 0.03], [887.84, 0.02], [887.83, 1.93], [887.82, 1.14], [887.81, 7.43], [887.8, 2.78], [887.79, 11.39], [887.78, 0.03]], "asks": [[887.98, 0.94], [887.99, 0.03], [888.0, 0.03], [888.01, 0.02], [888.02, 0.01], [888.03, 0.03], [888.04, 0.34], [888.05, 1.14], [888.06, 0.03], [888.08, 0.01], [888.09, 0.04], [888.1, 1.12], [888.11, 0.25], [888.12, 8.14], [888.13, 4.89], [888.14, 8.96], [888.15, 5.71], [888.16, 7.71], [888.17, 5.01], [888.18, 0.4]], "timestamp": "2025-12-12T10:07:32.433606+00:00"}, {"symbol": "BNBUSDT", "bids": [[888.0, 32.64], [887.99, 19.49], [887.98, 0.12], [887.97, 0.22], [887.96, 1.53], [887.95, 3.86], [887.94, 3.04], [887.93, 4.0], [887.92, 2.1], [887.91, 2.0], [887.9, 5.82], [887.89, 3.91], [887.88, 9.02], [887.87, 7.48], [887.86, 10.57], [887.85, 43.31], [887.84, 7.89], [887.83, 0.06], [887.82, 3.7], [887.81, 33.64]], "asks": [[888.01, 40.23], [888.02, 3.33], [888.03, 1.92], [888.04, 6.17], [888.05, 5.13], [888.06, 0.63], [888.07, 0.6], [888.08, 8.22], [888.09, 13.04], [888.1, 3.44], [888.11, 7.92], [888.12, 15.6], [888.13, 13.23], [888.14, 12.12], [888.15, 15.48], [888.16, 7.21], [888.17, 0.12], [888.18, 1.12], [888.19, 0.04], [888.2, 4.4]], "timestamp": "2025-12-12T10:08:25.699049+00:00"}, {"symbol": "BNBUSDT", "bids": [[887.99, 41.09], [887.98, 17.54], [887.97, 1.28], [887.96, 0.02], [887.95, 7.99], [887.94, 4.59], [887.93, 6.75], [887.92, 10.74], [887.91, 9.25], [887.9, 8.05], [887.89, 16.45], [887.88, 12.45], [887.87, 8.08], [887.86, 6.61], [887.85, 43.15], [887.84, 0.04], [887.83, 0.06], [887.82, 7.07], [887.81, 19.13], [887.8, 3.07]], "asks": [[888.0, 33.89], [888.01, 0.11], [888.02, 0.25], [888.04, 0.6], [888.06, 0.01], [888.08, 2.36], [888.09, 3.45], [888.1, 1.53], [888.11, 0.02], [888.12, 8.1], [888.13, 8.61], [888.14, 9.72], [888.15, 4.34], [888.16, 1.17], [888.17, 1.25], [888.18, 1.12], [888.19, 0.27], [888.2, 4.52], [888.21, 6.7], [888.22, 3.09]], "timestamp": "2025-12-12T10:09:19.175972+00:00"}, {"symbol": "BNBUSDT", "bids": [[887.99, 20.5], [887.98, 0.38], [887.97, 5.2], [887.96, 0.32], [887.95, 0.03], [887.94, 7.13], [887.93, 0.02], [887.92, 5.98], [887.91, 1.25], [887.9, 6.84], [887.89, 9.01], [887.88, 4.15], [887.87, 0.11], [887.86, 9.96], [887.85, 2.71], [887.84, 15.31], [887.83, 3.66], [887.82, 46.85], [887.81, 18.0], [887.8, 23.3]], "asks": [[888.0, 80.57], [888.01, 19.07], [888.02, 10.0], [888.03, 20.86], [888.04, 34.25], [888.05, 26.53], [888.06, 9.55], [888.07, 19.38], [888.08, 21.11], [888.09, 1.44], [888.1, 10.31], [888.11, 2.43], [888.12, 10.03], [888.13, 18.45], [888.14, 0.21], [888.15, 3.46], [888.16, 14.66], [888.17, 15.39], [888.18, 8.06], [888.19, 9.45]], "timestamp": "2025-12-12T10:10:11.982679+00:00"}, {"symbol": "BNBUSDT", "bids": [[888.15, 49.73], [888.14, 30.49], [888.13, 7.31], [888.12, 2.05], [888.11, 7.78], [888.1, 0.53], [888.09, 3.37], [888.08, 4.3], [888.07, 6.76], [888.06, 2.1], [888.05, 1.18], [888.04, 14.34], [888.03, 16.61], [888.02, 49.36], [888.01, 3.39], [888.0, 34.83], [887.99, 21.65], [887.98, 0.74], [887.97, 5.9], [887.96, 5.22]], "asks": [[888.16, 6.02], [888.17, 0.03], [888.19, 7.47], [888.2, 4.99], [888.21, 1.27], [888.22, 1.91], [888.23, 1.91], [888.24, 2.34], [888.25, 1.37], [888.26, 0.16], [888.27, 0.45], [888.28, 3.0], [888.29, 3.44], [888.3, 2.23], [888.31, 15.71], [888.32, 4.96], [888.33, 0.01], [888.34, 3.69], [888.35, 10.5], [888.36, 23.81]], "timestamp": "2025-12-12T10:11:04.691571+00:00"}, {"symbol": "BNBUSDT", "bids": [[887.69, 0.78], [887.68, 0.11], [887.67, 0.02], [887.66, 0.02], [887.65, 0.57], [887.64, 0.04], [887.63, 0.04], [887.62, 2.84], [887.61, 0.35], [887.6, 7.96], [887.59, 3.69], [887.58, 0.6], [887.57, 8.94], [887.56, 2.29], [887.55, 3.46], [887.54, 9.33], [887.53, 7.95], [887.52, 10.32], [887.51, 6.67], [887.5, 9.26]], "asks": [[887.7, 68.35], [887.71, 5.51], [887.72, 0.01], [887.73, 11.98], [887.74, 26.32], [887.75, 10.8], [887.76, 21.24], [887.77, 13.91], [887.78, 10.4], [887.79, 5.15], [887.8, 10.17], [887.81, 5.04], [887.82, 6.84], [887.83, 8.79], [887.84, 14.94], [887.85, 28.8], [887.86, 0.01], [887.87, 0.61], [887.88, 20.05], [887.89, 2.23]], "timestamp": "2025-12-12T10:11:57.955785+00:00"}, {"symbol": "BNBUSDT", "bids": [[887.68, 6.1], [887.67, 17.65], [887.66, 0.63], [887.65, 0.57], [887.64, 0.04], [887.63, 0.07], [887.62, 2.28], [887.61, 0.56], [887.6, 2.33], [887.59, 0.58], [887.58, 0.63], [887.57, 8.57], [887.56, 7.03], [887.55, 1.12], [887.54, 7.84], [887.52, 15.89], [887.51, 3.88], [887.5, 6.71], [887.49, 6.37], [887.48, 12.5]], "asks": [[887.69, 62.58], [887.7, 0.47], [887.71, 1.58], [887.72, 2.96], [887.73, 0.03], [887.74, 1.59], [887.75, 0.01], [887.76, 6.65], [887.77, 12.65], [887.78, 0.38], [887.79, 4.85], [887.8, 6.38], [887.81, 12.08], [887.82, 1.16], [887.83, 1.88], [887.84, 9.07], [887.85, 3.08], [887.86, 4.37], [887.87, 10.16], [887.88, 36.02]], "timestamp": "2025-12-12T10:12:50.800289+00:00"}, {"symbol": "BNBUSDT", "bids": [[887.68, 3.01], [887.67, 17.26], [887.66, 0.09], [887.65, 0.56], [887.64, 0.67], [887.63, 0.02], [887.62, 2.25], [887.61, 4.41], [887.6, 3.45], [887.58, 1.19], [887.57, 1.51], [887.56, 0.06], [887.55, 0.37], [887.54, 1.31], [887.53, 3.05], [887.52, 14.16], [887.51, 0.06], [887.5, 3.43], [887.49, 0.04], [887.48, 0.01]], "asks": [[887.69, 60.77], [887.7, 18.04], [887.71, 8.07], [887.72, 7.99], [887.73, 23.77], [887.74, 4.71], [887.75, 2.45], [887.76, 23.58], [887.77, 4.49], [887.78, 8.9], [887.79, 1.88], [887.8, 19.98], [887.81, 3.48], [887.82, 7.23], [887.83, 36.29], [887.84, 17.45], [887.85, 14.15], [887.86, 2.73], [887.87, 16.85], [887.88, 17.7]], "timestamp": "2025-12-12T10:13:44.149351+00:00"}, {"symbol": "BNBUSDT", "bids": [[887.75, 29.28], [887.74, 0.18], [887.73, 0.35], [887.72, 0.02], [887.71, 2.02], [887.7, 1.19], [887.69, 6.12], [887.68, 5.5], [887.67, 11.95], [887.66, 1.34], [887.65, 4.02], [887.64, 3.81], [887.63, 1.53], [887.62, 4.19], [887.61, 15.32], [887.6, 3.95], [887.59, 11.26], [887.58, 0.06], [887.57, 11.64], [887.56, 5.01]], "asks": [[887.76, 36.91], [887.77, 0.33], [887.78, 0.21], [887.79, 0.01], [887.8, 2.92], [887.82, 0.03], [887.83, 1.4], [887.84, 5.79], [887.85, 6.5], [887.86, 2.44], [887.87, 1.04], [887.88, 28.82], [887.89, 11.02], [887.9, 1.37], [887.91, 7.4], [887.92, 12.8], [887.93, 0.03], [887.94, 8.59], [887.95, 0.89], [887.96, 8.35]], "timestamp": "2025-12-12T10:14:37.820210+00:00"}, {"symbol": "BNBUSDT", "bids": [[887.5, 42.34], [887.49, 0.01], [887.48, 2.3], [887.47, 0.25], [887.46, 0.05], [887.45, 2.4], [887.44, 5.88], [887.43, 14.11], [887.42, 1.11], [887.41, 3.58], [887.4, 12.29], [887.39, 11.37], [887.38, 1.68], [887.37, 13.95], [887.36, 15.71], [887.35, 0.7], [887.34, 1.78], [887.33, 17.46], [887.32, 4.8], [887.31, 0.53]], "asks": [[887.51, 28.75], [887.52, 0.26], [887.54, 0.01], [887.56, 1.11], [887.57, 2.89], [887.58, 2.82], [887.59, 2.3], [887.6, 12.04], [887.61, 6.02], [887.62, 7.42], [887.63, 7.52], [887.64, 3.47], [887.65, 2.19], [887.66, 0.01], [887.67, 12.01], [887.68, 17.25], [887.69, 5.83], [887.7, 6.74], [887.71, 32.06], [887.72, 24.45]], "timestamp": "2025-12-12T10:15:31.001405+00:00"}, {"symbol": "BNBUSDT", "bids": [[887.34, 24.82], [887.33, 2.3], [887.31, 0.73], [887.29, 1.53], [887.28, 1.41], [887.27, 0.02], [887.26, 2.02], [887.25, 4.77], [887.24, 2.78], [887.23, 0.3], [887.22, 2.3], [887.21, 0.02], [887.2, 4.56], [887.19, 7.19], [887.18, 4.45], [887.17, 12.51], [887.16, 0.61], [887.15, 0.09], [887.14, 1.2], [887.13, 1.37]], "asks": [[887.35, 70.62], [887.36, 1.38], [887.37, 1.28], [887.38, 1.7], [887.39, 0.33], [887.4, 6.37], [887.41, 8.38], [887.42, 16.69], [887.43, 16.8], [887.44, 7.47], [887.45, 5.3], [887.46, 26.13], [887.47, 18.69], [887.48, 0.86], [887.49, 12.15], [887.5, 1.41], [887.51, 25.94], [887.52, 8.81], [887.53, 18.18], [887.54, 8.75]], "timestamp": "2025-12-12T10:16:23.792831+00:00"}, {"symbol": "BNBUSDT", "bids": [[886.76, 11.24], [886.75, 1.29], [886.74, 18.47], [886.73, 2.39], [886.72, 0.36], [886.71, 1.11], [886.7, 0.01], [886.69, 2.53], [886.68, 0.79], [886.67, 0.84], [886.66, 1.15], [886.65, 2.83], [886.64, 0.04], [886.63, 0.06], [886.62, 3.36], [886.61, 18.72], [886.6, 0.02], [886.59, 0.05], [886.58, 2.5], [886.57, 4.08]], "asks": [[886.77, 52.96], [886.78, 19.87], [886.79, 25.01], [886.8, 2.66], [886.82, 1.33], [886.83, 0.01], [886.84, 3.78], [886.85, 6.39], [886.86, 0.38], [886.87, 7.52], [886.88, 4.1], [886.89, 2.52], [886.9, 2.57], [886.91, 12.44], [886.92, 7.88], [886.93, 10.67], [886.94, 5.46], [886.95, 14.5], [886.96, 12.54], [886.97, 2.41]], "timestamp": "2025-12-12T10:17:16.752115+00:00"}, {"symbol": "BNBUSDT", "bids": [[886.41, 6.1], [886.4, 19.99], [886.39, 2.6], [886.38, 0.23], [886.37, 5.69], [886.36, 2.82], [886.35, 0.93], [886.34, 0.16], [886.33, 0.17], [886.32, 0.04], [886.31, 1.63], [886.3, 0.42], [886.29, 0.05], [886.28, 1.31], [886.27, 9.16], [886.26, 1.16], [886.25, 3.23], [886.24, 8.94], [886.23, 22.33], [886.22, 7.32]], "asks": [[886.42, 117.99], [886.43, 6.93], [886.44, 17.44], [886.45, 10.78], [886.46, 2.32], [886.47, 4.88], [886.48, 9.22], [886.49, 6.81], [886.5, 11.41], [886.51, 13.98], [886.52, 20.06], [886.53, 23.14], [886.54, 9.23], [886.55, 11.02], [886.56, 12.64], [886.57, 2.15], [886.58, 0.03], [886.59, 1.11], [886.6, 5.39], [886.61, 3.37]], "timestamp": "2025-12-12T10:18:10.395257+00:00"}, {"symbol": "BNBUSDT", "bids": [[886.24, 6.15], [886.23, 14.46], [886.22, 0.4], [886.21, 0.02], [886.2, 1.02], [886.19, 0.39], [886.17, 0.04], [886.16, 0.73], [886.15, 2.05], [886.14, 1.5], [886.13, 0.42], [886.12, 7.34], [886.11, 0.21], [886.1, 1.74], [886.09, 11.52], [886.08, 4.12], [886.07, 2.54], [886.06, 8.96], [886.05, 10.4], [886.04, 8.43]], "asks": [[886.25, 130.97], [886.26, 24.66], [886.27, 16.9], [886.28, 0.43], [886.29, 3.0], [886.3, 5.24], [886.31, 4.68], [886.32, 9.78], [886.33, 10.63], [886.34, 12.4], [886.35, 13.43], [886.36, 41.41], [886.37, 3.9], [886.38, 26.07], [886.39, 11.69], [886.4, 31.83], [886.41, 15.66], [886.42, 6.55], [886.43, 4.95], [886.44, 9.24]], "timestamp": "2025-12-12T10:19:03.964115+00:00"}, {"symbol": "BNBUSDT", "bids": [[886.24, 79.16], [886.23, 14.22], [886.22, 19.74], [886.21, 6.54], [886.2, 9.91], [886.19, 8.34], [886.18, 17.46], [886.17, 16.64], [886.16, 39.36], [886.15, 32.95], [886.14, 0.36], [886.13, 0.1], [886.12, 4.79], [886.11, 13.65], [886.1, 6.19], [886.09, 2.24], [886.08, 8.55], [886.07, 5.03], [886.06, 12.01], [886.05, 20.04]], "asks": [[886.25, 0.83], [886.26, 0.04], [886.28, 0.01], [886.29, 0.01], [886.3, 0.04], [886.31, 0.13], [886.32, 0.75], [886.33, 1.46], [886.34, 3.9], [886.35, 3.96], [886.36, 4.65], [886.37, 3.05], [886.38, 3.96], [886.39, 13.77], [886.4, 3.38], [886.41, 1.37], [886.42, 6.38], [886.43, 3.34], [886.44, 10.8], [886.45, 2.16]], "timestamp": "2025-12-12T10:19:57.119688+00:00"}, {"symbol": "BNBUSDT", "bids": [[886.4, 2.14], [886.39, 0.01], [886.38, 1.32], [886.37, 0.61], [886.35, 2.98], [886.34, 0.7], [886.33, 8.77], [886.32, 0.17], [886.31, 1.33], [886.3, 3.82], [886.29, 0.04], [886.28, 3.27], [886.27, 1.15], [886.26, 0.43], [886.25, 6.11], [886.24, 3.75], [886.23, 2.54], [886.22, 5.48], [886.21, 7.19], [886.2, 10.78]], "asks": [[886.41, 39.05], [886.42, 0.84], [886.43, 3.14], [886.44, 7.63], [886.45, 6.26], [886.46, 4.67], [886.47, 2.61], [886.48, 25.43], [886.49, 0.62], [886.5, 13.64], [886.51, 1.4], [886.52, 34.02], [886.53, 5.53], [886.54, 16.95], [886.55, 10.73], [886.56, 11.69], [886.57, 23.59], [886.58, 26.37], [886.59, 9.52], [886.6, 8.11]], "timestamp": "2025-12-12T10:20:50.231359+00:00"}, {"symbol": "BNBUSDT", "bids": [[886.12, 1.24], [886.11, 0.06], [886.1, 0.02], [886.09, 0.19], [886.08, 1.46], [886.06, 0.56], [886.05, 1.07], [886.03, 0.02], [886.02, 2.98], [886.01, 2.85], [886.0, 7.19], [885.99, 7.96], [885.98, 2.25], [885.97, 1.16], [885.96, 2.94], [885.95, 8.29], [885.94, 13.79], [885.93, 1.38], [885.92, 3.03], [885.91, 10.7]], "asks": [[886.13, 105.99], [886.14, 33.22], [886.15, 23.17], [886.16, 3.01], [886.17, 0.02], [886.18, 8.08], [886.19, 19.39], [886.2, 28.46], [886.21, 8.21], [886.22, 11.38], [886.23, 11.88], [886.24, 3.28], [886.25, 3.98], [886.26, 3.89], [886.27, 8.9], [886.28, 8.25], [886.29, 1.91], [886.3, 5.53], [886.31, 20.65], [886.32, 8.95]], "timestamp": "2025-12-12T10:21:43.794841+00:00"}, {"symbol": "BNBUSDT", "bids": [[886.25, 31.63], [886.24, 0.04], [886.23, 1.32], [886.22, 9.76], [886.21, 0.01], [886.2, 11.19], [886.19, 15.02], [886.18, 15.36], [886.17, 6.57], [886.16, 7.13], [886.15, 7.78], [886.14, 10.62], [886.13, 4.89], [886.12, 1.47], [886.11, 1.16], [886.09, 7.21], [886.08, 2.75], [886.07, 1.11], [886.06, 9.55], [886.05, 0.05]], "asks": [[886.26, 26.93], [886.27, 7.44], [886.28, 1.86], [886.29, 0.49], [886.3, 15.59], [886.31, 3.34], [886.32, 5.54], [886.33, 19.32], [886.34, 0.76], [886.35, 8.79], [886.36, 10.94], [886.37, 47.84], [886.38, 19.49], [886.39, 4.47], [886.4, 14.87], [886.41, 17.43], [886.42, 2.08], [886.43, 34.75], [886.44, 11.84], [886.45, 2.96]], "timestamp": "2025-12-12T10:22:37.027246+00:00"}, {"symbol": "BNBUSDT", "bids": [[886.42, 22.05], [886.41, 8.31], [886.4, 0.03], [886.38, 1.36], [886.36, 4.63], [886.35, 8.62], [886.34, 3.71], [886.33, 4.35], [886.32, 1.39], [886.31, 1.44], [886.3, 7.14], [886.29, 1.49], [886.28, 4.12], [886.27, 3.43], [886.26, 8.36], [886.25, 7.54], [886.24, 2.28], [886.23, 0.03], [886.22, 0.02], [886.21, 8.27]], "asks": [[886.43, 11.79], [886.44, 0.04], [886.45, 0.02], [886.46, 0.59], [886.47, 3.67], [886.48, 3.82], [886.49, 2.25], [886.5, 7.11], [886.51, 2.61], [886.52, 7.59], [886.53, 5.89], [886.54, 27.06], [886.55, 8.69], [886.56, 3.39], [886.57, 1.39], [886.58, 1.88], [886.59, 3.86], [886.6, 14.98], [886.61, 12.44], [886.62, 3.85]], "timestamp": "2025-12-12T10:23:30.407344+00:00"}, {"symbol": "BNBUSDT", "bids": [[886.37, 8.17], [886.36, 0.18], [886.35, 1.1], [886.34, 0.02], [886.33, 2.46], [886.32, 1.5], [886.31, 5.67], [886.3, 1.07], [886.29, 0.03], [886.28, 0.01], [886.27, 4.43], [886.26, 2.08], [886.25, 7.12], [886.24, 8.77], [886.23, 7.19], [886.22, 3.45], [886.21, 2.09], [886.2, 2.8], [886.19, 8.64], [886.18, 11.29]], "asks": [[886.38, 34.02], [886.39, 0.17], [886.4, 5.6], [886.41, 1.02], [886.42, 17.98], [886.43, 2.73], [886.44, 7.15], [886.45, 12.83], [886.46, 1.48], [886.47, 5.79], [886.48, 18.21], [886.49, 16.85], [886.5, 12.12], [886.51, 12.69], [886.52, 9.83], [886.53, 7.54], [886.54, 30.37], [886.55, 1.47], [886.56, 8.39], [886.57, 0.87]], "timestamp": "2025-12-12T10:24:23.734384+00:00"}, {"symbol": "BNBUSDT", "bids": [[886.43, 24.47], [886.42, 0.03], [886.41, 1.93], [886.4, 1.95], [886.38, 1.98], [886.37, 9.39], [886.36, 5.38], [886.35, 1.63], [886.34, 4.27], [886.33, 5.07], [886.32, 2.33], [886.31, 0.44], [886.3, 1.08], [886.29, 0.05], [886.28, 1.32], [886.27, 5.17], [886.26, 0.03], [886.25, 1.82], [886.24, 1.74], [886.23, 5.06]], "asks": [[886.44, 13.03], [886.45, 0.19], [886.46, 1.39], [886.47, 6.39], [886.48, 5.32], [886.49, 1.17], [886.5, 6.47], [886.51, 2.53], [886.52, 6.02], [886.53, 6.23], [886.54, 10.89], [886.55, 24.39], [886.56, 15.77], [886.57, 5.27], [886.58, 18.69], [886.59, 26.3], [886.6, 10.16], [886.61, 12.42], [886.62, 21.1], [886.63, 3.05]], "timestamp": "2025-12-12T10:25:17.785398+00:00"}, {"symbol": "BNBUSDT", "bids": [[886.37, 31.91], [886.36, 3.67], [886.35, 0.38], [886.34, 1.46], [886.33, 0.93], [886.32, 3.03], [886.31, 10.51], [886.3, 5.57], [886.29, 0.17], [886.28, 2.14], [886.27, 4.04], [886.26, 0.55], [886.25, 8.7], [886.24, 0.2], [886.23, 0.43], [886.22, 1.54], [886.21, 9.79], [886.2, 0.06], [886.19, 5.63], [886.18, 12.31]], "asks": [[886.38, 10.25], [886.39, 0.02], [886.4, 0.32], [886.41, 2.23], [886.42, 12.17], [886.43, 4.4], [886.44, 33.78], [886.45, 5.5], [886.46, 4.9], [886.47, 2.85], [886.48, 7.28], [886.49, 8.91], [886.5, 14.83], [886.51, 0.34], [886.52, 8.75], [886.53, 0.77], [886.54, 0.98], [886.55, 3.24], [886.56, 19.05], [886.57, 0.45]], "timestamp": "2025-12-12T10:26:11.352523+00:00"}, {"symbol": "BNBUSDT", "bids": [[886.33, 36.62], [886.32, 3.68], [886.31, 5.42], [886.3, 1.05], [886.29, 0.88], [886.28, 3.25], [886.27, 1.14], [886.26, 1.31], [886.25, 8.5], [886.24, 1.38], [886.23, 2.97], [886.22, 0.38], [886.21, 5.63], [886.2, 10.93], [886.19, 20.12], [886.17, 0.17], [886.16, 4.29], [886.14, 1.14], [886.13, 4.69], [886.12, 18.66]], "asks": [[886.34, 24.28], [886.35, 6.07], [886.36, 2.71], [886.37, 5.31], [886.38, 6.82], [886.39, 5.55], [886.4, 12.59], [886.41, 12.21], [886.42, 18.99], [886.43, 16.3], [886.44, 11.47], [886.45, 9.65], [886.46, 6.83], [886.47, 1.18], [886.48, 2.27], [886.49, 6.46], [886.5, 6.07], [886.51, 1.76], [886.52, 4.32], [886.53, 0.14]], "timestamp": "2025-12-12T10:27:05.137620+00:00"}, {"symbol": "BNBUSDT", "bids": [[886.55, 59.61], [886.54, 0.04], [886.53, 0.5], [886.52, 12.17], [886.51, 20.72], [886.5, 29.68], [886.49, 7.8], [886.48, 0.28], [886.47, 1.59], [886.45, 4.91], [886.44, 0.21], [886.43, 1.52], [886.42, 7.48], [886.41, 1.47], [886.4, 6.26], [886.39, 1.94], [886.38, 4.07], [886.37, 0.29], [886.36, 3.65], [886.35, 8.45]], "asks": [[886.56, 2.5], [886.57, 0.02], [886.58, 2.7], [886.59, 0.02], [886.6, 1.97], [886.61, 2.74], [886.62, 5.98], [886.63, 0.02], [886.64, 8.7], [886.65, 2.9], [886.66, 9.06], [886.67, 2.35], [886.68, 17.89], [886.69, 12.8], [886.7, 3.45], [886.71, 1.87], [886.72, 12.47], [886.73, 15.07], [886.74, 28.55], [886.75, 12.94]], "timestamp": "2025-12-12T10:27:58.873707+00:00"}, {"symbol": "BNBUSDT", "bids": [[886.75, 1.87], [886.74, 5.37], [886.73, 0.01], [886.72, 5.08], [886.71, 0.05], [886.7, 1.13], [886.69, 1.17], [886.68, 0.03], [886.67, 1.4], [886.66, 0.04], [886.65, 0.12], [886.64, 1.59], [886.63, 8.8], [886.62, 0.57], [886.61, 1.23], [886.6, 1.81], [886.59, 8.43], [886.57, 2.27], [886.56, 4.15], [886.55, 9.75]], "asks": [[886.76, 47.62], [886.77, 18.02], [886.78, 14.37], [886.79, 7.91], [886.8, 41.36], [886.81, 7.22], [886.82, 5.03], [886.83, 29.67], [886.84, 15.08], [886.85, 17.71], [886.86, 19.44], [886.87, 21.0], [886.88, 29.83], [886.89, 3.94], [886.9, 11.66], [886.91, 4.26], [886.92, 8.82], [886.93, 6.39], [886.94, 20.29], [886.95, 1.32]], "timestamp": "2025-12-12T10:28:52.736397+00:00"}, {"symbol": "BNBUSDT", "bids": [[886.53, 18.33], [886.52, 0.13], [886.5, 1.88], [886.49, 0.64], [886.48, 1.12], [886.47, 6.91], [886.46, 0.4], [886.45, 6.23], [886.44, 3.79], [886.43, 1.47], [886.42, 5.12], [886.41, 6.67], [886.4, 9.21], [886.39, 11.28], [886.38, 3.74], [886.37, 5.41], [886.36, 19.35], [886.35, 24.8], [886.34, 1.12], [886.33, 13.98]], "asks": [[886.54, 33.98], [886.55, 7.56], [886.56, 0.02], [886.58, 6.86], [886.59, 22.68], [886.6, 3.78], [886.62, 9.24], [886.63, 18.12], [886.64, 18.55], [886.65, 21.89], [886.66, 24.21], [886.67, 16.29], [886.68, 3.64], [886.69, 6.24], [886.7, 0.34], [886.71, 6.7], [886.72, 5.04], [886.73, 4.45], [886.74, 0.14], [886.75, 6.39]], "timestamp": "2025-12-12T10:29:46.394293+00:00"}, {"symbol": "BNBUSDT", "bids": [[886.66, 5.85], [886.65, 0.01], [886.64, 0.96], [886.62, 0.03], [886.61, 1.06], [886.6, 4.19], [886.59, 8.46], [886.58, 2.47], [886.57, 7.2], [886.56, 2.34], [886.55, 5.15], [886.54, 2.97], [886.53, 1.24], [886.52, 4.75], [886.51, 3.59], [886.5, 9.55], [886.49, 1.16], [886.48, 2.2], [886.47, 0.36], [886.46, 1.71]], "asks": [[886.67, 27.12], [886.68, 0.05], [886.69, 3.55], [886.7, 2.07], [886.71, 14.39], [886.72, 11.43], [886.73, 7.92], [886.74, 22.12], [886.75, 12.07], [886.76, 14.5], [886.77, 6.48], [886.78, 16.15], [886.79, 11.05], [886.8, 2.34], [886.81, 2.34], [886.82, 2.63], [886.83, 5.88], [886.84, 7.97], [886.85, 3.18], [886.86, 4.11]], "timestamp": "2025-12-12T10:30:39.745773+00:00"}, {"symbol": "BNBUSDT", "bids": [[886.5, 10.64], [886.48, 0.5], [886.47, 1.06], [886.46, 0.81], [886.45, 4.63], [886.44, 0.68], [886.43, 0.01], [886.42, 4.72], [886.41, 1.13], [886.4, 2.78], [886.39, 0.02], [886.38, 3.73], [886.37, 0.41], [886.36, 4.31], [886.35, 11.05], [886.34, 4.49], [886.33, 2.52], [886.32, 16.7], [886.31, 3.41], [886.3, 4.97]], "asks": [[886.51, 43.39], [886.52, 9.54], [886.53, 0.14], [886.54, 13.88], [886.55, 16.43], [886.56, 21.8], [886.57, 24.71], [886.58, 22.31], [886.59, 17.73], [886.6, 4.75], [886.61, 7.59], [886.62, 20.83], [886.63, 11.79], [886.64, 5.23], [886.65, 9.95], [886.66, 1.11], [886.67, 3.98], [886.68, 28.8], [886.69, 10.4], [886.7, 7.79]], "timestamp": "2025-12-12T10:31:34.121917+00:00"}, {"symbol": "BNBUSDT", "bids": [[886.66, 27.01], [886.65, 0.03], [886.64, 0.01], [886.63, 3.05], [886.62, 0.02], [886.61, 9.96], [886.6, 3.74], [886.59, 5.75], [886.58, 5.19], [886.57, 8.05], [886.56, 1.49], [886.55, 0.23], [886.54, 2.5], [886.53, 0.09], [886.52, 2.64], [886.51, 2.32], [886.5, 7.06], [886.49, 0.02], [886.48, 2.66], [886.47, 1.04]], "asks": [[886.67, 29.56], [886.68, 1.43], [886.69, 1.34], [886.7, 7.07], [886.71, 14.07], [886.72, 2.54], [886.73, 6.52], [886.74, 14.49], [886.75, 13.45], [886.76, 5.54], [886.77, 2.97], [886.78, 14.2], [886.79, 3.4], [886.8, 10.5], [886.81, 10.12], [886.82, 5.18], [886.83, 13.91], [886.84, 11.69], [886.85, 6.99], [886.86, 0.06]], "timestamp": "2025-12-12T10:32:27.003981+00:00"}, {"symbol": "BNBUSDT", "bids": [[886.68, 27.83], [886.67, 9.65], [886.66, 3.11], [886.65, 4.12], [886.64, 10.99], [886.63, 14.57], [886.62, 14.96], [886.61, 13.79], [886.6, 4.13], [886.59, 5.28], [886.58, 0.49], [886.57, 7.36], [886.56, 1.33], [886.55, 0.1], [886.54, 1.81], [886.53, 0.02], [886.52, 2.37], [886.51, 6.91], [886.5, 1.35], [886.49, 0.02]], "asks": [[886.69, 4.48], [886.7, 5.09], [886.71, 0.01], [886.72, 0.01], [886.73, 2.41], [886.74, 1.12], [886.75, 6.39], [886.76, 1.63], [886.77, 6.04], [886.78, 0.46], [886.79, 8.89], [886.8, 7.55], [886.81, 10.56], [886.82, 2.1], [886.83, 5.9], [886.84, 20.05], [886.85, 3.66], [886.86, 0.97], [886.87, 24.59], [886.88, 4.98]], "timestamp": "2025-12-12T10:33:19.902202+00:00"}, {"symbol": "BNBUSDT", "bids": [[886.73, 3.42], [886.72, 4.06], [886.71, 0.5], [886.7, 0.03], [886.69, 0.95], [886.68, 5.09], [886.67, 2.0], [886.66, 0.58], [886.65, 1.19], [886.64, 0.01], [886.63, 0.26], [886.62, 0.35], [886.61, 7.86], [886.6, 1.41], [886.59, 2.66], [886.57, 8.62], [886.56, 5.53], [886.55, 6.49], [886.54, 5.29], [886.53, 2.68]], "asks": [[886.74, 81.87], [886.75, 12.57], [886.76, 26.46], [886.77, 13.65], [886.78, 7.96], [886.79, 9.98], [886.8, 8.63], [886.81, 8.69], [886.82, 6.44], [886.83, 4.94], [886.84, 18.96], [886.85, 14.96], [886.86, 8.4], [886.87, 23.66], [886.88, 23.61], [886.89, 2.01], [886.9, 2.12], [886.91, 8.16], [886.92, 6.06], [886.93, 19.62]], "timestamp": "2025-12-12T10:34:13.354996+00:00"}, {"symbol": "BNBUSDT", "bids": [[886.79, 7.04], [886.78, 10.93], [886.77, 1.77], [886.76, 1.94], [886.75, 3.06], [886.74, 3.42], [886.73, 6.54], [886.72, 13.79], [886.71, 1.96], [886.7, 12.35], [886.69, 9.74], [886.68, 16.22], [886.67, 7.86], [886.66, 15.18], [886.65, 0.07], [886.64, 2.16], [886.63, 2.6], [886.62, 1.43], [886.61, 1.52], [886.6, 7.96]], "asks": [[886.8, 15.02], [886.81, 0.04], [886.82, 1.64], [886.83, 8.78], [886.84, 10.07], [886.85, 0.47], [886.86, 3.2], [886.87, 17.84], [886.88, 8.58], [886.89, 3.64], [886.9, 3.1], [886.91, 34.45], [886.92, 6.65], [886.93, 0.04], [886.94, 6.01], [886.95, 10.28], [886.96, 16.83], [886.97, 1.37], [886.98, 4.14], [886.99, 12.72]], "timestamp": "2025-12-12T10:35:06.506709+00:00"}, {"symbol": "BNBUSDT", "bids": [[886.61, 13.58], [886.6, 3.38], [886.59, 6.5], [886.58, 0.1], [886.57, 0.03], [886.56, 2.27], [886.55, 0.85], [886.54, 0.86], [886.53, 4.09], [886.52, 9.35], [886.51, 2.16], [886.5, 2.29], [886.49, 0.04], [886.48, 2.49], [886.47, 10.82], [886.45, 3.32], [886.44, 0.04], [886.43, 14.42], [886.42, 15.15], [886.41, 7.83]], "asks": [[886.62, 41.33], [886.63, 21.67], [886.64, 22.68], [886.65, 15.69], [886.66, 5.34], [886.68, 19.02], [886.69, 8.79], [886.7, 22.38], [886.71, 26.38], [886.72, 22.89], [886.73, 26.09], [886.74, 11.66], [886.75, 1.01], [886.76, 5.16], [886.77, 4.41], [886.78, 2.51], [886.79, 8.04], [886.8, 15.89], [886.81, 2.51], [886.82, 12.39]], "timestamp": "2025-12-12T10:36:00.069669+00:00"}, {"symbol": "BNBUSDT", "bids": [[886.25, 7.96], [886.24, 0.01], [886.22, 2.68], [886.21, 1.51], [886.2, 9.52], [886.19, 0.22], [886.18, 0.59], [886.17, 2.86], [886.16, 2.96], [886.15, 3.37], [886.14, 2.22], [886.13, 11.86], [886.12, 0.14], [886.11, 2.12], [886.1, 1.68], [886.09, 12.66], [886.08, 5.21], [886.07, 9.61], [886.06, 6.57], [886.05, 1.58]], "asks": [[886.26, 41.89], [886.27, 28.05], [886.28, 10.8], [886.29, 21.77], [886.3, 1.52], [886.31, 3.0], [886.32, 8.04], [886.33, 5.17], [886.34, 3.55], [886.35, 7.36], [886.36, 12.78], [886.37, 13.66], [886.38, 7.5], [886.39, 0.04], [886.4, 6.55], [886.41, 1.17], [886.42, 6.49], [886.43, 17.23], [886.44, 17.58], [886.45, 0.36]], "timestamp": "2025-12-12T10:36:53.109012+00:00"}, {"symbol": "BNBUSDT", "bids": [[885.95, 47.82], [885.94, 0.08], [885.93, 5.29], [885.92, 19.09], [885.91, 29.19], [885.9, 9.53], [885.89, 9.37], [885.88, 0.87], [885.87, 2.27], [885.86, 2.49], [885.85, 0.78], [885.84, 7.32], [885.83, 16.66], [885.82, 1.65], [885.81, 0.03], [885.8, 8.24], [885.79, 14.8], [885.78, 3.04], [885.77, 7.45], [885.76, 6.46]], "asks": [[885.96, 7.83], [885.97, 0.02], [885.99, 0.28], [886.0, 1.52], [886.01, 2.45], [886.02, 1.77], [886.03, 1.8], [886.04, 0.04], [886.05, 0.54], [886.06, 1.36], [886.07, 4.65], [886.08, 5.15], [886.09, 7.62], [886.1, 3.91], [886.11, 9.83], [886.12, 11.34], [886.13, 13.44], [886.14, 14.14], [886.15, 7.53], [886.16, 9.13]], "timestamp": "2025-12-12T10:37:46.445292+00:00"}, {"symbol": "BNBUSDT", "bids": [[886.0, 24.17], [885.99, 6.56], [885.98, 0.76], [885.96, 3.81], [885.95, 20.74], [885.94, 10.42], [885.93, 6.54], [885.92, 3.85], [885.91, 9.12], [885.9, 3.43], [885.89, 0.06], [885.88, 0.88], [885.87, 3.57], [885.86, 5.39], [885.85, 10.15], [885.84, 3.72], [885.83, 7.84], [885.82, 0.17], [885.81, 2.29], [885.8, 0.92]], "asks": [[886.01, 23.07], [886.02, 0.03], [886.03, 10.36], [886.04, 0.42], [886.05, 16.88], [886.06, 2.37], [886.07, 1.16], [886.08, 22.03], [886.09, 3.82], [886.1, 0.6], [886.11, 4.87], [886.12, 37.5], [886.13, 2.54], [886.14, 23.25], [886.15, 7.27], [886.16, 24.84], [886.17, 2.04], [886.18, 5.26], [886.19, 1.27], [886.2, 9.88]], "timestamp": "2025-12-12T10:38:39.393300+00:00"}, {"symbol": "BNBUSDT", "bids": [[886.09, 32.5], [886.08, 0.04], [886.07, 0.01], [886.06, 1.98], [886.05, 15.8], [886.04, 6.11], [886.03, 3.47], [886.02, 0.53], [886.01, 7.15], [886.0, 19.0], [885.99, 2.29], [885.97, 0.94], [885.96, 5.88], [885.95, 11.96], [885.94, 0.08], [885.93, 13.38], [885.92, 8.62], [885.91, 18.96], [885.9, 2.31], [885.89, 0.06]], "asks": [[886.1, 12.67], [886.11, 0.04], [886.12, 2.83], [886.13, 6.74], [886.14, 3.01], [886.15, 4.04], [886.16, 7.6], [886.17, 5.58], [886.18, 2.47], [886.19, 3.02], [886.2, 14.33], [886.21, 22.01], [886.22, 0.13], [886.23, 7.35], [886.24, 38.76], [886.25, 14.19], [886.26, 7.64], [886.27, 6.01], [886.28, 4.53], [886.29, 4.52]], "timestamp": "2025-12-12T10:39:32.476812+00:00"}, {"symbol": "BNBUSDT", "bids": [[886.23, 16.93], [886.22, 0.93], [886.21, 8.26], [886.2, 0.74], [886.19, 0.57], [886.18, 0.11], [886.17, 1.67], [886.16, 0.02], [886.15, 2.1], [886.14, 1.35], [886.13, 4.02], [886.12, 5.91], [886.11, 4.21], [886.1, 3.08], [886.09, 18.05], [886.08, 2.33], [886.07, 1.07], [886.06, 1.56], [886.05, 3.43], [886.04, 7.02]], "asks": [[886.24, 125.82], [886.25, 16.64], [886.26, 0.04], [886.27, 0.41], [886.28, 5.85], [886.29, 0.01], [886.3, 6.28], [886.31, 11.45], [886.32, 27.37], [886.33, 20.42], [886.34, 0.82], [886.35, 48.11], [886.36, 23.77], [886.37, 2.36], [886.38, 11.01], [886.39, 0.84], [886.4, 11.76], [886.41, 10.76], [886.42, 6.45], [886.43, 28.17]], "timestamp": "2025-12-12T10:40:26.012657+00:00"}, {"symbol": "BNBUSDT", "bids": [[886.12, 25.75], [886.11, 14.4], [886.1, 9.47], [886.09, 8.04], [886.08, 3.52], [886.07, 1.71], [886.05, 3.54], [886.04, 2.27], [886.03, 10.58], [886.02, 3.88], [886.01, 3.04], [886.0, 11.3], [885.99, 2.51], [885.98, 0.15], [885.97, 1.79], [885.96, 22.13], [885.95, 20.24], [885.94, 0.04], [885.93, 2.08], [885.92, 14.87]], "asks": [[886.13, 14.1], [886.14, 0.02], [886.15, 46.18], [886.16, 0.05], [886.17, 0.28], [886.18, 0.02], [886.19, 0.02], [886.2, 3.49], [886.21, 11.02], [886.22, 2.72], [886.23, 4.65], [886.24, 30.73], [886.25, 5.89], [886.26, 0.55], [886.27, 14.57], [886.28, 24.43], [886.29, 2.05], [886.3, 6.54], [886.31, 1.8], [886.32, 5.57]], "timestamp": "2025-12-12T10:41:19.407937+00:00"}, {"symbol": "BNBUSDT", "bids": [[886.31, 39.11], [886.3, 17.01], [886.29, 0.1], [886.27, 8.22], [886.26, 10.3], [886.25, 6.98], [886.24, 7.34], [886.23, 1.95], [886.22, 6.91], [886.21, 3.25], [886.2, 5.25], [886.19, 13.59], [886.18, 1.38], [886.17, 3.25], [886.16, 2.69], [886.15, 6.9], [886.14, 0.99], [886.13, 3.02], [886.12, 11.58], [886.11, 4.59]], "asks": [[886.32, 18.84], [886.33, 0.77], [886.35, 3.15], [886.36, 0.4], [886.37, 1.37], [886.38, 0.01], [886.39, 1.9], [886.4, 5.0], [886.41, 4.91], [886.42, 6.51], [886.43, 11.88], [886.44, 7.77], [886.45, 10.64], [886.46, 12.21], [886.47, 3.45], [886.48, 19.89], [886.49, 7.32], [886.5, 16.37], [886.51, 35.2], [886.52, 9.98]], "timestamp": "2025-12-12T10:42:13.104612+00:00"}, {"symbol": "BNBUSDT", "bids": [[886.17, 14.82], [886.16, 8.99], [886.15, 0.01], [886.14, 1.18], [886.13, 0.05], [886.12, 0.56], [886.11, 0.02], [886.1, 1.27], [886.09, 1.39], [886.08, 0.05], [886.07, 1.11], [886.06, 4.11], [886.05, 10.95], [886.04, 3.37], [886.03, 11.11], [886.02, 0.04], [886.01, 0.01], [886.0, 16.14], [885.99, 8.18], [885.98, 1.4]], "asks": [[886.18, 67.94], [886.19, 0.69], [886.2, 5.7], [886.21, 7.12], [886.22, 11.72], [886.23, 0.36], [886.24, 3.62], [886.25, 12.35], [886.26, 25.36], [886.27, 21.06], [886.28, 26.07], [886.29, 18.11], [886.3, 24.79], [886.31, 6.42], [886.32, 15.97], [886.33, 9.93], [886.34, 0.01], [886.35, 0.56], [886.36, 2.49], [886.37, 2.17]], "timestamp": "2025-12-12T10:43:06.660686+00:00"}, {"symbol": "BNBUSDT", "bids": [[886.17, 39.0], [886.16, 9.04], [886.15, 8.5], [886.14, 8.9], [886.13, 8.15], [886.12, 6.15], [886.11, 1.66], [886.1, 3.13], [886.09, 1.99], [886.08, 6.1], [886.07, 7.73], [886.06, 8.93], [886.05, 2.47], [886.04, 27.8], [886.03, 14.28], [886.02, 0.04], [886.01, 0.01], [886.0, 17.91], [885.99, 22.6], [885.98, 2.56]], "asks": [[886.18, 5.19], [886.19, 2.02], [886.2, 0.02], [886.23, 1.13], [886.24, 5.43], [886.25, 2.32], [886.26, 3.03], [886.27, 5.01], [886.28, 15.41], [886.29, 5.99], [886.3, 1.63], [886.31, 11.09], [886.32, 8.0], [886.33, 1.54], [886.34, 3.95], [886.35, 1.53], [886.36, 29.15], [886.37, 1.88], [886.38, 0.77], [886.39, 2.68]], "timestamp": "2025-12-12T10:44:00.113649+00:00"}, {"symbol": "BNBUSDT", "bids": [[886.3, 38.36], [886.29, 7.24], [886.27, 2.42], [886.26, 2.0], [886.25, 7.17], [886.24, 6.45], [886.23, 14.79], [886.22, 9.82], [886.21, 2.44], [886.2, 1.28], [886.18, 1.41], [886.17, 4.09], [886.16, 8.31], [886.15, 8.97], [886.14, 0.05], [886.13, 5.24], [886.12, 1.06], [886.11, 3.98], [886.1, 4.15], [886.09, 23.2]], "asks": [[886.31, 6.61], [886.32, 0.08], [886.33, 0.11], [886.35, 0.26], [886.36, 4.9], [886.37, 4.67], [886.38, 9.11], [886.39, 10.0], [886.4, 6.29], [886.41, 11.6], [886.42, 8.45], [886.43, 17.55], [886.44, 6.79], [886.45, 0.27], [886.46, 9.59], [886.47, 1.82], [886.48, 16.12], [886.49, 10.67], [886.5, 29.18], [886.51, 22.26]], "timestamp": "2025-12-12T10:44:54.284324+00:00"}, {"symbol": "BNBUSDT", "bids": [[886.22, 45.5], [886.21, 7.81], [886.2, 7.98], [886.19, 8.5], [886.18, 9.49], [886.17, 2.18], [886.16, 4.21], [886.15, 8.23], [886.14, 6.94], [886.13, 1.1], [886.12, 7.95], [886.11, 26.44], [886.1, 3.98], [886.09, 5.06], [886.08, 19.64], [886.07, 1.29], [886.06, 2.3], [886.05, 2.77], [886.04, 16.93], [886.03, 0.7]], "asks": [[886.23, 8.03], [886.24, 1.81], [886.25, 0.02], [886.27, 2.56], [886.28, 7.17], [886.29, 0.03], [886.3, 2.54], [886.31, 34.43], [886.32, 2.49], [886.33, 2.1], [886.34, 1.83], [886.35, 0.25], [886.36, 13.31], [886.37, 20.93], [886.38, 1.51], [886.39, 2.14], [886.4, 1.74], [886.41, 4.81], [886.42, 0.94], [886.43, 4.16]], "timestamp": "2025-12-12T10:45:53.677282+00:00"}, {"symbol": "BNBUSDT", "bids": [[886.22, 37.59], [886.21, 13.89], [886.2, 9.14], [886.19, 7.86], [886.18, 11.72], [886.17, 5.1], [886.16, 2.88], [886.15, 7.74], [886.14, 3.43], [886.13, 1.1], [886.12, 0.19], [886.11, 4.38], [886.1, 2.85], [886.09, 4.94], [886.08, 4.41], [886.07, 3.64], [886.06, 2.3], [886.05, 5.02], [886.04, 26.08], [886.03, 0.03]], "asks": [[886.23, 11.68], [886.24, 2.51], [886.25, 0.23], [886.26, 2.93], [886.27, 1.89], [886.28, 1.83], [886.29, 7.0], [886.3, 1.27], [886.31, 37.52], [886.32, 10.05], [886.33, 3.93], [886.34, 5.83], [886.35, 9.74], [886.36, 7.67], [886.37, 28.13], [886.38, 2.88], [886.39, 2.14], [886.4, 5.31], [886.41, 1.54], [886.42, 0.59]], "timestamp": "2025-12-12T10:46:47.744963+00:00"}