[{"id": "786129415", "price": 882.22, "amount": 0.01, "side": "buy", "timestamp": 1765582923266}, {"id": "786129416", "price": 882.21, "amount": 0.22, "side": "sell", "timestamp": 1765582923779}, {"id": "786129417", "price": 882.21, "amount": 0.26, "side": "sell", "timestamp": 1765582924096}, {"id": "786129418", "price": 882.21, "amount": 0.01, "side": "sell", "timestamp": 1765582924211}, {"id": "786129419", "price": 882.22, "amount": 0.02, "side": "buy", "timestamp": 1765582924223}, {"id": "786129420", "price": 882.21, "amount": 0.13, "side": "sell", "timestamp": 1765582924822}, {"id": "786129421", "price": 882.22, "amount": 0.03, "side": "buy", "timestamp": 1765582924833}, {"id": "786129422", "price": 882.22, "amount": 0.01, "side": "buy", "timestamp": 1765582925402}, {"id": "786129423", "price": 882.21, "amount": 0.04, "side": "sell", "timestamp": 1765582925720}, {"id": "786129424", "price": 882.22, "amount": 0.01, "side": "buy", "timestamp": 1765582927029}, {"id": "786129425", "price": 882.22, "amount": 0.24, "side": "buy", "timestamp": 1765582927340}, {"id": "786129426", "price": 882.22, "amount": 0.02, "side": "buy", "timestamp": 1765582929013}, {"id": "786129427", "price": 882.21, "amount": 0.28, "side": "sell", "timestamp": 1765582929847}, {"id": "786129428", "price": 882.21, "amount": 0.23, "side": "sell", "timestamp": 1765582930522}, {"id": "786129429", "price": 882.21, "amount": 0.06, "side": "sell", "timestamp": 1765582930643}, {"id": "786129430", "price": 882.22, "amount": 0.03, "side": "buy", "timestamp": 1765582931519}, {"id": "786129431", "price": 882.21, "amount": 0.41, "side": "sell", "timestamp": 1765582931763}, {"id": "786129432", "price": 882.21, "amount": 15.5, "side": "sell", "timestamp": 1765582932101}, {"id": "786129433", "price": 882.21, "amount": 0.14, "side": "sell", "timestamp": 1765582936002}, {"id": "786129434", "price": 882.22, "amount": 13.1, "side": "buy", "timestamp": 1765582939416}, {"id": "786129435", "price": 882.23, "amount": 0.01, "side": "buy", "timestamp": 1765582939417}, {"id": "786129436", "price": 882.26, "amount": 0.02, "side": "buy", "timestamp": 1765582939420}, {"id": "786129437", "price": 882.28, "amount": 0.03, "side": "buy", "timestamp": 1765582939420}, {"id": "786129438", "price": 882.29, "amount": 0.01, "side": "buy", "timestamp": 1765582939420}, {"id": "786129439", "price": 882.29, "amount": 0.01, "side": "sell", "timestamp": 1765582939604}, {"id": "786129440", "price": 882.29, "amount": 0.11, "side": "sell", "timestamp": 1765582941053}, {"id": "786129441", "price": 882.3, "amount": 0.02, "side": "buy", "timestamp": 1765582941529}, {"id": "786129442", "price": 882.29, "amount": 6.65, "side": "sell", "timestamp": 1765582941532}, {"id": "786129443", "price": 882.3, "amount": 1.7, "side": "buy", "timestamp": 1765582945893}, {"id": "786129444", "price": 882.3, "amount": 0.01, "side": "buy", "timestamp": 1765582951759}, {"id": "786129445", "price": 882.3, "amount": 24.41, "side": "buy", "timestamp": 1765582952699}, {"id": "786129446", "price": 882.31, "amount": 0.33, "side": "buy", "timestamp": 1765582952905}, {"id": "786129447", "price": 882.33, "amount": 0.47, "side": "buy", "timestamp": 1765582954010}, {"id": "786129448", "price": 882.33, "amount": 0.16, "side": "buy", "timestamp": 1765582954380}, {"id": "786129449", "price": 882.33, "amount": 0.22, "side": "buy", "timestamp": 1765582954916}, {"id": "786129450", "price": 882.32, "amount": 0.01, "side": "sell", "timestamp": 1765582955740}, {"id": "786129451", "price": 882.32, "amount": 0.01, "side": "sell", "timestamp": 1765582958332}, {"id": "786129452", "price": 882.32, "amount": 0.56, "side": "sell", "timestamp": 1765582959422}, {"id": "786129453", "price": 882.32, "amount": 1.0, "side": "sell", "timestamp": 1765582960568}, {"id": "786129454", "price": 882.32, "amount": 0.07, "side": "sell", "timestamp": 1765582961036}, {"id": "786129455", "price": 882.32, "amount": 0.11, "side": "sell", "timestamp": 1765582962715}, {"id": "786129456", "price": 882.33, "amount": 2.85, "side": "buy", "timestamp": 1765582964585}, {"id": "786129457", "price": 882.32, "amount": 0.05, "side": "sell", "timestamp": 1765582964635}, {"id": "786129458", "price": 882.33, "amount": 97.07, "side": "buy", "timestamp": 1765582965812}, {"id": "786129459", "price": 882.34, "amount": 13.03, "side": "buy", "timestamp": 1765582965815}, {"id": "786129460", "price": 882.35, "amount": 0.8, "side": "buy", "timestamp": 1765582966329}, {"id": "786129461", "price": 882.35, "amount": 0.02, "side": "buy", "timestamp": 1765582969569}, {"id": "786129462", "price": 882.34, "amount": 0.11, "side": "sell", "timestamp": 1765582970645}, {"id": "786129463", "price": 882.35, "amount": 0.34, "side": "buy", "timestamp": 1765582972427}, {"id": "786129464", "price": 882.34, "amount": 0.1, "side": "sell", "timestamp": 1765582973052}, {"id": "786129463", "price": 882.35, "amount": 0.34, "side": "buy", "timestamp": 1765582972427}, {"id": "786129464", "price": 882.34, "amount": 0.1, "side": "sell", "timestamp": 1765582973052}, {"id": "786129465", "price": 882.35, "amount": 0.03, "side": "buy", "timestamp": 1765582975713}, {"id": "786129466", "price": 882.34, "amount": 0.1, "side": "sell", "timestamp": 1765582976136}, {"id": "786129467", "price": 882.35, "amount": 0.01, "side": "buy", "timestamp": 1765582978298}, {"id": "786129468", "price": 882.34, "amount": 0.01, "side": "sell", "timestamp": 1765582978732}, {"id": "786129469", "price": 882.34, "amount": 0.07, "side": "sell", "timestamp": 1765582979068}, {"id": "786129470", "price": 882.35, "amount": 0.21, "side": "buy", "timestamp": 1765582979638}, {"id": "786129471", "price": 882.35, "amount": 0.01, "side": "buy", "timestamp": 1765582979963}, {"id": "786129472", "price": 882.35, "amount": 0.01, "side": "buy", "timestamp": 1765582980872}, {"id": "786129473", "price": 882.34, "amount": 0.04, "side": "sell", "timestamp": 1765582981416}, {"id": "786129474", "price": 882.35, "amount": 5.0, "side": "buy", "timestamp": 1765582981436}, {"id": "786129475", "price": 882.34, "amount": 0.24, "side": "sell", "timestamp": 1765582981579}, {"id": "786129476", "price": 882.35, "amount": 0.03, "side": "buy", "timestamp": 1765582981854}, {"id": "786129477", "price": 882.35, "amount": 0.01, "side": "buy", "timestamp": 1765582984072}, {"id": "786129478", "price": 882.35, "amount": 0.01, "side": "buy", "timestamp": 1765582984811}, {"id": "786129479", "price": 882.34, "amount": 0.01, "side": "sell", "timestamp": 1765582984851}, {"id": "786129480", "price": 882.35, "amount": 0.01, "side": "buy", "timestamp": 1765582985470}, {"id": "786129481", "price": 882.35, "amount": 0.26, "side": "buy", "timestamp": 1765582985998}, {"id": "786129482", "price": 882.35, "amount": 0.01, "side": "buy", "timestamp": 1765582986867}, {"id": "786129483", "price": 882.34, "amount": 0.22, "side": "sell", "timestamp": 1765582987266}, {"id": "786129484", "price": 882.35, "amount": 0.02, "side": "buy", "timestamp": 1765582987333}, {"id": "786129485", "price": 882.35, "amount": 0.02, "side": "buy", "timestamp": 1765582988701}, {"id": "786129486", "price": 882.34, "amount": 0.01, "side": "sell", "timestamp": 1765582989891}, {"id": "786129487", "price": 882.35, "amount": 0.04, "side": "buy", "timestamp": 1765582990754}, {"id": "786129488", "price": 882.34, "amount": 0.01, "side": "sell", "timestamp": 1765582991736}, {"id": "786129489", "price": 882.35, "amount": 0.16, "side": "buy", "timestamp": 1765582992476}, {"id": "786129490", "price": 882.35, "amount": 0.01, "side": "buy", "timestamp": 1765582995652}, {"id": "786129491", "price": 882.35, "amount": 0.28, "side": "buy", "timestamp": 1765582995756}, {"id": "786129492", "price": 882.35, "amount": 0.01, "side": "buy", "timestamp": 1765582996007}, {"id": "786129493", "price": 882.35, "amount": 3.43, "side": "buy", "timestamp": 1765582996326}, {"id": "786129494", "price": 882.35, "amount": 2.42, "side": "buy", "timestamp": 1765582996798}, {"id": "786129495", "price": 882.35, "amount": 0.33, "side": "buy", "timestamp": 1765582997071}, {"id": "786129496", "price": 882.35, "amount": 0.04, "side": "buy", "timestamp": 1765582997599}, {"id": "786129497", "price": 882.35, "amount": 5.28, "side": "buy", "timestamp": 1765582998428}, {"id": "786129498", "price": 882.36, "amount": 0.04, "side": "buy", "timestamp": 1765582998435}, {"id": "786129499", "price": 882.37, "amount": 0.03, "side": "buy", "timestamp": 1765582998798}, {"id": "786129500", "price": 882.36, "amount": 0.11, "side": "sell", "timestamp": 1765583005444}, {"id": "786129501", "price": 882.37, "amount": 0.01, "side": "buy", "timestamp": 1765583005664}, {"id": "786129502", "price": 882.37, "amount": 0.92, "side": "buy", "timestamp": 1765583005893}, {"id": "786129503", "price": 882.37, "amount": 0.1, "side": "buy", "timestamp": 1765583008004}, {"id": "786129504", "price": 882.36, "amount": 1.0, "side": "sell", "timestamp": 1765583009301}, {"id": "786129505", "price": 882.37, "amount": 0.01, "side": "buy", "timestamp": 1765583009538}, {"id": "786129506", "price": 882.36, "amount": 0.05, "side": "sell", "timestamp": 1765583014318}, {"id": "786129507", "price": 882.37, "amount": 1.5, "side": "buy", "timestamp": 1765583016237}, {"id": "786129508", "price": 882.36, "amount": 0.12, "side": "sell", "timestamp": 1765583016683}, {"id": "786129509", "price": 882.36, "amount": 1.36, "side": "sell", "timestamp": 1765583020918}, {"id": "786129510", "price": 882.37, "amount": 0.01, "side": "buy", "timestamp": 1765583023154}, {"id": "786129511", "price": 882.37, "amount": 0.01, "side": "buy", "timestamp": 1765583023608}, {"id": "786129512", "price": 882.37, "amount": 0.08, "side": "buy", "timestamp": 1765583024960}, {"id": "786129550", "price": 882.36, "amount": 0.01, "side": "sell", "timestamp": 1765583051566}, {"id": "786129551", "price": 882.36, "amount": 0.01, "side": "sell", "timestamp": 1765583051692}, {"id": "786129552", "price": 882.36, "amount": 0.01, "side": "sell", "timestamp": 1765583051799}, {"id": "786129553", "price": 882.36, "amount": 0.01, "side": "sell", "timestamp": 1765583051905}, {"id": "786129554", "price": 882.36, "amount": 0.02, "side": "sell", "timestamp": 1765583052024}, {"id": "786129555", "price": 882.36, "amount": 0.02, "side": "sell", "timestamp": 1765583052140}, {"id": "786129556", "price": 882.36, "amount": 0.01, "side": "sell", "timestamp": 1765583052249}, {"id": "786129557", "price": 882.37, "amount": 0.06, "side": "buy", "timestamp": 1765583053200}, {"id": "786129558", "price": 882.36, "amount": 0.05, "side": "sell", "timestamp": 1765583053982}, {"id": "786129559", "price": 882.37, "amount": 0.01, "side": "buy", "timestamp": 1765583054706}, {"id": "786129560", "price": 882.37, "amount": 0.05, "side": "buy", "timestamp": 1765583057025}, {"id": "786129561", "price": 882.36, "amount": 0.23, "side": "sell", "timestamp": 1765583058447}, {"id": "786129562", "price": 882.36, "amount": 0.18, "side": "sell", "timestamp": 1765583059059}, {"id": "786129563", "price": 882.37, "amount": 2.42, "side": "buy", "timestamp": 1765583059833}, {"id": "786129564", "price": 882.36, "amount": 0.01, "side": "sell", "timestamp": 1765583060077}, {"id": "786129565", "price": 882.37, "amount": 0.01, "side": "buy", "timestamp": 1765583060115}, {"id": "786129566", "price": 882.36, "amount": 0.02, "side": "sell", "timestamp": 1765583060141}, {"id": "786129567", "price": 882.36, "amount": 0.02, "side": "sell", "timestamp": 1765583060258}, {"id": "786129568", "price": 882.36, "amount": 0.02, "side": "sell", "timestamp": 1765583060377}, {"id": "786129569", "price": 882.36, "amount": 0.02, "side": "sell", "timestamp": 1765583060513}, {"id": "786129570", "price": 882.36, "amount": 0.01, "side": "sell", "timestamp": 1765583060716}, {"id": "786129571", "price": 882.36, "amount": 0.01, "side": "sell", "timestamp": 1765583060833}, {"id": "786129572", "price": 882.36, "amount": 0.02, "side": "sell", "timestamp": 1765583060975}, {"id": "786129573", "price": 882.36, "amount": 0.02, "side": "sell", "timestamp": 1765583061133}, {"id": "786129574", "price": 882.36, "amount": 0.01, "side": "sell", "timestamp": 1765583061389}, {"id": "786129575", "price": 882.36, "amount": 0.01, "side": "sell", "timestamp": 1765583061741}, {"id": "786129576", "price": 882.36, "amount": 0.02, "side": "sell", "timestamp": 1765583062011}, {"id": "786129577", "price": 882.36, "amount": 0.01, "side": "sell", "timestamp": 1765583062136}, {"id": "786129578", "price": 882.36, "amount": 0.26, "side": "sell", "timestamp": 1765583062943}, {"id": "786129579", "price": 882.37, "amount": 2.33, "side": "buy", "timestamp": 1765583062945}, {"id": "786129580", "price": 882.36, "amount": 0.06, "side": "sell", "timestamp": 1765583063102}, {"id": "786129581", "price": 882.36, "amount": 0.01, "side": "sell", "timestamp": 1765583063739}, {"id": "786129582", "price": 882.37, "amount": 5.82, "side": "buy", "timestamp": 1765583063769}, {"id": "786129583", "price": 882.38, "amount": 1.8, "side": "buy", "timestamp": 1765583063769}, {"id": "786129584", "price": 882.39, "amount": 1.47, "side": "buy", "timestamp": 1765583063771}, {"id": "786129585", "price": 882.4, "amount": 3.29, "side": "buy", "timestamp": 1765583063771}, {"id": "786129586", "price": 882.41, "amount": 3.6, "side": "buy", "timestamp": 1765583063771}, {"id": "786129587", "price": 882.42, "amount": 0.03, "side": "buy", "timestamp": 1765583063771}, {"id": "786129588", "price": 882.43, "amount": 0.02, "side": "buy", "timestamp": 1765583063788}, {"id": "786129589", "price": 882.44, "amount": 0.01, "side": "buy", "timestamp": 1765583063788}, {"id": "786129590", "price": 882.44, "amount": 0.34, "side": "sell", "timestamp": 1765583064963}, {"id": "786129591", "price": 882.44, "amount": 0.07, "side": "sell", "timestamp": 1765583069180}, {"id": "786129592", "price": 882.44, "amount": 0.03, "side": "sell", "timestamp": 1765583069342}, {"id": "786129593", "price": 882.45, "amount": 0.07, "side": "buy", "timestamp": 1765583072568}, {"id": "786129594", "price": 882.44, "amount": 1.71, "side": "sell", "timestamp": 1765583073667}, {"id": "786129595", "price": 882.45, "amount": 0.1, "side": "buy", "timestamp": 1765583073865}, {"id": "786129596", "price": 882.44, "amount": 0.01, "side": "sell", "timestamp": 1765583074985}, {"id": "786129597", "price": 882.45, "amount": 1.61, "side": "buy", "timestamp": 1765583075014}, {"id": "786129598", "price": 882.45, "amount": 0.67, "side": "buy", "timestamp": 1765583075304}, {"id": "786129599", "price": 882.46, "amount": 7.03, "side": "buy", "timestamp": 1765583076253}, {"id": "786129656", "price": 882.34, "amount": 0.55, "side": "buy", "timestamp": 1765583110346}, {"id": "786129657", "price": 882.35, "amount": 0.04, "side": "buy", "timestamp": 1765583110348}, {"id": "786129658", "price": 882.36, "amount": 0.99, "side": "buy", "timestamp": 1765583110894}, {"id": "786129659", "price": 882.35, "amount": 0.29, "side": "sell", "timestamp": 1765583111332}, {"id": "786129660", "price": 882.36, "amount": 0.94, "side": "buy", "timestamp": 1765583114011}, {"id": "786129661", "price": 882.36, "amount": 0.06, "side": "buy", "timestamp": 1765583114204}, {"id": "786129662", "price": 882.35, "amount": 0.01, "side": "sell", "timestamp": 1765583115021}, {"id": "786129663", "price": 882.35, "amount": 0.04, "side": "sell", "timestamp": 1765583116687}, {"id": "786129664", "price": 882.36, "amount": 0.79, "side": "buy", "timestamp": 1765583117738}, {"id": "786129665", "price": 882.35, "amount": 0.02, "side": "sell", "timestamp": 1765583117770}, {"id": "786129666", "price": 882.36, "amount": 0.1, "side": "buy", "timestamp": 1765583118076}, {"id": "786129667", "price": 882.37, "amount": 0.35, "side": "buy", "timestamp": 1765583118077}, {"id": "786129668", "price": 882.39, "amount": 0.3, "side": "buy", "timestamp": 1765583118243}, {"id": "786129669", "price": 882.39, "amount": 0.01, "side": "buy", "timestamp": 1765583118478}, {"id": "786129670", "price": 882.39, "amount": 0.01, "side": "buy", "timestamp": 1765583118921}, {"id": "786129671", "price": 882.39, "amount": 0.97, "side": "buy", "timestamp": 1765583119901}, {"id": "786129672", "price": 882.4, "amount": 0.03, "side": "buy", "timestamp": 1765583119903}, {"id": "786129673", "price": 882.42, "amount": 0.03, "side": "buy", "timestamp": 1765583119904}, {"id": "786129674", "price": 882.43, "amount": 0.01, "side": "buy", "timestamp": 1765583119904}, {"id": "786129675", "price": 882.44, "amount": 0.01, "side": "buy", "timestamp": 1765583119904}, {"id": "786129676", "price": 882.45, "amount": 0.95, "side": "buy", "timestamp": 1765583120591}, {"id": "786129677", "price": 882.46, "amount": 0.01, "side": "buy", "timestamp": 1765583120596}, {"id": "786129678", "price": 882.46, "amount": 0.01, "side": "buy", "timestamp": 1765583121454}, {"id": "786129679", "price": 882.46, "amount": 1.33, "side": "buy", "timestamp": 1765583122020}, {"id": "786129680", "price": 882.47, "amount": 0.12, "side": "buy", "timestamp": 1765583122021}, {"id": "786129681", "price": 882.48, "amount": 0.13, "side": "buy", "timestamp": 1765583122515}, {"id": "786129682", "price": 882.48, "amount": 0.28, "side": "buy", "timestamp": 1765583123293}, {"id": "786129683", "price": 882.49, "amount": 1.34, "side": "buy", "timestamp": 1765583126662}, {"id": "786129684", "price": 882.5, "amount": 2.09, "side": "buy", "timestamp": 1765583126662}, {"id": "786129685", "price": 882.51, "amount": 0.03, "side": "buy", "timestamp": 1765583126662}, {"id": "786129686", "price": 882.52, "amount": 0.04, "side": "buy", "timestamp": 1765583126662}, {"id": "786129687", "price": 882.53, "amount": 0.03, "side": "buy", "timestamp": 1765583126662}, {"id": "786129688", "price": 882.54, "amount": 0.14, "side": "buy", "timestamp": 1765583126662}, {"id": "786129689", "price": 882.55, "amount": 0.28, "side": "buy", "timestamp": 1765583126662}, {"id": "786129690", "price": 882.56, "amount": 2.99, "side": "buy", "timestamp": 1765583126662}, {"id": "786129691", "price": 882.57, "amount": 1.28, "side": "buy", "timestamp": 1765583126662}, {"id": "786129692", "price": 882.58, "amount": 3.35, "side": "buy", "timestamp": 1765583126662}, {"id": "786129693", "price": 882.57, "amount": 1.0, "side": "sell", "timestamp": 1765583126839}, {"id": "786129694", "price": 882.58, "amount": 1.45, "side": "buy", "timestamp": 1765583127026}, {"id": "786129695", "price": 882.57, "amount": 1.0, "side": "sell", "timestamp": 1765583127065}, {"id": "786129696", "price": 882.57, "amount": 1.0, "side": "sell", "timestamp": 1765583127285}, {"id": "786129697", "price": 882.57, "amount": 1.0, "side": "sell", "timestamp": 1765583127503}, {"id": "786129698", "price": 882.57, "amount": 1.0, "side": "sell", "timestamp": 1765583127720}, {"id": "786129699", "price": 882.57, "amount": 0.22, "side": "sell", "timestamp": 1765583127939}, {"id": "786129700", "price": 882.58, "amount": 0.01, "side": "buy", "timestamp": 1765583128155}, {"id": "786129701", "price": 882.58, "amount": 0.02, "side": "buy", "timestamp": 1765583130680}, {"id": "786129702", "price": 882.58, "amount": 0.01, "side": "buy", "timestamp": 1765583131165}, {"id": "786129703", "price": 882.58, "amount": 0.1, "side": "buy", "timestamp": 1765583133008}, {"id": "786129704", "price": 882.58, "amount": 0.27, "side": "buy", "timestamp": 1765583133358}, {"id": "786129705", "price": 882.58, "amount": 0.01, "side": "buy", "timestamp": 1765583133820}, {"id": "786129734", "price": 882.49, "amount": 0.05, "side": "buy", "timestamp": 1765583152286}, {"id": "786129735", "price": 882.49, "amount": 0.14, "side": "buy", "timestamp": 1765583153984}, {"id": "786129736", "price": 882.49, "amount": 0.79, "side": "buy", "timestamp": 1765583154509}, {"id": "786129737", "price": 882.49, "amount": 0.01, "side": "buy", "timestamp": 1765583155148}, {"id": "786129738", "price": 882.48, "amount": 0.08, "side": "sell", "timestamp": 1765583156470}, {"id": "786129739", "price": 882.48, "amount": 0.07, "side": "sell", "timestamp": 1765583156591}, {"id": "786129740", "price": 882.49, "amount": 0.01, "side": "buy", "timestamp": 1765583158173}, {"id": "786129741", "price": 882.49, "amount": 0.78, "side": "buy", "timestamp": 1765583158471}, {"id": "786129742", "price": 882.49, "amount": 0.11, "side": "buy", "timestamp": 1765583158808}, {"id": "786129743", "price": 882.48, "amount": 0.18, "side": "sell", "timestamp": 1765583158968}, {"id": "786129744", "price": 882.48, "amount": 0.01, "side": "sell", "timestamp": 1765583159881}, {"id": "786129745", "price": 882.49, "amount": 0.01, "side": "buy", "timestamp": 1765583160774}, {"id": "786129746", "price": 882.48, "amount": 0.02, "side": "sell", "timestamp": 1765583161157}, {"id": "786129747", "price": 882.49, "amount": 0.01, "side": "buy", "timestamp": 1765583161184}, {"id": "786129748", "price": 882.49, "amount": 0.04, "side": "buy", "timestamp": 1765583161548}, {"id": "786129749", "price": 882.48, "amount": 0.02, "side": "sell", "timestamp": 1765583162060}, {"id": "786129750", "price": 882.49, "amount": 0.03, "side": "buy", "timestamp": 1765583162750}, {"id": "786129751", "price": 882.49, "amount": 0.06, "side": "buy", "timestamp": 1765583163505}, {"id": "786129752", "price": 882.49, "amount": 0.02, "side": "buy", "timestamp": 1765583163996}, {"id": "786129753", "price": 882.48, "amount": 0.1, "side": "sell", "timestamp": 1765583164240}, {"id": "786129754", "price": 882.49, "amount": 0.12, "side": "buy", "timestamp": 1765583165267}, {"id": "786129755", "price": 882.49, "amount": 0.04, "side": "buy", "timestamp": 1765583165965}, {"id": "786129756", "price": 882.49, "amount": 0.01, "side": "buy", "timestamp": 1765583167039}, {"id": "786129757", "price": 882.49, "amount": 0.11, "side": "buy", "timestamp": 1765583167487}, {"id": "786129758", "price": 882.49, "amount": 1.13, "side": "buy", "timestamp": 1765583168366}, {"id": "786129759", "price": 882.48, "amount": 0.19, "side": "sell", "timestamp": 1765583168742}, {"id": "786129760", "price": 882.49, "amount": 0.07, "side": "buy", "timestamp": 1765583169735}, {"id": "786129761", "price": 882.49, "amount": 0.01, "side": "buy", "timestamp": 1765583169901}, {"id": "786129762", "price": 882.49, "amount": 0.03, "side": "buy", "timestamp": 1765583170060}, {"id": "786129763", "price": 882.49, "amount": 0.04, "side": "buy", "timestamp": 1765583171583}, {"id": "786129764", "price": 882.48, "amount": 0.01, "side": "sell", "timestamp": 1765583171738}, {"id": "786129765", "price": 882.49, "amount": 0.2, "side": "buy", "timestamp": 1765583172060}, {"id": "786129766", "price": 882.48, "amount": 0.09, "side": "sell", "timestamp": 1765583172398}, {"id": "786129767", "price": 882.49, "amount": 0.05, "side": "buy", "timestamp": 1765583172682}, {"id": "786129768", "price": 882.49, "amount": 0.13, "side": "buy", "timestamp": 1765583172865}, {"id": "786129769", "price": 882.49, "amount": 0.01, "side": "buy", "timestamp": 1765583173087}, {"id": "786129770", "price": 882.49, "amount": 0.62, "side": "buy", "timestamp": 1765583174725}, {"id": "786129771", "price": 882.49, "amount": 0.01, "side": "buy", "timestamp": 1765583175042}, {"id": "786129772", "price": 882.49, "amount": 32.04, "side": "buy", "timestamp": 1765583175316}, {"id": "786129773", "price": 882.5, "amount": 2.12, "side": "buy", "timestamp": 1765583175478}, {"id": "786129774", "price": 882.5, "amount": 0.01, "side": "buy", "timestamp": 1765583176098}, {"id": "786129775", "price": 882.49, "amount": 0.07, "side": "sell", "timestamp": 1765583177142}, {"id": "786129776", "price": 882.5, "amount": 0.38, "side": "buy", "timestamp": 1765583178842}, {"id": "786129777", "price": 882.5, "amount": 0.01, "side": "buy", "timestamp": 1765583179124}, {"id": "786129778", "price": 882.5, "amount": 0.03, "side": "buy", "timestamp": 1765583179709}, {"id": "786129779", "price": 882.5, "amount": 0.01, "side": "buy", "timestamp": 1765583180023}, {"id": "786129780", "price": 882.5, "amount": 0.01, "side": "buy", "timestamp": 1765583182176}, {"id": "786129781", "price": 882.5, "amount": 0.01, "side": "buy", "timestamp": 1765583183540}, {"id": "786129782", "price": 882.5, "amount": 0.01, "side": "buy", "timestamp": 1765583184767}, {"id": "786129783", "price": 882.5, "amount": 0.04, "side": "buy", "timestamp": 1765583184983}, {"id": "786129833", "price": 882.38, "amount": 0.01, "side": "buy", "timestamp": 1765583218133}, {"id": "786129834", "price": 882.38, "amount": 0.01, "side": "buy", "timestamp": 1765583218430}, {"id": "786129835", "price": 882.38, "amount": 0.06, "side": "buy", "timestamp": 1765583218886}, {"id": "786129836", "price": 882.37, "amount": 2.0, "side": "sell", "timestamp": 1765583219884}, {"id": "786129837", "price": 882.37, "amount": 2.91, "side": "sell", "timestamp": 1765583220105}, {"id": "786129838", "price": 882.36, "amount": 0.04, "side": "sell", "timestamp": 1765583220115}, {"id": "786129839", "price": 882.35, "amount": 0.01, "side": "sell", "timestamp": 1765583220115}, {"id": "786129840", "price": 882.33, "amount": 0.02, "side": "sell", "timestamp": 1765583220115}, {"id": "786129841", "price": 882.32, "amount": 0.03, "side": "sell", "timestamp": 1765583220115}, {"id": "786129842", "price": 882.31, "amount": 0.24, "side": "sell", "timestamp": 1765583220116}, {"id": "786129843", "price": 882.3, "amount": 0.03, "side": "sell", "timestamp": 1765583220116}, {"id": "786129844", "price": 882.29, "amount": 0.33, "side": "sell", "timestamp": 1765583220116}, {"id": "786129845", "price": 882.29, "amount": 2.67, "side": "sell", "timestamp": 1765583220597}, {"id": "786129846", "price": 882.28, "amount": 1.22, "side": "sell", "timestamp": 1765583220597}, {"id": "786129847", "price": 882.27, "amount": 0.93, "side": "sell", "timestamp": 1765583220597}, {"id": "786129848", "price": 882.26, "amount": 0.01, "side": "buy", "timestamp": 1765583221154}, {"id": "786129849", "price": 882.25, "amount": 1.04, "side": "sell", "timestamp": 1765583224162}, {"id": "786129850", "price": 882.26, "amount": 0.01, "side": "buy", "timestamp": 1765583224177}, {"id": "786129851", "price": 882.26, "amount": 0.01, "side": "buy", "timestamp": 1765583224298}, {"id": "786129852", "price": 882.26, "amount": 0.01, "side": "buy", "timestamp": 1765583224598}, {"id": "786129853", "price": 882.25, "amount": 0.04, "side": "sell", "timestamp": 1765583224806}, {"id": "786129854", "price": 882.26, "amount": 0.01, "side": "buy", "timestamp": 1765583224853}, {"id": "786129855", "price": 882.26, "amount": 0.01, "side": "buy", "timestamp": 1765583225944}, {"id": "786129856", "price": 882.26, "amount": 0.01, "side": "buy", "timestamp": 1765583226186}, {"id": "786129857", "price": 882.26, "amount": 0.01, "side": "buy", "timestamp": 1765583226728}, {"id": "786129858", "price": 882.26, "amount": 0.01, "side": "buy", "timestamp": 1765583227012}, {"id": "786129859", "price": 882.25, "amount": 0.97, "side": "sell", "timestamp": 1765583228841}, {"id": "786129860", "price": 882.26, "amount": 12.59, "side": "buy", "timestamp": 1765583229542}, {"id": "786129861", "price": 882.27, "amount": 0.3, "side": "buy", "timestamp": 1765583229543}, {"id": "786129862", "price": 882.28, "amount": 0.18, "side": "buy", "timestamp": 1765583229550}, {"id": "786129863", "price": 882.29, "amount": 9.33, "side": "buy", "timestamp": 1765583229553}, {"id": "786129864", "price": 882.3, "amount": 1.8, "side": "buy", "timestamp": 1765583229790}, {"id": "786129865", "price": 882.3, "amount": 3.46, "side": "buy", "timestamp": 1765583229932}, {"id": "786129866", "price": 882.3, "amount": 0.01, "side": "buy", "timestamp": 1765583230060}, {"id": "786129867", "price": 882.29, "amount": 0.01, "side": "sell", "timestamp": 1765583231469}, {"id": "786129868", "price": 882.29, "amount": 0.04, "side": "sell", "timestamp": 1765583231868}, {"id": "786129869", "price": 882.3, "amount": 0.2, "side": "buy", "timestamp": 1765583232069}, {"id": "786129870", "price": 882.3, "amount": 0.01, "side": "buy", "timestamp": 1765583233144}, {"id": "786129871", "price": 882.3, "amount": 0.01, "side": "buy", "timestamp": 1765583233487}, {"id": "786129872", "price": 882.3, "amount": 0.01, "side": "buy", "timestamp": 1765583236173}, {"id": "786129873", "price": 882.3, "amount": 0.23, "side": "buy", "timestamp": 1765583237975}, {"id": "786129874", "price": 882.3, "amount": 0.01, "side": "buy", "timestamp": 1765583238653}, {"id": "786129875", "price": 882.3, "amount": 3.24, "side": "buy", "timestamp": 1765583239030}, {"id": "786129876", "price": 882.31, "amount": 0.02, "side": "buy", "timestamp": 1765583239030}, {"id": "786129877", "price": 882.32, "amount": 0.02, "side": "buy", "timestamp": 1765583239030}, {"id": "786129878", "price": 882.33, "amount": 0.01, "side": "buy", "timestamp": 1765583239030}, {"id": "786129879", "price": 882.34, "amount": 0.02, "side": "buy", "timestamp": 1765583239030}, {"id": "786129880", "price": 882.36, "amount": 1.99, "side": "buy", "timestamp": 1765583239030}, {"id": "786129881", "price": 882.36, "amount": 0.01, "side": "buy", "timestamp": 1765583239197}, {"id": "786129882", "price": 882.35, "amount": 0.03, "side": "sell", "timestamp": 1765583239726}, {"id": "786129908", "price": 882.53, "amount": 0.28, "side": "buy", "timestamp": 1765583258347}, {"id": "786129909", "price": 882.52, "amount": 0.41, "side": "sell", "timestamp": 1765583259047}, {"id": "786129910", "price": 882.52, "amount": 0.01, "side": "sell", "timestamp": 1765583259679}, {"id": "786129911", "price": 882.52, "amount": 0.33, "side": "sell", "timestamp": 1765583260565}, {"id": "786129912", "price": 882.53, "amount": 0.01, "side": "buy", "timestamp": 1765583261437}, {"id": "786129913", "price": 882.53, "amount": 0.01, "side": "buy", "timestamp": 1765583262624}, {"id": "786129914", "price": 882.53, "amount": 0.07, "side": "buy", "timestamp": 1765583264294}, {"id": "786129915", "price": 882.53, "amount": 0.06, "side": "buy", "timestamp": 1765583265276}, {"id": "786129916", "price": 882.53, "amount": 0.01, "side": "buy", "timestamp": 1765583266132}, {"id": "786129917", "price": 882.52, "amount": 0.01, "side": "sell", "timestamp": 1765583266482}, {"id": "786129918", "price": 882.53, "amount": 0.08, "side": "buy", "timestamp": 1765583267273}, {"id": "786129919", "price": 882.53, "amount": 5.18, "side": "buy", "timestamp": 1765583267762}, {"id": "786129920", "price": 882.53, "amount": 0.14, "side": "buy", "timestamp": 1765583267938}, {"id": "786129921", "price": 882.53, "amount": 0.64, "side": "buy", "timestamp": 1765583268830}, {"id": "786129922", "price": 882.53, "amount": 0.01, "side": "buy", "timestamp": 1765583269025}, {"id": "786129923", "price": 882.53, "amount": 0.07, "side": "buy", "timestamp": 1765583269548}, {"id": "786129924", "price": 882.53, "amount": 1.55, "side": "buy", "timestamp": 1765583269859}, {"id": "786129925", "price": 882.53, "amount": 0.08, "side": "buy", "timestamp": 1765583270233}, {"id": "786129926", "price": 882.53, "amount": 0.02, "side": "buy", "timestamp": 1765583270413}, {"id": "786129927", "price": 882.53, "amount": 0.96, "side": "buy", "timestamp": 1765583273717}, {"id": "786129928", "price": 882.53, "amount": 0.01, "side": "buy", "timestamp": 1765583273826}, {"id": "786129929", "price": 882.53, "amount": 0.01, "side": "buy", "timestamp": 1765583274067}, {"id": "786129930", "price": 882.53, "amount": 0.15, "side": "buy", "timestamp": 1765583274924}, {"id": "786129931", "price": 882.53, "amount": 0.01, "side": "buy", "timestamp": 1765583275710}, {"id": "786129932", "price": 882.53, "amount": 1.37, "side": "buy", "timestamp": 1765583276449}, {"id": "786129933", "price": 882.53, "amount": 0.02, "side": "buy", "timestamp": 1765583277372}, {"id": "786129934", "price": 882.53, "amount": 4.03, "side": "buy", "timestamp": 1765583278173}, {"id": "786129935", "price": 882.52, "amount": 0.09, "side": "sell", "timestamp": 1765583278925}, {"id": "786129936", "price": 882.53, "amount": 0.02, "side": "buy", "timestamp": 1765583279272}, {"id": "786129937", "price": 882.52, "amount": 0.01, "side": "sell", "timestamp": 1765583279733}, {"id": "786129938", "price": 882.53, "amount": 5.37, "side": "buy", "timestamp": 1765583280272}, {"id": "786129939", "price": 882.53, "amount": 0.13, "side": "buy", "timestamp": 1765583280781}, {"id": "786129940", "price": 882.53, "amount": 1.57, "side": "buy", "timestamp": 1765583280893}, {"id": "786129941", "price": 882.52, "amount": 0.11, "side": "sell", "timestamp": 1765583281579}, {"id": "786129942", "price": 882.52, "amount": 0.01, "side": "sell", "timestamp": 1765583283712}, {"id": "786129943", "price": 882.53, "amount": 0.16, "side": "buy", "timestamp": 1765583283925}, {"id": "786129944", "price": 882.53, "amount": 0.02, "side": "buy", "timestamp": 1765583284233}, {"id": "786129945", "price": 882.53, "amount": 0.02, "side": "buy", "timestamp": 1765583284833}, {"id": "786129946", "price": 882.53, "amount": 0.01, "side": "buy", "timestamp": 1765583285421}, {"id": "786129947", "price": 882.52, "amount": 0.1, "side": "sell", "timestamp": 1765583285587}, {"id": "786129948", "price": 882.53, "amount": 0.02, "side": "buy", "timestamp": 1765583285978}, {"id": "786129949", "price": 882.53, "amount": 0.02, "side": "buy", "timestamp": 1765583288244}, {"id": "786129950", "price": 882.53, "amount": 0.06, "side": "buy", "timestamp": 1765583289392}, {"id": "786129951", "price": 882.53, "amount": 0.03, "side": "buy", "timestamp": 1765583289925}, {"id": "786129952", "price": 882.53, "amount": 0.02, "side": "buy", "timestamp": 1765583290219}, {"id": "786129953", "price": 882.53, "amount": 0.02, "side": "buy", "timestamp": 1765583291184}, {"id": "786129954", "price": 882.53, "amount": 0.02, "side": "buy", "timestamp": 1765583291700}, {"id": "786129955", "price": 882.53, "amount": 0.03, "side": "buy", "timestamp": 1765583291995}, {"id": "786129956", "price": 882.53, "amount": 0.01, "side": "buy", "timestamp": 1765583293310}, {"id": "786129957", "price": 882.53, "amount": 0.06, "side": "buy", "timestamp": 1765583293672}, {"id": "786129986", "price": 882.61, "amount": 2.83, "side": "buy", "timestamp": 1765583311572}, {"id": "786129987", "price": 882.62, "amount": 4.75, "side": "buy", "timestamp": 1765583311572}, {"id": "786129988", "price": 882.63, "amount": 1.81, "side": "buy", "timestamp": 1765583311572}, {"id": "786129989", "price": 882.64, "amount": 6.78, "side": "buy", "timestamp": 1765583311572}, {"id": "786129990", "price": 882.63, "amount": 0.08, "side": "sell", "timestamp": 1765583313622}, {"id": "786129991", "price": 882.64, "amount": 0.44, "side": "buy", "timestamp": 1765583314034}, {"id": "786129992", "price": 882.63, "amount": 1.0, "side": "sell", "timestamp": 1765583314034}, {"id": "786129993", "price": 882.64, "amount": 0.01, "side": "buy", "timestamp": 1765583314745}, {"id": "786129994", "price": 882.63, "amount": 0.11, "side": "sell", "timestamp": 1765583314943}, {"id": "786129995", "price": 882.64, "amount": 2.78, "side": "buy", "timestamp": 1765583315521}, {"id": "786129996", "price": 882.63, "amount": 0.01, "side": "sell", "timestamp": 1765583315735}, {"id": "786129997", "price": 882.63, "amount": 0.03, "side": "sell", "timestamp": 1765583316403}, {"id": "786129998", "price": 882.64, "amount": 0.02, "side": "buy", "timestamp": 1765583316415}, {"id": "786129999", "price": 882.64, "amount": 0.01, "side": "buy", "timestamp": 1765583319549}, {"id": "786130000", "price": 882.64, "amount": 0.01, "side": "buy", "timestamp": 1765583320508}, {"id": "786130001", "price": 882.64, "amount": 0.02, "side": "buy", "timestamp": 1765583320698}, {"id": "786130002", "price": 882.64, "amount": 32.11, "side": "buy", "timestamp": 1765583322835}, {"id": "786130003", "price": 882.65, "amount": 1.34, "side": "buy", "timestamp": 1765583322836}, {"id": "786130004", "price": 882.66, "amount": 5.62, "side": "buy", "timestamp": 1765583322836}, {"id": "786130005", "price": 882.67, "amount": 0.03, "side": "buy", "timestamp": 1765583322836}, {"id": "786130006", "price": 882.68, "amount": 1.23, "side": "buy", "timestamp": 1765583322836}, {"id": "786130007", "price": 882.69, "amount": 0.03, "side": "buy", "timestamp": 1765583322836}, {"id": "786130008", "price": 882.7, "amount": 4.45, "side": "buy", "timestamp": 1765583322836}, {"id": "786130009", "price": 882.71, "amount": 0.39, "side": "buy", "timestamp": 1765583322836}, {"id": "786130010", "price": 882.72, "amount": 14.73, "side": "buy", "timestamp": 1765583322836}, {"id": "786130011", "price": 882.73, "amount": 0.03, "side": "buy", "timestamp": 1765583322836}, {"id": "786130012", "price": 882.74, "amount": 23.01, "side": "buy", "timestamp": 1765583322836}, {"id": "786130013", "price": 882.73, "amount": 0.7, "side": "sell", "timestamp": 1765583322902}, {"id": "786130014", "price": 882.74, "amount": 0.01, "side": "buy", "timestamp": 1765583322942}, {"id": "786130015", "price": 882.73, "amount": 3.31, "side": "sell", "timestamp": 1765583323283}, {"id": "786130016", "price": 882.73, "amount": 25.5, "side": "sell", "timestamp": 1765583323384}, {"id": "786130017", "price": 882.72, "amount": 0.04, "side": "sell", "timestamp": 1765583323402}, {"id": "786130018", "price": 882.69, "amount": 0.07, "side": "sell", "timestamp": 1765583323404}, {"id": "786130019", "price": 882.66, "amount": 0.03, "side": "sell", "timestamp": 1765583323404}, {"id": "786130020", "price": 882.65, "amount": 0.01, "side": "sell", "timestamp": 1765583323404}, {"id": "786130021", "price": 882.64, "amount": 1.29, "side": "sell", "timestamp": 1765583323404}, {"id": "786130022", "price": 882.63, "amount": 1.36, "side": "sell", "timestamp": 1765583323404}, {"id": "786130023", "price": 882.62, "amount": 1.91, "side": "sell", "timestamp": 1765583323404}, {"id": "786130024", "price": 882.63, "amount": 0.01, "side": "buy", "timestamp": 1765583323758}, {"id": "786130025", "price": 882.62, "amount": 0.95, "side": "sell", "timestamp": 1765583325755}, {"id": "786130026", "price": 882.63, "amount": 0.01, "side": "buy", "timestamp": 1765583328109}, {"id": "786130027", "price": 882.63, "amount": 0.12, "side": "buy", "timestamp": 1765583330151}, {"id": "786130028", "price": 882.63, "amount": 0.02, "side": "buy", "timestamp": 1765583335218}, {"id": "786130029", "price": 882.63, "amount": 51.47, "side": "buy", "timestamp": 1765583335894}, {"id": "786130030", "price": 882.63, "amount": 4.0, "side": "sell", "timestamp": 1765583339477}, {"id": "786130031", "price": 882.63, "amount": 0.04, "side": "sell", "timestamp": 1765583342978}, {"id": "786130032", "price": 882.64, "amount": 0.02, "side": "buy", "timestamp": 1765583345897}, {"id": "786130033", "price": 882.63, "amount": 0.06, "side": "sell", "timestamp": 1765583345951}, {"id": "786130034", "price": 882.64, "amount": 1.68, "side": "buy", "timestamp": 1765583346680}, {"id": "786130035", "price": 882.63, "amount": 0.03, "side": "sell", "timestamp": 1765583347005}, {"id": "786130029", "price": 882.63, "amount": 51.47, "side": "buy", "timestamp": 1765583335894}, {"id": "786130030", "price": 882.63, "amount": 4.0, "side": "sell", "timestamp": 1765583339477}, {"id": "786130031", "price": 882.63, "amount": 0.04, "side": "sell", "timestamp": 1765583342978}, {"id": "786130032", "price": 882.64, "amount": 0.02, "side": "buy", "timestamp": 1765583345897}, {"id": "786130033", "price": 882.63, "amount": 0.06, "side": "sell", "timestamp": 1765583345951}, {"id": "786130034", "price": 882.64, "amount": 1.68, "side": "buy", "timestamp": 1765583346680}, {"id": "786130035", "price": 882.63, "amount": 0.03, "side": "sell", "timestamp": 1765583347005}, {"id": "786130036", "price": 882.63, "amount": 0.02, "side": "sell", "timestamp": 1765583348973}, {"id": "786130037", "price": 882.63, "amount": 0.02, "side": "sell", "timestamp": 1765583349722}, {"id": "786130038", "price": 882.63, "amount": 0.03, "side": "sell", "timestamp": 1765583349860}, {"id": "786130039", "price": 882.64, "amount": 0.02, "side": "buy", "timestamp": 1765583349979}, {"id": "786130040", "price": 882.63, "amount": 0.85, "side": "sell", "timestamp": 1765583350934}, {"id": "786130041", "price": 882.63, "amount": 6.07, "side": "sell", "timestamp": 1765583351510}, {"id": "786130042", "price": 882.63, "amount": 0.01, "side": "sell", "timestamp": 1765583351735}, {"id": "786130043", "price": 882.64, "amount": 0.04, "side": "buy", "timestamp": 1765583356337}, {"id": "786130044", "price": 882.64, "amount": 0.02, "side": "buy", "timestamp": 1765583357541}, {"id": "786130045", "price": 882.63, "amount": 6.49, "side": "sell", "timestamp": 1765583357624}, {"id": "786130046", "price": 882.62, "amount": 4.97, "side": "sell", "timestamp": 1765583357716}, {"id": "786130047", "price": 882.62, "amount": 0.01, "side": "buy", "timestamp": 1765583360646}, {"id": "786130048", "price": 882.62, "amount": 0.07, "side": "buy", "timestamp": 1765583362076}, {"id": "786130049", "price": 882.62, "amount": 0.01, "side": "buy", "timestamp": 1765583364955}, {"id": "786130050", "price": 882.62, "amount": 0.02, "side": "buy", "timestamp": 1765583365220}, {"id": "786130051", "price": 882.62, "amount": 1.0, "side": "buy", "timestamp": 1765583366328}, {"id": "786130052", "price": 882.62, "amount": 0.01, "side": "buy", "timestamp": 1765583369068}, {"id": "786130053", "price": 882.61, "amount": 0.01, "side": "sell", "timestamp": 1765583369250}, {"id": "786130054", "price": 882.61, "amount": 0.13, "side": "sell", "timestamp": 1765583369567}, {"id": "786130055", "price": 882.62, "amount": 0.42, "side": "buy", "timestamp": 1765583370368}, {"id": "786130056", "price": 882.61, "amount": 0.97, "side": "sell", "timestamp": 1765583371960}, {"id": "786130057", "price": 882.62, "amount": 0.54, "side": "buy", "timestamp": 1765583372139}, {"id": "786130058", "price": 882.61, "amount": 0.12, "side": "sell", "timestamp": 1765583374211}, {"id": "786130059", "price": 882.61, "amount": 0.68, "side": "sell", "timestamp": 1765583374592}, {"id": "786130060", "price": 882.6, "amount": 0.04, "side": "sell", "timestamp": 1765583374594}, {"id": "786130061", "price": 882.57, "amount": 0.03, "side": "sell", "timestamp": 1765583375363}, {"id": "786130062", "price": 882.57, "amount": 0.1, "side": "sell", "timestamp": 1765583375605}, {"id": "786130063", "price": 882.57, "amount": 0.03, "side": "sell", "timestamp": 1765583376109}, {"id": "786130064", "price": 882.57, "amount": 0.02, "side": "sell", "timestamp": 1765583376419}, {"id": "786130065", "price": 882.58, "amount": 0.01, "side": "buy", "timestamp": 1765583378598}, {"id": "786130066", "price": 882.58, "amount": 4.53, "side": "buy", "timestamp": 1765583378729}, {"id": "786130067", "price": 882.57, "amount": 0.22, "side": "sell", "timestamp": 1765583383673}, {"id": "786130068", "price": 882.57, "amount": 0.54, "side": "sell", "timestamp": 1765583384744}, {"id": "786130069", "price": 882.58, "amount": 0.66, "side": "buy", "timestamp": 1765583385831}, {"id": "786130070", "price": 882.57, "amount": 0.01, "side": "sell", "timestamp": 1765583387740}, {"id": "786130071", "price": 882.58, "amount": 4.62, "side": "buy", "timestamp": 1765583388605}, {"id": "786130072", "price": 882.59, "amount": 1.04, "side": "buy", "timestamp": 1765583388605}, {"id": "786130073", "price": 882.58, "amount": 0.02, "side": "sell", "timestamp": 1765583388634}, {"id": "786130074", "price": 882.59, "amount": 0.02, "side": "buy", "timestamp": 1765583388670}, {"id": "786130075", "price": 882.59, "amount": 0.02, "side": "sell", "timestamp": 1765583393729}, {"id": "786130076", "price": 882.59, "amount": 0.02, "side": "sell", "timestamp": 1765583395339}, {"id": "786130077", "price": 882.59, "amount": 0.01, "side": "sell", "timestamp": 1765583396471}, {"id": "786130078", "price": 882.59, "amount": 1.82, "side": "sell", "timestamp": 1765583398714}, {"id": "786130069", "price": 882.58, "amount": 0.66, "side": "buy", "timestamp": 1765583385831}, {"id": "786130070", "price": 882.57, "amount": 0.01, "side": "sell", "timestamp": 1765583387740}, {"id": "786130071", "price": 882.58, "amount": 4.62, "side": "buy", "timestamp": 1765583388605}, {"id": "786130072", "price": 882.59, "amount": 1.04, "side": "buy", "timestamp": 1765583388605}, {"id": "786130073", "price": 882.58, "amount": 0.02, "side": "sell", "timestamp": 1765583388634}, {"id": "786130074", "price": 882.59, "amount": 0.02, "side": "buy", "timestamp": 1765583388670}, {"id": "786130075", "price": 882.59, "amount": 0.02, "side": "sell", "timestamp": 1765583393729}, {"id": "786130076", "price": 882.59, "amount": 0.02, "side": "sell", "timestamp": 1765583395339}, {"id": "786130077", "price": 882.59, "amount": 0.01, "side": "sell", "timestamp": 1765583396471}, {"id": "786130078", "price": 882.59, "amount": 1.82, "side": "sell", "timestamp": 1765583398714}, {"id": "786130079", "price": 882.59, "amount": 2.83, "side": "sell", "timestamp": 1765583402859}, {"id": "786130080", "price": 882.58, "amount": 0.1, "side": "sell", "timestamp": 1765583403199}, {"id": "786130081", "price": 882.58, "amount": 0.55, "side": "sell", "timestamp": 1765583403466}, {"id": "786130082", "price": 882.59, "amount": 0.01, "side": "buy", "timestamp": 1765583403794}, {"id": "786130083", "price": 882.59, "amount": 0.02, "side": "buy", "timestamp": 1765583404694}, {"id": "786130084", "price": 882.59, "amount": 0.01, "side": "buy", "timestamp": 1765583405310}, {"id": "786130085", "price": 882.59, "amount": 0.03, "side": "buy", "timestamp": 1765583405432}, {"id": "786130086", "price": 882.59, "amount": 0.02, "side": "buy", "timestamp": 1765583405866}, {"id": "786130087", "price": 882.59, "amount": 0.03, "side": "buy", "timestamp": 1765583405996}, {"id": "786130088", "price": 882.59, "amount": 0.01, "side": "buy", "timestamp": 1765583409454}, {"id": "786130089", "price": 882.58, "amount": 0.01, "side": "sell", "timestamp": 1765583410052}, {"id": "786130090", "price": 882.59, "amount": 1.08, "side": "buy", "timestamp": 1765583410894}, {"id": "786130091", "price": 882.58, "amount": 0.06, "side": "sell", "timestamp": 1765583412399}, {"id": "786130092", "price": 882.59, "amount": 0.01, "side": "buy", "timestamp": 1765583412943}, {"id": "786130093", "price": 882.59, "amount": 0.01, "side": "buy", "timestamp": 1765583413081}, {"id": "786130094", "price": 882.58, "amount": 0.01, "side": "sell", "timestamp": 1765583414009}, {"id": "786130095", "price": 882.59, "amount": 0.01, "side": "buy", "timestamp": 1765583414985}, {"id": "786130096", "price": 882.59, "amount": 0.01, "side": "buy", "timestamp": 1765583420572}, {"id": "786130097", "price": 882.59, "amount": 0.03, "side": "buy", "timestamp": 1765583421078}, {"id": "786130098", "price": 882.59, "amount": 0.01, "side": "buy", "timestamp": 1765583421768}, {"id": "786130099", "price": 882.59, "amount": 0.01, "side": "buy", "timestamp": 1765583423711}, {"id": "786130100", "price": 882.58, "amount": 0.01, "side": "sell", "timestamp": 1765583423734}, {"id": "786130101", "price": 882.59, "amount": 0.01, "side": "buy", "timestamp": 1765583426631}, {"id": "786130102", "price": 882.58, "amount": 0.04, "side": "sell", "timestamp": 1765583428257}, {"id": "786130103", "price": 882.58, "amount": 0.08, "side": "sell", "timestamp": 1765583428864}, {"id": "786130104", "price": 882.59, "amount": 0.02, "side": "buy", "timestamp": 1765583430807}, {"id": "786130105", "price": 882.59, "amount": 0.01, "side": "buy", "timestamp": 1765583431191}, {"id": "786130106", "price": 882.58, "amount": 0.03, "side": "sell", "timestamp": 1765583432483}, {"id": "786130107", "price": 882.59, "amount": 0.16, "side": "buy", "timestamp": 1765583435855}, {"id": "786130108", "price": 882.59, "amount": 0.03, "side": "buy", "timestamp": 1765583438460}, {"id": "786130109", "price": 882.59, "amount": 0.01, "side": "buy", "timestamp": 1765583440430}, {"id": "786130110", "price": 882.59, "amount": 0.01, "side": "buy", "timestamp": 1765583441810}, {"id": "786130111", "price": 882.59, "amount": 0.12, "side": "buy", "timestamp": 1765583442923}, {"id": "786130112", "price": 882.58, "amount": 0.11, "side": "sell", "timestamp": 1765583442924}, {"id": "786130113", "price": 882.59, "amount": 0.02, "side": "buy", "timestamp": 1765583443744}, {"id": "786130114", "price": 882.59, "amount": 2.92, "side": "buy", "timestamp": 1765583445690}, {"id": "786130115", "price": 882.59, "amount": 0.84, "side": "buy", "timestamp": 1765583450894}, {"id": "786130116", "price": 882.58, "amount": 0.02, "side": "sell", "timestamp": 1765583451818}, {"id": "786130117", "price": 882.59, "amount": 0.01, "side": "buy", "timestamp": 1765583452193}, {"id": "786130118", "price": 882.59, "amount": 0.03, "side": "buy", "timestamp": 1765583452489}, {"id": "786130178", "price": 882.84, "amount": 1.36, "side": "buy", "timestamp": 1765583481828}, {"id": "786130179", "price": 882.85, "amount": 0.08, "side": "buy", "timestamp": 1765583481831}, {"id": "786130180", "price": 882.86, "amount": 0.13, "side": "buy", "timestamp": 1765583481831}, {"id": "786130181", "price": 882.87, "amount": 0.13, "side": "buy", "timestamp": 1765583481835}, {"id": "786130182", "price": 882.88, "amount": 2.63, "side": "buy", "timestamp": 1765583481837}, {"id": "786130183", "price": 882.87, "amount": 0.09, "side": "sell", "timestamp": 1765583481999}, {"id": "786130184", "price": 882.88, "amount": 0.01, "side": "buy", "timestamp": 1765583482071}, {"id": "786130185", "price": 882.87, "amount": 0.39, "side": "sell", "timestamp": 1765583482094}, {"id": "786130186", "price": 882.88, "amount": 0.01, "side": "buy", "timestamp": 1765583482313}, {"id": "786130187", "price": 882.87, "amount": 0.01, "side": "sell", "timestamp": 1765583483097}, {"id": "786130188", "price": 882.87, "amount": 0.01, "side": "sell", "timestamp": 1765583483217}, {"id": "786130189", "price": 882.88, "amount": 12.69, "side": "buy", "timestamp": 1765583483632}, {"id": "786130190", "price": 882.89, "amount": 0.18, "side": "buy", "timestamp": 1765583483662}, {"id": "786130191", "price": 882.9, "amount": 0.17, "side": "buy", "timestamp": 1765583483662}, {"id": "786130192", "price": 882.91, "amount": 0.02, "side": "buy", "timestamp": 1765583483662}, {"id": "786130193", "price": 882.92, "amount": 1.56, "side": "buy", "timestamp": 1765583483687}, {"id": "786130194", "price": 882.92, "amount": 0.05, "side": "buy", "timestamp": 1765583484829}, {"id": "786130195", "price": 882.92, "amount": 0.03, "side": "buy", "timestamp": 1765583485012}, {"id": "786130196", "price": 882.92, "amount": 0.01, "side": "buy", "timestamp": 1765583485795}, {"id": "786130197", "price": 882.92, "amount": 7.0, "side": "buy", "timestamp": 1765583487034}, {"id": "786130198", "price": 882.91, "amount": 0.33, "side": "sell", "timestamp": 1765583487034}, {"id": "786130199", "price": 882.92, "amount": 0.01, "side": "buy", "timestamp": 1765583487582}, {"id": "786130200", "price": 882.92, "amount": 0.63, "side": "buy", "timestamp": 1765583488410}, {"id": "786130201", "price": 882.92, "amount": 0.07, "side": "buy", "timestamp": 1765583489744}, {"id": "786130202", "price": 882.92, "amount": 0.02, "side": "buy", "timestamp": 1765583489933}, {"id": "786130203", "price": 882.92, "amount": 0.48, "side": "buy", "timestamp": 1765583490040}, {"id": "786130204", "price": 882.92, "amount": 0.01, "side": "buy", "timestamp": 1765583490529}, {"id": "786130205", "price": 882.92, "amount": 2.42, "side": "buy", "timestamp": 1765583491040}, {"id": "786130206", "price": 882.91, "amount": 0.1, "side": "sell", "timestamp": 1765583491484}, {"id": "786130207", "price": 882.91, "amount": 0.53, "side": "sell", "timestamp": 1765583492627}, {"id": "786130208", "price": 882.92, "amount": 0.01, "side": "buy", "timestamp": 1765583493106}, {"id": "786130209", "price": 882.92, "amount": 0.12, "side": "buy", "timestamp": 1765583493922}, {"id": "786130210", "price": 882.91, "amount": 0.11, "side": "sell", "timestamp": 1765583494167}, {"id": "786130211", "price": 882.92, "amount": 0.07, "side": "buy", "timestamp": 1765583494714}, {"id": "786130212", "price": 882.92, "amount": 0.01, "side": "buy", "timestamp": 1765583494941}, {"id": "786130213", "price": 882.91, "amount": 0.7, "side": "sell", "timestamp": 1765583495089}, {"id": "786130214", "price": 882.91, "amount": 0.01, "side": "sell", "timestamp": 1765583495744}, {"id": "786130215", "price": 882.92, "amount": 0.01, "side": "buy", "timestamp": 1765583498068}, {"id": "786130216", "price": 882.91, "amount": 0.05, "side": "sell", "timestamp": 1765583498723}, {"id": "786130217", "price": 882.92, "amount": 5.0, "side": "buy", "timestamp": 1765583498848}, {"id": "786130218", "price": 882.92, "amount": 0.01, "side": "buy", "timestamp": 1765583499756}, {"id": "786130219", "price": 882.92, "amount": 0.07, "side": "buy", "timestamp": 1765583499876}, {"id": "786130220", "price": 882.92, "amount": 3.01, "side": "buy", "timestamp": 1765583499977}, {"id": "786130221", "price": 882.92, "amount": 0.09, "side": "buy", "timestamp": 1765583500211}, {"id": "786130222", "price": 882.91, "amount": 0.08, "side": "sell", "timestamp": 1765583501853}, {"id": "786130223", "price": 882.91, "amount": 0.01, "side": "sell", "timestamp": 1765583502724}, {"id": "786130224", "price": 882.92, "amount": 32.01, "side": "buy", "timestamp": 1765583504157}, {"id": "786130225", "price": 882.91, "amount": 0.06, "side": "sell", "timestamp": 1765583504417}, {"id": "786130226", "price": 882.92, "amount": 0.07, "side": "buy", "timestamp": 1765583504840}, {"id": "786130227", "price": 882.92, "amount": 0.01, "side": "buy", "timestamp": 1765583505006}, {"id": "786130302", "price": 882.68, "amount": 0.01, "side": "buy", "timestamp": 1765583535820}, {"id": "786130303", "price": 882.67, "amount": 0.01, "side": "sell", "timestamp": 1765583535978}, {"id": "786130304", "price": 882.68, "amount": 0.02, "side": "buy", "timestamp": 1765583535987}, {"id": "786130305", "price": 882.67, "amount": 1.0, "side": "sell", "timestamp": 1765583536018}, {"id": "786130306", "price": 882.67, "amount": 1.0, "side": "sell", "timestamp": 1765583536380}, {"id": "786130307", "price": 882.67, "amount": 1.01, "side": "sell", "timestamp": 1765583536742}, {"id": "786130308", "price": 882.67, "amount": 1.0, "side": "sell", "timestamp": 1765583537121}, {"id": "786130309", "price": 882.67, "amount": 2.0, "side": "sell", "timestamp": 1765583537484}, {"id": "786130310", "price": 882.67, "amount": 0.11, "side": "sell", "timestamp": 1765583537700}, {"id": "786130311", "price": 882.67, "amount": 1.0, "side": "sell", "timestamp": 1765583537863}, {"id": "786130312", "price": 882.68, "amount": 0.01, "side": "buy", "timestamp": 1765583538160}, {"id": "786130313", "price": 882.67, "amount": 1.0, "side": "sell", "timestamp": 1765583538225}, {"id": "786130314", "price": 882.67, "amount": 1.0, "side": "sell", "timestamp": 1765583538571}, {"id": "786130315", "price": 882.68, "amount": 1.02, "side": "buy", "timestamp": 1765583538665}, {"id": "786130316", "price": 882.68, "amount": 5.0, "side": "buy", "timestamp": 1765583538922}, {"id": "786130317", "price": 882.67, "amount": 1.0, "side": "sell", "timestamp": 1765583538935}, {"id": "786130318", "price": 882.67, "amount": 1.0, "side": "sell", "timestamp": 1765583539283}, {"id": "786130319", "price": 882.67, "amount": 0.08, "side": "sell", "timestamp": 1765583539519}, {"id": "786130320", "price": 882.67, "amount": 1.0, "side": "sell", "timestamp": 1765583539646}, {"id": "786130321", "price": 882.67, "amount": 1.0, "side": "sell", "timestamp": 1765583540009}, {"id": "786130322", "price": 882.67, "amount": 0.07, "side": "sell", "timestamp": 1765583540195}, {"id": "786130323", "price": 882.68, "amount": 0.61, "side": "buy", "timestamp": 1765583540320}, {"id": "786130324", "price": 882.67, "amount": 1.0, "side": "sell", "timestamp": 1765583540355}, {"id": "786130325", "price": 882.67, "amount": 1.0, "side": "sell", "timestamp": 1765583540702}, {"id": "786130326", "price": 882.68, "amount": 1.68, "side": "buy", "timestamp": 1765583540894}, {"id": "786130327", "price": 882.67, "amount": 2.0, "side": "sell", "timestamp": 1765583541051}, {"id": "786130328", "price": 882.68, "amount": 0.01, "side": "buy", "timestamp": 1765583541171}, {"id": "786130329", "price": 882.67, "amount": 1.0, "side": "sell", "timestamp": 1765583541410}, {"id": "786130330", "price": 882.67, "amount": 1.0, "side": "sell", "timestamp": 1765583541791}, {"id": "786130331", "price": 882.67, "amount": 1.0, "side": "sell", "timestamp": 1765583542155}, {"id": "786130332", "price": 882.68, "amount": 1.13, "side": "buy", "timestamp": 1765583542263}, {"id": "786130333", "price": 882.68, "amount": 0.01, "side": "buy", "timestamp": 1765583543462}, {"id": "786130334", "price": 882.68, "amount": 0.01, "side": "buy", "timestamp": 1765583543961}, {"id": "786130335", "price": 882.68, "amount": 0.01, "side": "buy", "timestamp": 1765583544183}, {"id": "786130336", "price": 882.67, "amount": 0.95, "side": "sell", "timestamp": 1765583544228}, {"id": "786130337", "price": 882.68, "amount": 0.01, "side": "buy", "timestamp": 1765583547008}, {"id": "786130338", "price": 882.68, "amount": 0.13, "side": "buy", "timestamp": 1765583547942}, {"id": "786130339", "price": 882.68, "amount": 0.01, "side": "buy", "timestamp": 1765583550032}, {"id": "786130340", "price": 882.67, "amount": 0.01, "side": "sell", "timestamp": 1765583550184}, {"id": "786130341", "price": 882.67, "amount": 0.03, "side": "sell", "timestamp": 1765583551941}, {"id": "786130342", "price": 882.68, "amount": 0.01, "side": "buy", "timestamp": 1765583552159}, {"id": "786130343", "price": 882.68, "amount": 0.01, "side": "buy", "timestamp": 1765583553055}, {"id": "786130344", "price": 882.68, "amount": 0.37, "side": "buy", "timestamp": 1765583554563}, {"id": "786130345", "price": 882.68, "amount": 0.01, "side": "buy", "timestamp": 1765583556078}, {"id": "786130346", "price": 882.68, "amount": 0.01, "side": "buy", "timestamp": 1765583556708}, {"id": "786130347", "price": 882.67, "amount": 0.42, "side": "sell", "timestamp": 1765583556840}, {"id": "786130348", "price": 882.68, "amount": 0.01, "side": "buy", "timestamp": 1765583557921}, {"id": "786130349", "price": 882.67, "amount": 4.53, "side": "sell", "timestamp": 1765583558231}, {"id": "786130350", "price": 882.68, "amount": 0.01, "side": "buy", "timestamp": 1765583558687}, {"id": "786130351", "price": 882.68, "amount": 0.01, "side": "buy", "timestamp": 1765583559104}, {"id": "786130392", "price": 882.53, "amount": 0.26, "side": "buy", "timestamp": 1765583584974}, {"id": "786130393", "price": 882.53, "amount": 0.01, "side": "buy", "timestamp": 1765583586098}, {"id": "786130394", "price": 882.52, "amount": 0.04, "side": "sell", "timestamp": 1765583587094}, {"id": "786130395", "price": 882.53, "amount": 0.02, "side": "buy", "timestamp": 1765583589094}, {"id": "786130396", "price": 882.52, "amount": 0.01, "side": "sell", "timestamp": 1765583589816}, {"id": "786130397", "price": 882.52, "amount": 0.03, "side": "sell", "timestamp": 1765583590207}, {"id": "786130398", "price": 882.53, "amount": 0.01, "side": "buy", "timestamp": 1765583591458}, {"id": "786130399", "price": 882.53, "amount": 0.01, "side": "buy", "timestamp": 1765583592145}, {"id": "786130400", "price": 882.52, "amount": 0.05, "side": "sell", "timestamp": 1765583592308}, {"id": "786130401", "price": 882.52, "amount": 4.0, "side": "sell", "timestamp": 1765583592526}, {"id": "786130402", "price": 882.53, "amount": 0.06, "side": "buy", "timestamp": 1765583592854}, {"id": "786130403", "price": 882.52, "amount": 0.03, "side": "sell", "timestamp": 1765583593112}, {"id": "786130404", "price": 882.53, "amount": 0.01, "side": "buy", "timestamp": 1765583595155}, {"id": "786130405", "price": 882.53, "amount": 0.01, "side": "buy", "timestamp": 1765583598166}, {"id": "786130406", "price": 882.52, "amount": 0.39, "side": "sell", "timestamp": 1765583599198}, {"id": "786130407", "price": 882.53, "amount": 0.01, "side": "buy", "timestamp": 1765583599369}, {"id": "786130408", "price": 882.52, "amount": 0.01, "side": "sell", "timestamp": 1765583599604}, {"id": "786130409", "price": 882.53, "amount": 1.02, "side": "buy", "timestamp": 1765583600894}, {"id": "786130410", "price": 882.52, "amount": 0.07, "side": "sell", "timestamp": 1765583601163}, {"id": "786130411", "price": 882.53, "amount": 0.01, "side": "buy", "timestamp": 1765583601186}, {"id": "786130412", "price": 882.52, "amount": 0.3, "side": "sell", "timestamp": 1765583601243}, {"id": "786130413", "price": 882.52, "amount": 0.1, "side": "sell", "timestamp": 1765583603193}, {"id": "786130414", "price": 882.52, "amount": 0.01, "side": "sell", "timestamp": 1765583603725}, {"id": "786130415", "price": 882.52, "amount": 0.42, "side": "sell", "timestamp": 1765583604203}, {"id": "786130416", "price": 882.53, "amount": 0.01, "side": "buy", "timestamp": 1765583604209}, {"id": "786130417", "price": 882.52, "amount": 0.1, "side": "sell", "timestamp": 1765583605026}, {"id": "786130418", "price": 882.52, "amount": 7.73, "side": "sell", "timestamp": 1765583605233}, {"id": "786130419", "price": 882.51, "amount": 0.03, "side": "sell", "timestamp": 1765583605236}, {"id": "786130420", "price": 882.5, "amount": 0.48, "side": "sell", "timestamp": 1765583605236}, {"id": "786130421", "price": 882.49, "amount": 0.01, "side": "sell", "timestamp": 1765583605236}, {"id": "786130422", "price": 882.48, "amount": 0.06, "side": "sell", "timestamp": 1765583605236}, {"id": "786130423", "price": 882.47, "amount": 0.25, "side": "sell", "timestamp": 1765583605236}, {"id": "786130424", "price": 882.46, "amount": 0.01, "side": "sell", "timestamp": 1765583605242}, {"id": "786130425", "price": 882.45, "amount": 0.01, "side": "sell", "timestamp": 1765583605242}, {"id": "786130426", "price": 882.44, "amount": 2.44, "side": "sell", "timestamp": 1765583605242}, {"id": "786130427", "price": 882.43, "amount": 0.08, "side": "sell", "timestamp": 1765583605250}, {"id": "786130428", "price": 882.43, "amount": 0.55, "side": "sell", "timestamp": 1765583605609}, {"id": "786130429", "price": 882.42, "amount": 0.03, "side": "sell", "timestamp": 1765583605611}, {"id": "786130430", "price": 882.41, "amount": 1.01, "side": "sell", "timestamp": 1765583605612}, {"id": "786130431", "price": 882.4, "amount": 0.02, "side": "sell", "timestamp": 1765583605613}, {"id": "786130432", "price": 882.39, "amount": 0.05, "side": "sell", "timestamp": 1765583605615}, {"id": "786130433", "price": 882.39, "amount": 0.02, "side": "buy", "timestamp": 1765583605705}, {"id": "786130434", "price": 882.39, "amount": 0.04, "side": "buy", "timestamp": 1765583606314}, {"id": "786130435", "price": 882.39, "amount": 0.01, "side": "buy", "timestamp": 1765583606520}, {"id": "786130436", "price": 882.39, "amount": 0.01, "side": "buy", "timestamp": 1765583606732}, {"id": "786130437", "price": 882.39, "amount": 0.01, "side": "buy", "timestamp": 1765583607047}, {"id": "786130438", "price": 882.39, "amount": 0.01, "side": "buy", "timestamp": 1765583607700}, {"id": "786130439", "price": 882.39, "amount": 0.01, "side": "buy", "timestamp": 1765583609916}, {"id": "786130440", "price": 882.39, "amount": 0.01, "side": "buy", "timestamp": 1765583610083}, {"id": "786130441", "price": 882.39, "amount": 0.01, "side": "buy", "timestamp": 1765583613096}, {"id": "786130530", "price": 882.21, "amount": 0.11, "side": "buy", "timestamp": 1765583650491}, {"id": "786130531", "price": 882.21, "amount": 0.1, "side": "buy", "timestamp": 1765583650931}, {"id": "786130532", "price": 882.21, "amount": 0.11, "side": "buy", "timestamp": 1765583651249}, {"id": "786130533", "price": 882.21, "amount": 0.1, "side": "buy", "timestamp": 1765583651718}, {"id": "786130534", "price": 882.21, "amount": 0.11, "side": "buy", "timestamp": 1765583652056}, {"id": "786130535", "price": 882.2, "amount": 0.02, "side": "sell", "timestamp": 1765583652262}, {"id": "786130536", "price": 882.21, "amount": 0.1, "side": "buy", "timestamp": 1765583652516}, {"id": "786130537", "price": 882.21, "amount": 0.1, "side": "buy", "timestamp": 1765583652913}, {"id": "786130538", "price": 882.2, "amount": 0.48, "side": "sell", "timestamp": 1765583653002}, {"id": "786130539", "price": 882.21, "amount": 0.1, "side": "buy", "timestamp": 1765583653308}, {"id": "786130540", "price": 882.2, "amount": 0.03, "side": "sell", "timestamp": 1765583653422}, {"id": "786130541", "price": 882.21, "amount": 0.1, "side": "buy", "timestamp": 1765583653717}, {"id": "786130542", "price": 882.21, "amount": 0.1, "side": "buy", "timestamp": 1765583654112}, {"id": "786130543", "price": 882.21, "amount": 0.01, "side": "buy", "timestamp": 1765583654324}, {"id": "786130544", "price": 882.21, "amount": 0.1, "side": "buy", "timestamp": 1765583654513}, {"id": "786130545", "price": 882.21, "amount": 0.1, "side": "buy", "timestamp": 1765583654909}, {"id": "786130546", "price": 882.21, "amount": 0.01, "side": "buy", "timestamp": 1765583655076}, {"id": "786130547", "price": 882.21, "amount": 0.1, "side": "buy", "timestamp": 1765583655302}, {"id": "786130548", "price": 882.21, "amount": 0.1, "side": "buy", "timestamp": 1765583655695}, {"id": "786130549", "price": 882.21, "amount": 0.1, "side": "buy", "timestamp": 1765583656093}, {"id": "786130550", "price": 882.2, "amount": 0.44, "side": "sell", "timestamp": 1765583656122}, {"id": "786130551", "price": 882.21, "amount": 0.1, "side": "buy", "timestamp": 1765583656485}, {"id": "786130552", "price": 882.21, "amount": 0.1, "side": "buy", "timestamp": 1765583656880}, {"id": "786130553", "price": 882.21, "amount": 0.1, "side": "buy", "timestamp": 1765583657276}, {"id": "786130554", "price": 882.21, "amount": 0.1, "side": "buy", "timestamp": 1765583657677}, {"id": "786130555", "price": 882.21, "amount": 0.11, "side": "buy", "timestamp": 1765583658074}, {"id": "786130556", "price": 882.2, "amount": 0.34, "side": "sell", "timestamp": 1765583658219}, {"id": "786130557", "price": 882.21, "amount": 0.1, "side": "buy", "timestamp": 1765583658468}, {"id": "786130558", "price": 882.21, "amount": 0.32, "side": "buy", "timestamp": 1765583658811}, {"id": "786130559", "price": 882.21, "amount": 0.1, "side": "buy", "timestamp": 1765583659264}, {"id": "786130560", "price": 882.21, "amount": 0.1, "side": "buy", "timestamp": 1765583659663}, {"id": "786130561", "price": 882.21, "amount": 31.06, "side": "buy", "timestamp": 1765583660055}, {"id": "786130562", "price": 882.21, "amount": 0.32, "side": "sell", "timestamp": 1765583660320}, {"id": "786130563", "price": 882.22, "amount": 0.1, "side": "buy", "timestamp": 1765583660455}, {"id": "786130564", "price": 882.22, "amount": 0.1, "side": "buy", "timestamp": 1765583660863}, {"id": "786130565", "price": 882.22, "amount": 0.01, "side": "buy", "timestamp": 1765583660966}, {"id": "786130566", "price": 882.22, "amount": 0.01, "side": "buy", "timestamp": 1765583661132}, {"id": "786130567", "price": 882.22, "amount": 0.1, "side": "buy", "timestamp": 1765583661261}, {"id": "786130568", "price": 882.22, "amount": 0.1, "side": "buy", "timestamp": 1765583661663}, {"id": "786130569", "price": 882.22, "amount": 0.1, "side": "buy", "timestamp": 1765583662067}, {"id": "786130570", "price": 882.21, "amount": 0.73, "side": "sell", "timestamp": 1765583662338}, {"id": "786130571", "price": 882.22, "amount": 6.15, "side": "buy", "timestamp": 1765583662513}, {"id": "786130572", "price": 882.23, "amount": 3.18, "side": "buy", "timestamp": 1765583662513}, {"id": "786130573", "price": 882.24, "amount": 0.01, "side": "buy", "timestamp": 1765583662514}, {"id": "786130574", "price": 882.25, "amount": 7.77, "side": "buy", "timestamp": 1765583662516}, {"id": "786130575", "price": 882.26, "amount": 0.2, "side": "buy", "timestamp": 1765583662530}, {"id": "786130576", "price": 882.27, "amount": 0.03, "side": "buy", "timestamp": 1765583662542}, {"id": "786130577", "price": 882.28, "amount": 2.93, "side": "buy", "timestamp": 1765583662542}, {"id": "786130578", "price": 882.29, "amount": 0.01, "side": "buy", "timestamp": 1765583664025}, {"id": "786130579", "price": 882.28, "amount": 3.06, "side": "sell", "timestamp": 1765583665475}, {"id": "786130691", "price": 882.14, "amount": 0.16, "side": "buy", "timestamp": 1765583707485}, {"id": "786130692", "price": 882.17, "amount": 0.1, "side": "buy", "timestamp": 1765583707497}, {"id": "786130693", "price": 882.17, "amount": 0.1, "side": "buy", "timestamp": 1765583707899}, {"id": "786130694", "price": 882.17, "amount": 8.75, "side": "buy", "timestamp": 1765583708015}, {"id": "786130695", "price": 882.16, "amount": 1.13, "side": "sell", "timestamp": 1765583708256}, {"id": "786130696", "price": 882.16, "amount": 1.02, "side": "sell", "timestamp": 1765583708492}, {"id": "786130697", "price": 882.17, "amount": 0.45, "side": "buy", "timestamp": 1765583708522}, {"id": "786130698", "price": 882.16, "amount": 0.38, "side": "sell", "timestamp": 1765583708646}, {"id": "786130699", "price": 882.17, "amount": 0.1, "side": "buy", "timestamp": 1765583708937}, {"id": "786130700", "price": 882.17, "amount": 0.01, "side": "buy", "timestamp": 1765583709083}, {"id": "786130701", "price": 882.17, "amount": 0.1, "side": "buy", "timestamp": 1765583709332}, {"id": "786130702", "price": 882.17, "amount": 0.13, "side": "buy", "timestamp": 1765583709657}, {"id": "786130703", "price": 882.17, "amount": 0.1, "side": "buy", "timestamp": 1765583710124}, {"id": "786130704", "price": 882.17, "amount": 0.1, "side": "buy", "timestamp": 1765583710521}, {"id": "786130705", "price": 882.16, "amount": 7.17, "side": "sell", "timestamp": 1765583710723}, {"id": "786130706", "price": 882.17, "amount": 0.1, "side": "buy", "timestamp": 1765583710917}, {"id": "786130707", "price": 882.17, "amount": 0.1, "side": "buy", "timestamp": 1765583711315}, {"id": "786130708", "price": 882.17, "amount": 0.1, "side": "buy", "timestamp": 1765583711715}, {"id": "786130709", "price": 882.16, "amount": 0.01, "side": "sell", "timestamp": 1765583711743}, {"id": "786130710", "price": 882.17, "amount": 0.11, "side": "buy", "timestamp": 1765583712093}, {"id": "786130711", "price": 882.17, "amount": 0.11, "side": "buy", "timestamp": 1765583712518}, {"id": "786130712", "price": 882.16, "amount": 2.0, "side": "sell", "timestamp": 1765583712700}, {"id": "786130713", "price": 882.17, "amount": 0.02, "side": "buy", "timestamp": 1765583712739}, {"id": "786130714", "price": 882.16, "amount": 0.34, "side": "sell", "timestamp": 1765583712802}, {"id": "786130715", "price": 882.17, "amount": 0.1, "side": "buy", "timestamp": 1765583712916}, {"id": "786130716", "price": 882.17, "amount": 0.1, "side": "buy", "timestamp": 1765583713319}, {"id": "786130717", "price": 882.16, "amount": 0.07, "side": "sell", "timestamp": 1765583713387}, {"id": "786130718", "price": 882.16, "amount": 0.04, "side": "sell", "timestamp": 1765583713606}, {"id": "786130719", "price": 882.17, "amount": 0.1, "side": "buy", "timestamp": 1765583713719}, {"id": "786130720", "price": 882.17, "amount": 0.1, "side": "buy", "timestamp": 1765583714117}, {"id": "786130721", "price": 882.16, "amount": 0.01, "side": "sell", "timestamp": 1765583714124}, {"id": "786130722", "price": 882.17, "amount": 0.1, "side": "buy", "timestamp": 1765583714518}, {"id": "786130723", "price": 882.16, "amount": 0.31, "side": "sell", "timestamp": 1765583714876}, {"id": "786130724", "price": 882.17, "amount": 0.1, "side": "buy", "timestamp": 1765583714911}, {"id": "786130725", "price": 882.17, "amount": 0.01, "side": "buy", "timestamp": 1765583715104}, {"id": "786130726", "price": 882.17, "amount": 0.1, "side": "buy", "timestamp": 1765583715305}, {"id": "786130727", "price": 882.17, "amount": 0.11, "side": "buy", "timestamp": 1765583715715}, {"id": "786130728", "price": 882.17, "amount": 0.1, "side": "buy", "timestamp": 1765583716112}, {"id": "786130729", "price": 882.17, "amount": 0.1, "side": "buy", "timestamp": 1765583716510}, {"id": "786130730", "price": 882.17, "amount": 0.1, "side": "buy", "timestamp": 1765583716903}, {"id": "786130731", "price": 882.16, "amount": 0.29, "side": "sell", "timestamp": 1765583716956}, {"id": "786130732", "price": 882.17, "amount": 0.1, "side": "buy", "timestamp": 1765583717304}, {"id": "786130733", "price": 882.16, "amount": 0.15, "side": "sell", "timestamp": 1765583717385}, {"id": "786130734", "price": 882.17, "amount": 0.1, "side": "buy", "timestamp": 1765583717704}, {"id": "786130735", "price": 882.17, "amount": 0.11, "side": "buy", "timestamp": 1765583718102}, {"id": "786130736", "price": 882.17, "amount": 0.97, "side": "buy", "timestamp": 1765583718499}, {"id": "786130737", "price": 882.17, "amount": 0.1, "side": "buy", "timestamp": 1765583718899}, {"id": "786130738", "price": 882.16, "amount": 0.28, "side": "sell", "timestamp": 1765583719033}, {"id": "786130739", "price": 882.17, "amount": 0.1, "side": "buy", "timestamp": 1765583719302}, {"id": "786130740", "price": 882.16, "amount": 0.01, "side": "sell", "timestamp": 1765583719335}, {"id": "786130783", "price": 882.09, "amount": 4.53, "side": "sell", "timestamp": 1765583743215}, {"id": "786130784", "price": 882.08, "amount": 1.86, "side": "sell", "timestamp": 1765583743215}, {"id": "786130785", "price": 882.07, "amount": 0.01, "side": "sell", "timestamp": 1765583743215}, {"id": "786130786", "price": 882.06, "amount": 0.02, "side": "sell", "timestamp": 1765583743215}, {"id": "786130787", "price": 882.05, "amount": 1.39, "side": "sell", "timestamp": 1765583743215}, {"id": "786130788", "price": 882.04, "amount": 1.21, "side": "sell", "timestamp": 1765583743215}, {"id": "786130789", "price": 882.04, "amount": 0.29, "side": "sell", "timestamp": 1765583743400}, {"id": "786130790", "price": 882.03, "amount": 0.15, "side": "sell", "timestamp": 1765583743412}, {"id": "786130791", "price": 882.03, "amount": 0.1, "side": "buy", "timestamp": 1765583743422}, {"id": "786130792", "price": 882.03, "amount": 0.1, "side": "buy", "timestamp": 1765583743977}, {"id": "786130793", "price": 882.03, "amount": 0.1, "side": "buy", "timestamp": 1765583744386}, {"id": "786130794", "price": 882.03, "amount": 0.1, "side": "buy", "timestamp": 1765583744778}, {"id": "786130795", "price": 882.03, "amount": 0.02, "side": "buy", "timestamp": 1765583744945}, {"id": "786130796", "price": 882.03, "amount": 0.31, "side": "buy", "timestamp": 1765583745176}, {"id": "786130797", "price": 882.02, "amount": 1.68, "side": "sell", "timestamp": 1765583745455}, {"id": "786130798", "price": 882.03, "amount": 0.1, "side": "buy", "timestamp": 1765583745578}, {"id": "786130799", "price": 882.0, "amount": 9.15, "side": "sell", "timestamp": 1765583745703}, {"id": "786130800", "price": 881.99, "amount": 0.01, "side": "sell", "timestamp": 1765583745706}, {"id": "786130801", "price": 881.99, "amount": 1.59, "side": "buy", "timestamp": 1765583745893}, {"id": "786130802", "price": 881.99, "amount": 0.16, "side": "buy", "timestamp": 1765583747038}, {"id": "786130803", "price": 881.98, "amount": 0.02, "side": "sell", "timestamp": 1765583747236}, {"id": "786130804", "price": 881.98, "amount": 0.01, "side": "sell", "timestamp": 1765583747749}, {"id": "786130805", "price": 881.99, "amount": 0.01, "side": "buy", "timestamp": 1765583748089}, {"id": "786130806", "price": 881.98, "amount": 1.19, "side": "sell", "timestamp": 1765583749972}, {"id": "786130807", "price": 881.99, "amount": 0.01, "side": "buy", "timestamp": 1765583751144}, {"id": "786130808", "price": 881.99, "amount": 0.01, "side": "buy", "timestamp": 1765583754184}, {"id": "786130809", "price": 881.98, "amount": 1.66, "side": "sell", "timestamp": 1765583755083}, {"id": "786130810", "price": 881.99, "amount": 0.01, "side": "buy", "timestamp": 1765583756595}, {"id": "786130811", "price": 881.99, "amount": 0.01, "side": "buy", "timestamp": 1765583757004}, {"id": "786130812", "price": 881.98, "amount": 0.25, "side": "sell", "timestamp": 1765583758885}, {"id": "786130813", "price": 881.99, "amount": 0.01, "side": "buy", "timestamp": 1765583760038}, {"id": "786130814", "price": 881.99, "amount": 0.03, "side": "buy", "timestamp": 1765583761773}, {"id": "786130815", "price": 881.99, "amount": 0.01, "side": "buy", "timestamp": 1765583763053}, {"id": "786130816", "price": 881.98, "amount": 0.03, "side": "sell", "timestamp": 1765583763661}, {"id": "786130817", "price": 881.99, "amount": 0.01, "side": "buy", "timestamp": 1765583763967}, {"id": "786130818", "price": 881.98, "amount": 2.05, "side": "sell", "timestamp": 1765583764870}, {"id": "786130819", "price": 881.99, "amount": 0.03, "side": "buy", "timestamp": 1765583764893}, {"id": "786130820", "price": 881.99, "amount": 0.01, "side": "buy", "timestamp": 1765583765335}, {"id": "786130821", "price": 881.99, "amount": 0.01, "side": "buy", "timestamp": 1765583765457}, {"id": "786130822", "price": 881.99, "amount": 0.01, "side": "buy", "timestamp": 1765583765900}, {"id": "786130823", "price": 881.99, "amount": 0.01, "side": "buy", "timestamp": 1765583766072}, {"id": "786130824", "price": 881.98, "amount": 0.08, "side": "sell", "timestamp": 1765583766486}, {"id": "786130825", "price": 881.98, "amount": 0.42, "side": "sell", "timestamp": 1765583768109}, {"id": "786130826", "price": 881.98, "amount": 3.4, "side": "sell", "timestamp": 1765583768313}, {"id": "786130827", "price": 881.99, "amount": 0.01, "side": "buy", "timestamp": 1765583769103}, {"id": "786130828", "price": 881.98, "amount": 0.01, "side": "sell", "timestamp": 1765583769346}, {"id": "786130829", "price": 881.98, "amount": 0.01, "side": "sell", "timestamp": 1765583769752}, {"id": "786130830", "price": 881.98, "amount": 4.1, "side": "sell", "timestamp": 1765583770537}, {"id": "786130831", "price": 881.99, "amount": 0.01, "side": "buy", "timestamp": 1765583772008}, {"id": "786130832", "price": 881.99, "amount": 0.01, "side": "buy", "timestamp": 1765583772121}, {"id": "786130853", "price": 881.99, "amount": 0.01, "side": "buy", "timestamp": 1765583795374}, {"id": "786130854", "price": 881.99, "amount": 0.01, "side": "buy", "timestamp": 1765583796086}, {"id": "786130855", "price": 881.99, "amount": 0.01, "side": "buy", "timestamp": 1765583796956}, {"id": "786130856", "price": 881.98, "amount": 24.49, "side": "sell", "timestamp": 1765583798014}, {"id": "786130857", "price": 881.97, "amount": 0.02, "side": "sell", "timestamp": 1765583798018}, {"id": "786130858", "price": 881.95, "amount": 0.19, "side": "sell", "timestamp": 1765583798067}, {"id": "786130859", "price": 881.94, "amount": 0.01, "side": "sell", "timestamp": 1765583798067}, {"id": "786130860", "price": 881.93, "amount": 0.02, "side": "sell", "timestamp": 1765583798067}, {"id": "786130861", "price": 881.93, "amount": 0.01, "side": "buy", "timestamp": 1765583799132}, {"id": "786130862", "price": 881.93, "amount": 0.01, "side": "buy", "timestamp": 1765583800622}, {"id": "786130863", "price": 881.93, "amount": 0.01, "side": "buy", "timestamp": 1765583802178}, {"id": "786130864", "price": 881.92, "amount": 0.05, "side": "sell", "timestamp": 1765583803021}, {"id": "786130865", "price": 881.92, "amount": 3.72, "side": "sell", "timestamp": 1765583803450}, {"id": "786130866", "price": 881.91, "amount": 17.07, "side": "sell", "timestamp": 1765583803451}, {"id": "786130867", "price": 881.91, "amount": 2.78, "side": "sell", "timestamp": 1765583803608}, {"id": "786130868", "price": 881.92, "amount": 0.01, "side": "buy", "timestamp": 1765583805025}, {"id": "786130869", "price": 881.91, "amount": 0.45, "side": "sell", "timestamp": 1765583805259}, {"id": "786130870", "price": 881.92, "amount": 1.19, "side": "buy", "timestamp": 1765583805894}, {"id": "786130871", "price": 881.91, "amount": 0.35, "side": "sell", "timestamp": 1765583806328}, {"id": "786130872", "price": 881.92, "amount": 0.01, "side": "buy", "timestamp": 1765583808084}, {"id": "786130873", "price": 881.92, "amount": 0.01, "side": "buy", "timestamp": 1765583811118}, {"id": "786130874", "price": 881.91, "amount": 22.77, "side": "sell", "timestamp": 1765583813100}, {"id": "786130875", "price": 881.9, "amount": 0.13, "side": "sell", "timestamp": 1765583813539}, {"id": "786130876", "price": 881.91, "amount": 0.04, "side": "buy", "timestamp": 1765583814113}, {"id": "786130877", "price": 881.91, "amount": 0.01, "side": "buy", "timestamp": 1765583816169}, {"id": "786130878", "price": 881.9, "amount": 0.21, "side": "sell", "timestamp": 1765583816866}, {"id": "786130879", "price": 881.91, "amount": 0.01, "side": "buy", "timestamp": 1765583817034}, {"id": "786130880", "price": 881.91, "amount": 0.05, "side": "buy", "timestamp": 1765583817740}, {"id": "786130881", "price": 881.9, "amount": 1.34, "side": "sell", "timestamp": 1765583818202}, {"id": "786130882", "price": 881.9, "amount": 0.04, "side": "sell", "timestamp": 1765583818925}, {"id": "786130883", "price": 881.9, "amount": 0.74, "side": "sell", "timestamp": 1765583819416}, {"id": "786130884", "price": 881.89, "amount": 0.01, "side": "sell", "timestamp": 1765583819737}, {"id": "786130885", "price": 881.9, "amount": 0.01, "side": "buy", "timestamp": 1765583820069}, {"id": "786130886", "price": 881.9, "amount": 0.77, "side": "buy", "timestamp": 1765583821589}, {"id": "786130887", "price": 881.9, "amount": 0.01, "side": "buy", "timestamp": 1765583822052}, {"id": "786130888", "price": 881.9, "amount": 0.24, "side": "buy", "timestamp": 1765583822468}, {"id": "786130889", "price": 881.9, "amount": 0.01, "side": "buy", "timestamp": 1765583823107}, {"id": "786130890", "price": 881.89, "amount": 0.01, "side": "sell", "timestamp": 1765583823218}, {"id": "786130891", "price": 881.89, "amount": 0.05, "side": "sell", "timestamp": 1765583823506}, {"id": "786130892", "price": 881.9, "amount": 0.01, "side": "buy", "timestamp": 1765583824115}, {"id": "786130893", "price": 881.9, "amount": 0.34, "side": "buy", "timestamp": 1765583824348}, {"id": "786130894", "price": 881.9, "amount": 0.01, "side": "buy", "timestamp": 1765583825006}, {"id": "786130895", "price": 881.9, "amount": 0.03, "side": "buy", "timestamp": 1765583825177}, {"id": "786130896", "price": 881.9, "amount": 0.01, "side": "buy", "timestamp": 1765583825334}, {"id": "786130897", "price": 881.9, "amount": 0.01, "side": "buy", "timestamp": 1765583825465}, {"id": "786130898", "price": 881.9, "amount": 0.01, "side": "buy", "timestamp": 1765583825570}, {"id": "786130899", "price": 881.89, "amount": 5.58, "side": "sell", "timestamp": 1765583825629}, {"id": "786130900", "price": 881.9, "amount": 0.02, "side": "buy", "timestamp": 1765583825897}, {"id": "786130901", "price": 881.89, "amount": 0.76, "side": "sell", "timestamp": 1765583826031}, {"id": "786130902", "price": 881.88, "amount": 0.01, "side": "sell", "timestamp": 1765583826031}, {"id": "786130951", "price": 881.74, "amount": 0.1, "side": "buy", "timestamp": 1765583848510}, {"id": "786130952", "price": 881.74, "amount": 0.1, "side": "buy", "timestamp": 1765583848906}, {"id": "786130953", "price": 881.74, "amount": 0.1, "side": "buy", "timestamp": 1765583849305}, {"id": "786130954", "price": 881.73, "amount": 2.86, "side": "sell", "timestamp": 1765583849607}, {"id": "786130955", "price": 881.74, "amount": 0.1, "side": "buy", "timestamp": 1765583849703}, {"id": "786130956", "price": 881.74, "amount": 0.11, "side": "buy", "timestamp": 1765583850102}, {"id": "786130957", "price": 881.74, "amount": 0.1, "side": "buy", "timestamp": 1765583850495}, {"id": "786130958", "price": 881.73, "amount": 0.02, "side": "sell", "timestamp": 1765583850735}, {"id": "786130959", "price": 881.74, "amount": 5.96, "side": "buy", "timestamp": 1765583850889}, {"id": "786130960", "price": 881.74, "amount": 0.5, "side": "buy", "timestamp": 1765583851280}, {"id": "786130961", "price": 881.74, "amount": 0.91, "side": "buy", "timestamp": 1765583851684}, {"id": "786130962", "price": 881.74, "amount": 1.23, "side": "buy", "timestamp": 1765583852045}, {"id": "786130963", "price": 881.74, "amount": 1.24, "side": "buy", "timestamp": 1765583852482}, {"id": "786130964", "price": 881.74, "amount": 0.01, "side": "buy", "timestamp": 1765583852756}, {"id": "786130965", "price": 881.74, "amount": 1.13, "side": "buy", "timestamp": 1765583852905}, {"id": "786130966", "price": 881.74, "amount": 1.2, "side": "buy", "timestamp": 1765583853021}, {"id": "786130967", "price": 881.74, "amount": 0.01, "side": "buy", "timestamp": 1765583853191}, {"id": "786130968", "price": 881.73, "amount": 0.03, "side": "sell", "timestamp": 1765583853295}, {"id": "786130969", "price": 881.74, "amount": 0.46, "side": "buy", "timestamp": 1765583853351}, {"id": "786130970", "price": 881.74, "amount": 0.49, "side": "buy", "timestamp": 1765583853806}, {"id": "786130971", "price": 881.75, "amount": 0.02, "side": "buy", "timestamp": 1765583853807}, {"id": "786130972", "price": 881.76, "amount": 0.01, "side": "buy", "timestamp": 1765583853807}, {"id": "786130973", "price": 881.78, "amount": 0.24, "side": "buy", "timestamp": 1765583853807}, {"id": "786130974", "price": 881.78, "amount": 0.01, "side": "buy", "timestamp": 1765583854967}, {"id": "786130975", "price": 881.77, "amount": 0.01, "side": "sell", "timestamp": 1765583855739}, {"id": "786130976", "price": 881.78, "amount": 1.35, "side": "buy", "timestamp": 1765583856029}, {"id": "786130977", "price": 881.77, "amount": 0.59, "side": "sell", "timestamp": 1765583857853}, {"id": "786130978", "price": 881.78, "amount": 0.01, "side": "buy", "timestamp": 1765583859056}, {"id": "786130979", "price": 881.78, "amount": 0.01, "side": "buy", "timestamp": 1765583860106}, {"id": "786130980", "price": 881.78, "amount": 0.01, "side": "buy", "timestamp": 1765583862094}, {"id": "786130981", "price": 881.78, "amount": 0.01, "side": "buy", "timestamp": 1765583863253}, {"id": "786130982", "price": 881.78, "amount": 0.01, "side": "buy", "timestamp": 1765583863584}, {"id": "786130983", "price": 881.77, "amount": 14.15, "side": "sell", "timestamp": 1765583864577}, {"id": "786130984", "price": 881.76, "amount": 4.52, "side": "sell", "timestamp": 1765583864577}, {"id": "786130985", "price": 881.75, "amount": 0.34, "side": "sell", "timestamp": 1765583864577}, {"id": "786130986", "price": 881.74, "amount": 3.73, "side": "sell", "timestamp": 1765583864577}, {"id": "786130987", "price": 881.75, "amount": 0.01, "side": "buy", "timestamp": 1765583865130}, {"id": "786130988", "price": 881.75, "amount": 0.01, "side": "buy", "timestamp": 1765583865965}, {"id": "786130989", "price": 881.75, "amount": 0.01, "side": "buy", "timestamp": 1765583866308}, {"id": "786130990", "price": 881.74, "amount": 2.63, "side": "sell", "timestamp": 1765583867745}, {"id": "786130991", "price": 881.75, "amount": 0.01, "side": "buy", "timestamp": 1765583868169}, {"id": "786130992", "price": 881.75, "amount": 0.01, "side": "buy", "timestamp": 1765583871194}, {"id": "786130993", "price": 881.75, "amount": 0.01, "side": "buy", "timestamp": 1765583871567}, {"id": "786130994", "price": 881.74, "amount": 1.0, "side": "sell", "timestamp": 1765583872091}, {"id": "786130995", "price": 881.75, "amount": 0.01, "side": "buy", "timestamp": 1765583874005}, {"id": "786130996", "price": 881.75, "amount": 0.01, "side": "buy", "timestamp": 1765583874546}, {"id": "786130997", "price": 881.74, "amount": 0.32, "side": "sell", "timestamp": 1765583877021}, {"id": "786130998", "price": 881.75, "amount": 0.01, "side": "buy", "timestamp": 1765583877029}, {"id": "786130999", "price": 881.74, "amount": 0.08, "side": "sell", "timestamp": 1765583878006}, {"id": "786131000", "price": 881.74, "amount": 0.01, "side": "sell", "timestamp": 1765583878986}, {"id": "786131033", "price": 881.74, "amount": 0.01, "side": "sell", "timestamp": 1765583900035}, {"id": "786131034", "price": 881.75, "amount": 0.71, "side": "buy", "timestamp": 1765583900586}, {"id": "786131035", "price": 881.75, "amount": 0.01, "side": "buy", "timestamp": 1765583901121}, {"id": "786131036", "price": 881.74, "amount": 0.1, "side": "sell", "timestamp": 1765583901651}, {"id": "786131037", "price": 881.75, "amount": 0.56, "side": "buy", "timestamp": 1765583902010}, {"id": "786131038", "price": 881.75, "amount": 0.01, "side": "buy", "timestamp": 1765583902668}, {"id": "786131039", "price": 881.74, "amount": 4.53, "side": "sell", "timestamp": 1765583902715}, {"id": "786131040", "price": 881.75, "amount": 0.24, "side": "buy", "timestamp": 1765583903626}, {"id": "786131041", "price": 881.75, "amount": 0.01, "side": "buy", "timestamp": 1765583904152}, {"id": "786131042", "price": 881.75, "amount": 0.45, "side": "buy", "timestamp": 1765583905787}, {"id": "786131043", "price": 881.75, "amount": 0.24, "side": "buy", "timestamp": 1765583906477}, {"id": "786131044", "price": 881.75, "amount": 0.01, "side": "buy", "timestamp": 1765583906893}, {"id": "786131045", "price": 881.75, "amount": 0.01, "side": "buy", "timestamp": 1765583907173}, {"id": "786131046", "price": 881.75, "amount": 0.12, "side": "buy", "timestamp": 1765583907296}, {"id": "786131047", "price": 881.75, "amount": 0.01, "side": "buy", "timestamp": 1765583909512}, {"id": "786131048", "price": 881.74, "amount": 0.05, "side": "sell", "timestamp": 1765583909805}, {"id": "786131049", "price": 881.74, "amount": 0.05, "side": "sell", "timestamp": 1765583910015}, {"id": "786131050", "price": 881.75, "amount": 0.01, "side": "buy", "timestamp": 1765583910187}, {"id": "786131051", "price": 881.75, "amount": 4.52, "side": "buy", "timestamp": 1765583911582}, {"id": "786131052", "price": 881.76, "amount": 0.12, "side": "buy", "timestamp": 1765583911584}, {"id": "786131053", "price": 881.77, "amount": 0.09, "side": "buy", "timestamp": 1765583911584}, {"id": "786131054", "price": 881.78, "amount": 11.38, "side": "buy", "timestamp": 1765583911584}, {"id": "786131055", "price": 881.79, "amount": 1.13, "side": "buy", "timestamp": 1765583911584}, {"id": "786131056", "price": 881.8, "amount": 1.16, "side": "buy", "timestamp": 1765583911584}, {"id": "786131057", "price": 881.81, "amount": 2.3, "side": "buy", "timestamp": 1765583911588}, {"id": "786131058", "price": 881.82, "amount": 0.01, "side": "buy", "timestamp": 1765583911588}, {"id": "786131059", "price": 881.83, "amount": 0.02, "side": "buy", "timestamp": 1765583911588}, {"id": "786131060", "price": 881.84, "amount": 0.04, "side": "buy", "timestamp": 1765583911592}, {"id": "786131061", "price": 881.84, "amount": 2.61, "side": "sell", "timestamp": 1765583911616}, {"id": "786131062", "price": 881.85, "amount": 0.01, "side": "buy", "timestamp": 1765583913025}, {"id": "786131063", "price": 881.85, "amount": 0.12, "side": "buy", "timestamp": 1765583914883}, {"id": "786131064", "price": 881.85, "amount": 0.04, "side": "buy", "timestamp": 1765583915014}, {"id": "786131065", "price": 881.85, "amount": 0.01, "side": "buy", "timestamp": 1765583916054}, {"id": "786131066", "price": 881.85, "amount": 0.72, "side": "buy", "timestamp": 1765583916156}, {"id": "786131067", "price": 881.86, "amount": 0.02, "side": "buy", "timestamp": 1765583916159}, {"id": "786131068", "price": 881.88, "amount": 0.21, "side": "buy", "timestamp": 1765583916212}, {"id": "786131069", "price": 881.89, "amount": 0.02, "side": "buy", "timestamp": 1765583916212}, {"id": "786131070", "price": 881.9, "amount": 14.97, "side": "sell", "timestamp": 1765583916358}, {"id": "786131071", "price": 881.89, "amount": 0.15, "side": "sell", "timestamp": 1765583916360}, {"id": "786131072", "price": 881.89, "amount": 0.09, "side": "buy", "timestamp": 1765583916474}, {"id": "786131073", "price": 881.88, "amount": 0.01, "side": "sell", "timestamp": 1765583917935}, {"id": "786131074", "price": 881.89, "amount": 0.01, "side": "buy", "timestamp": 1765583919064}, {"id": "786131075", "price": 881.89, "amount": 2.72, "side": "buy", "timestamp": 1765583920508}, {"id": "786131076", "price": 881.89, "amount": 0.01, "side": "buy", "timestamp": 1765583922084}, {"id": "786131077", "price": 881.89, "amount": 0.11, "side": "buy", "timestamp": 1765583923149}, {"id": "786131078", "price": 881.89, "amount": 0.01, "side": "buy", "timestamp": 1765583925118}, {"id": "786131079", "price": 881.88, "amount": 0.01, "side": "sell", "timestamp": 1765583927727}, {"id": "786131080", "price": 881.89, "amount": 0.01, "side": "buy", "timestamp": 1765583928130}, {"id": "786131081", "price": 881.89, "amount": 0.95, "side": "buy", "timestamp": 1765583930893}, {"id": "786131082", "price": 881.89, "amount": 0.01, "side": "buy", "timestamp": 1765583931162}, {"id": "786131094", "price": 881.89, "amount": 0.01, "side": "buy", "timestamp": 1765583943011}, {"id": "786131095", "price": 881.89, "amount": 0.02, "side": "buy", "timestamp": 1765583944091}, {"id": "786131096", "price": 881.89, "amount": 0.04, "side": "buy", "timestamp": 1765583944906}, {"id": "786131097", "price": 881.89, "amount": 0.05, "side": "buy", "timestamp": 1765583945037}, {"id": "786131098", "price": 881.89, "amount": 0.02, "side": "buy", "timestamp": 1765583945286}, {"id": "786131099", "price": 881.89, "amount": 0.02, "side": "buy", "timestamp": 1765583945472}, {"id": "786131100", "price": 881.89, "amount": 0.01, "side": "buy", "timestamp": 1765583946040}, {"id": "786131101", "price": 881.88, "amount": 0.29, "side": "sell", "timestamp": 1765583947024}, {"id": "786131102", "price": 881.88, "amount": 28.66, "side": "sell", "timestamp": 1765583948179}, {"id": "786131103", "price": 881.87, "amount": 0.06, "side": "sell", "timestamp": 1765583948185}, {"id": "786131104", "price": 881.87, "amount": 0.01, "side": "buy", "timestamp": 1765583949053}, {"id": "786131105", "price": 881.87, "amount": 1.67, "side": "buy", "timestamp": 1765583951456}, {"id": "786131106", "price": 881.87, "amount": 0.01, "side": "buy", "timestamp": 1765583952073}, {"id": "786131107", "price": 881.87, "amount": 0.02, "side": "buy", "timestamp": 1765583953300}, {"id": "786131108", "price": 881.87, "amount": 0.19, "side": "buy", "timestamp": 1765583953540}, {"id": "786131109", "price": 881.86, "amount": 0.01, "side": "sell", "timestamp": 1765583953684}, {"id": "786131110", "price": 881.87, "amount": 0.01, "side": "buy", "timestamp": 1765583953797}, {"id": "786131111", "price": 881.87, "amount": 0.01, "side": "buy", "timestamp": 1765583954862}, {"id": "786131112", "price": 881.87, "amount": 0.1, "side": "buy", "timestamp": 1765583955058}, {"id": "786131113", "price": 881.87, "amount": 0.01, "side": "buy", "timestamp": 1765583956054}, {"id": "786131114", "price": 881.87, "amount": 0.02, "side": "buy", "timestamp": 1765583958034}, {"id": "786131115", "price": 881.86, "amount": 0.11, "side": "sell", "timestamp": 1765583959192}, {"id": "786131116", "price": 881.87, "amount": 0.06, "side": "buy", "timestamp": 1765583959863}, {"id": "786131117", "price": 881.87, "amount": 0.01, "side": "buy", "timestamp": 1765583961151}, {"id": "786131118", "price": 881.86, "amount": 4.53, "side": "sell", "timestamp": 1765583962753}, {"id": "786131119", "price": 881.87, "amount": 0.01, "side": "buy", "timestamp": 1765583963006}, {"id": "786131120", "price": 881.86, "amount": 0.01, "side": "sell", "timestamp": 1765583963740}, {"id": "786131121", "price": 881.87, "amount": 0.07, "side": "buy", "timestamp": 1765583963945}, {"id": "786131122", "price": 881.87, "amount": 0.01, "side": "buy", "timestamp": 1765583964195}, {"id": "786131123", "price": 881.87, "amount": 0.01, "side": "buy", "timestamp": 1765583965757}, {"id": "786131124", "price": 881.87, "amount": 1.38, "side": "buy", "timestamp": 1765583965893}, {"id": "786131125", "price": 881.86, "amount": 0.09, "side": "sell", "timestamp": 1765583966134}, {"id": "786131126", "price": 881.87, "amount": 0.69, "side": "buy", "timestamp": 1765583966972}, {"id": "786131127", "price": 881.86, "amount": 0.61, "side": "sell", "timestamp": 1765583967654}, {"id": "786131128", "price": 881.87, "amount": 0.09, "side": "buy", "timestamp": 1765583967726}, {"id": "786131129", "price": 881.87, "amount": 0.01, "side": "buy", "timestamp": 1765583970085}, {"id": "786131130", "price": 881.86, "amount": 0.06, "side": "sell", "timestamp": 1765583971392}, {"id": "786131131", "price": 881.87, "amount": 0.01, "side": "buy", "timestamp": 1765583973127}, {"id": "786131132", "price": 881.86, "amount": 0.22, "side": "sell", "timestamp": 1765583974550}, {"id": "786131133", "price": 881.87, "amount": 0.01, "side": "buy", "timestamp": 1765583976175}, {"id": "786131134", "price": 881.87, "amount": 0.01, "side": "buy", "timestamp": 1765583977420}, {"id": "786131135", "price": 881.87, "amount": 0.01, "side": "buy", "timestamp": 1765583979002}, {"id": "786131136", "price": 881.87, "amount": 0.09, "side": "buy", "timestamp": 1765583979723}, {"id": "786131137", "price": 881.87, "amount": 0.07, "side": "buy", "timestamp": 1765583979863}, {"id": "786131138", "price": 881.86, "amount": 0.12, "side": "sell", "timestamp": 1765583981511}, {"id": "786131139", "price": 881.87, "amount": 0.01, "side": "buy", "timestamp": 1765583982034}, {"id": "786131140", "price": 881.87, "amount": 0.56, "side": "buy", "timestamp": 1765583983713}, {"id": "786131141", "price": 881.87, "amount": 2.51, "side": "buy", "timestamp": 1765583984829}, {"id": "786131142", "price": 881.87, "amount": 0.1, "side": "buy", "timestamp": 1765583984991}, {"id": "786131143", "price": 881.86, "amount": 0.56, "side": "sell", "timestamp": 1765583985581}]