[{"symbol": "DOGEUSDT", "bids": [[0.12874, 98850.0], [0.12873, 276793.0], [0.12872, 321604.0], [0.12871, 458428.0], [0.1287, 588738.0], [0.12869, 423055.0], [0.12868, 640971.0], [0.12867, 717529.0], [0.12866, 758907.0], [0.12865, 497200.0], [0.12864, 460343.0], [0.12863, 404686.0], [0.12862, 264172.0], [0.12861, 633836.0], [0.1286, 680273.0], [0.12859, 891225.0], [0.12858, 377076.0], [0.12857, 1431990.0], [0.12856, 742285.0], [0.12855, 890240.0]], "asks": [[0.12875, 144644.0], [0.12876, 247954.0], [0.12877, 424699.0], [0.12878, 495615.0], [0.12879, 816260.0], [0.1288, 655024.0], [0.12881, 738792.0], [0.12882, 753205.0], [0.12883, 853688.0], [0.12884, 1073767.0], [0.12885, 477665.0], [0.12886, 496025.0], [0.12887, 343617.0], [0.12888, 293864.0], [0.12889, 568898.0], [0.1289, 345615.0], [0.12891, 499137.0], [0.12892, 622170.0], [0.12893, 665095.0], [0.12894, 899346.0]], "timestamp": "2025-12-16T09:25:52.257893+00:00"}, {"symbol": "DOGEUSDT", "bids": [[0.12873, 182436.0], [0.12872, 258804.0], [0.12871, 378610.0], [0.1287, 409109.0], [0.12869, 986481.0], [0.12868, 635997.0], [0.12867, 847497.0], [0.12866, 688705.0], [0.12865, 554756.0], [0.12864, 373785.0], [0.12863, 399776.0], [0.12862, 402635.0], [0.12861, 416391.0], [0.1286, 516714.0], [0.12859, 512824.0], [0.12858, 358222.0], [0.12857, 1149543.0], [0.12856, 625654.0], [0.12855, 588413.0], [0.12854, 1370790.0]], "asks": [[0.12874, 174571.0], [0.12875, 188313.0], [0.12876, 502925.0], [0.12877, 555733.0], [0.12878, 737046.0], [0.12879, 739368.0], [0.1288, 568664.0], [0.12881, 425319.0], [0.12882, 636179.0], [0.12883, 1147928.0], [0.12884, 267806.0], [0.12885, 384438.0], [0.12886, 574014.0], [0.12887, 492540.0], [0.12888, 795158.0], [0.12889, 291898.0], [0.1289, 474482.0], [0.12891, 638728.0], [0.12892, 1153432.0], [0.12893, 600025.0]], "timestamp": "2025-12-16T09:26:46.959914+00:00"}, {"symbol": "DOGEUSDT", "bids": [[0.12872, 257687.0], [0.12871, 653584.0], [0.1287, 282496.0], [0.12869, 406907.0], [0.12868, 587172.0], [0.12867, 573441.0], [0.12866, 483096.0], [0.12865, 443522.0], [0.12864, 647185.0], [0.12863, 841274.0], [0.12862, 508942.0], [0.12861, 552398.0], [0.1286, 703978.0], [0.12859, 473807.0], [0.12858, 285409.0], [0.12857, 675668.0], [0.12856, 565386.0], [0.12855, 814711.0], [0.12854, 552136.0], [0.12853, 1461687.0]], "asks": [[0.12873, 108047.0], [0.12874, 187606.0], [0.12875, 392110.0], [0.12876, 528147.0], [0.12877, 635685.0], [0.12878, 796093.0], [0.12879, 606720.0], [0.1288, 671314.0], [0.12881, 584028.0], [0.12882, 256075.0], [0.12883, 1196636.0], [0.12884, 269656.0], [0.12885, 574839.0], [0.12886, 387987.0], [0.12887, 723866.0], [0.12888, 696044.0], [0.12889, 870698.0], [0.1289, 377990.0], [0.12891, 578743.0], [0.12892, 1348663.0]], "timestamp": "2025-12-16T09:27:41.539764+00:00"}, {"symbol": "DOGEUSDT", "bids": [[0.1287, 178871.0], [0.12869, 263150.0], [0.12868, 542058.0], [0.12867, 430594.0], [0.12866, 397912.0], [0.12865, 565298.0], [0.12864, 712953.0], [0.12863, 590259.0], [0.12862, 530859.0], [0.12861, 617696.0], [0.1286, 775359.0], [0.12859, 587768.0], [0.12858, 275685.0], [0.12857, 560325.0], [0.12856, 564139.0], [0.12855, 932014.0], [0.12854, 481678.0], [0.12853, 1380443.0], [0.12852, 473953.0], [0.12851, 514993.0]], "asks": [[0.12871, 54623.0], [0.12872, 138278.0], [0.12873, 395758.0], [0.12874, 539930.0], [0.12875, 787846.0], [0.12876, 500336.0], [0.12877, 679237.0], [0.12878, 699533.0], [0.12879, 703423.0], [0.1288, 1436707.0], [0.12881, 442865.0], [0.12882, 255262.0], [0.12883, 377338.0], [0.12884, 262668.0], [0.12885, 552784.0], [0.12886, 384096.0], [0.12887, 671504.0], [0.12888, 645302.0], [0.12889, 288252.0], [0.1289, 426299.0]], "timestamp": "2025-12-16T09:28:35.863802+00:00"}, {"symbol": "DOGEUSDT", "bids": [[0.12873, 146252.0], [0.12872, 367865.0], [0.12871, 249377.0], [0.1287, 380876.0], [0.12869, 688768.0], [0.12868, 899786.0], [0.12867, 692565.0], [0.12866, 441530.0], [0.12865, 489155.0], [0.12864, 551761.0], [0.12863, 462104.0], [0.12862, 480335.0], [0.12861, 676425.0], [0.1286, 827667.0], [0.12859, 744252.0], [0.12858, 756542.0], [0.12857, 535804.0], [0.12856, 633562.0], [0.12855, 411633.0], [0.12854, 505619.0]], "asks": [[0.12874, 121702.0], [0.12875, 187429.0], [0.12876, 266723.0], [0.12877, 562950.0], [0.12878, 731242.0], [0.12879, 957552.0], [0.1288, 626497.0], [0.12881, 582128.0], [0.12882, 533719.0], [0.12883, 1098886.0], [0.12884, 314633.0], [0.12885, 486143.0], [0.12886, 379493.0], [0.12887, 672280.0], [0.12888, 816614.0], [0.12889, 303865.0], [0.1289, 520027.0], [0.12891, 1124226.0], [0.12892, 563930.0], [0.12893, 611061.0]], "timestamp": "2025-12-16T09:29:29.989575+00:00"}, {"symbol": "DOGEUSDT", "bids": [[0.12879, 346857.0], [0.12878, 201387.0], [0.12877, 178379.0], [0.12876, 537462.0], [0.12875, 933184.0], [0.12874, 579674.0], [0.12873, 664115.0], [0.12872, 736901.0], [0.12871, 818641.0], [0.1287, 285439.0], [0.12869, 452711.0], [0.12868, 481758.0], [0.12867, 422922.0], [0.12866, 345046.0], [0.12865, 468738.0], [0.12864, 490107.0], [0.12863, 670155.0], [0.12862, 1426479.0], [0.12861, 1601180.0], [0.1286, 817536.0]], "asks": [[0.1288, 108744.0], [0.12881, 235470.0], [0.12882, 390927.0], [0.12883, 583761.0], [0.12884, 909784.0], [0.12885, 512672.0], [0.12886, 650137.0], [0.12887, 445342.0], [0.12888, 421454.0], [0.12889, 1200523.0], [0.1289, 313605.0], [0.12891, 517232.0], [0.12892, 272078.0], [0.12893, 477791.0], [0.12894, 339034.0], [0.12895, 411132.0], [0.12896, 609904.0], [0.12897, 628898.0], [0.12898, 521821.0], [0.12899, 1097730.0]], "timestamp": "2025-12-16T09:30:23.666108+00:00"}, {"symbol": "DOGEUSDT", "bids": [[0.12884, 382075.0], [0.12883, 615743.0], [0.12882, 688852.0], [0.12881, 839762.0], [0.1288, 805837.0], [0.12879, 713570.0], [0.12878, 818551.0], [0.12877, 792094.0], [0.12876, 1052171.0], [0.12875, 803157.0], [0.12874, 383784.0], [0.12873, 348022.0], [0.12872, 343289.0], [0.12871, 278541.0], [0.1287, 344854.0], [0.12869, 661445.0], [0.12868, 449272.0], [0.12867, 1021607.0], [0.12866, 575270.0], [0.12865, 847196.0]], "asks": [[0.12885, 52036.0], [0.12886, 140778.0], [0.12887, 235154.0], [0.12888, 441744.0], [0.12889, 859129.0], [0.1289, 710054.0], [0.12891, 731439.0], [0.12892, 443636.0], [0.12893, 343296.0], [0.12894, 620505.0], [0.12895, 582610.0], [0.12896, 1032218.0], [0.12897, 364656.0], [0.12898, 320509.0], [0.12899, 801996.0], [0.129, 655755.0], [0.12901, 636816.0], [0.12902, 746565.0], [0.12903, 1676207.0], [0.12904, 1320030.0]], "timestamp": "2025-12-16T09:31:17.914942+00:00"}, {"symbol": "DOGEUSDT", "bids": [[0.12889, 121322.0], [0.12888, 216200.0], [0.12887, 464894.0], [0.12886, 599610.0], [0.12885, 758026.0], [0.12884, 673908.0], [0.12883, 724365.0], [0.12882, 929303.0], [0.12881, 634066.0], [0.1288, 577948.0], [0.12879, 414914.0], [0.12878, 400527.0], [0.12877, 605586.0], [0.12876, 628442.0], [0.12875, 579158.0], [0.12874, 490111.0], [0.12873, 819303.0], [0.12872, 777668.0], [0.12871, 427841.0], [0.1287, 516639.0]], "asks": [[0.1289, 303359.0], [0.12891, 233445.0], [0.12892, 392344.0], [0.12893, 603979.0], [0.12894, 983683.0], [0.12895, 483219.0], [0.12896, 539051.0], [0.12897, 655268.0], [0.12898, 1075590.0], [0.12899, 592775.0], [0.129, 425208.0], [0.12901, 445638.0], [0.12902, 558496.0], [0.12903, 571245.0], [0.12904, 1187301.0], [0.12905, 176973.0], [0.12906, 502449.0], [0.12907, 903077.0], [0.12908, 709824.0], [0.12909, 578182.0]], "timestamp": "2025-12-16T09:32:12.149134+00:00"}, {"symbol": "DOGEUSDT", "bids": [[0.12906, 92685.0], [0.12905, 254790.0], [0.12904, 330828.0], [0.12903, 559473.0], [0.12902, 1070777.0], [0.12901, 883810.0], [0.129, 744296.0], [0.12899, 721337.0], [0.12898, 906191.0], [0.12897, 403702.0], [0.12896, 459486.0], [0.12895, 325869.0], [0.12894, 349190.0], [0.12893, 322370.0], [0.12892, 341834.0], [0.12891, 783026.0], [0.1289, 988075.0], [0.12889, 959473.0], [0.12888, 893720.0], [0.12887, 640565.0]], "asks": [[0.12907, 158479.0], [0.12908, 272130.0], [0.12909, 220728.0], [0.1291, 480390.0], [0.12911, 694680.0], [0.12912, 788540.0], [0.12913, 890977.0], [0.12914, 567181.0], [0.12915, 1111465.0], [0.12916, 1229338.0], [0.12917, 385704.0], [0.12918, 711342.0], [0.12919, 485956.0], [0.1292, 343680.0], [0.12921, 750932.0], [0.12922, 604628.0], [0.12923, 498730.0], [0.12924, 992038.0], [0.12925, 907139.0], [0.12926, 397792.0]], "timestamp": "2025-12-16T09:33:06.029433+00:00"}, {"symbol": "DOGEUSDT", "bids": [[0.129, 6285.0], [0.12899, 92586.0], [0.12898, 218806.0], [0.12897, 267094.0], [0.12896, 665951.0], [0.12895, 703371.0], [0.12894, 510680.0], [0.12893, 607968.0], [0.12892, 678638.0], [0.12891, 794159.0], [0.1289, 510985.0], [0.12889, 453456.0], [0.12888, 710364.0], [0.12887, 420094.0], [0.12886, 596285.0], [0.12885, 466475.0], [0.12884, 834574.0], [0.12883, 454075.0], [0.12882, 914505.0], [0.12881, 1806643.0]], "asks": [[0.12901, 277191.0], [0.12902, 311966.0], [0.12903, 311069.0], [0.12904, 539406.0], [0.12905, 683899.0], [0.12906, 903207.0], [0.12907, 1092831.0], [0.12908, 656548.0], [0.12909, 629669.0], [0.1291, 1223891.0], [0.12911, 581679.0], [0.12912, 546455.0], [0.12913, 280337.0], [0.12914, 432629.0], [0.12915, 660126.0], [0.12916, 703070.0], [0.12917, 834548.0], [0.12918, 502952.0], [0.12919, 506567.0], [0.1292, 980258.0]], "timestamp": "2025-12-16T09:33:59.826745+00:00"}, {"symbol": "DOGEUSDT", "bids": [[0.12885, 23490.0], [0.12884, 167079.0], [0.12883, 362629.0], [0.12882, 372463.0], [0.12881, 642829.0], [0.1288, 787937.0], [0.12879, 390461.0], [0.12878, 387849.0], [0.12877, 916586.0], [0.12876, 489547.0], [0.12875, 270309.0], [0.12874, 364340.0], [0.12873, 481637.0], [0.12872, 1047413.0], [0.12871, 1198481.0], [0.1287, 903931.0], [0.12869, 732538.0], [0.12868, 677466.0], [0.12867, 784842.0], [0.12866, 803033.0]], "asks": [[0.12886, 258231.0], [0.12887, 320749.0], [0.12888, 592242.0], [0.12889, 452309.0], [0.1289, 940340.0], [0.12891, 632026.0], [0.12892, 732901.0], [0.12893, 1003600.0], [0.12894, 1038097.0], [0.12895, 903712.0], [0.12896, 1266913.0], [0.12897, 263365.0], [0.12898, 535197.0], [0.12899, 347612.0], [0.129, 638867.0], [0.12901, 588377.0], [0.12902, 424238.0], [0.12903, 455730.0], [0.12904, 530178.0], [0.12905, 953732.0]], "timestamp": "2025-12-16T09:34:53.782383+00:00"}, {"symbol": "DOGEUSDT", "bids": [[0.12871, 152851.0], [0.1287, 229806.0], [0.12869, 383964.0], [0.12868, 428474.0], [0.12867, 618000.0], [0.12866, 571137.0], [0.12865, 501364.0], [0.12864, 1110900.0], [0.12863, 480795.0], [0.12862, 529483.0], [0.12861, 470889.0], [0.1286, 640782.0], [0.12859, 314839.0], [0.12858, 423599.0], [0.12857, 397625.0], [0.12856, 618956.0], [0.12855, 1154860.0], [0.12854, 353821.0], [0.12853, 1333578.0], [0.12852, 581495.0]], "asks": [[0.12872, 109521.0], [0.12873, 174409.0], [0.12874, 460656.0], [0.12875, 467802.0], [0.12876, 783255.0], [0.12877, 710536.0], [0.12878, 541428.0], [0.12879, 615747.0], [0.1288, 444303.0], [0.12881, 1362881.0], [0.12882, 298035.0], [0.12883, 770127.0], [0.12884, 591674.0], [0.12885, 273946.0], [0.12886, 417404.0], [0.12887, 494189.0], [0.12888, 711149.0], [0.12889, 955213.0], [0.1289, 468556.0], [0.12891, 975072.0]], "timestamp": "2025-12-16T09:35:48.459928+00:00"}, {"symbol": "DOGEUSDT", "bids": [[0.12873, 165344.0], [0.12872, 271561.0], [0.12871, 508555.0], [0.1287, 725789.0], [0.12869, 939186.0], [0.12868, 674463.0], [0.12867, 362136.0], [0.12866, 641732.0], [0.12865, 535092.0], [0.12864, 583296.0], [0.12863, 387681.0], [0.12862, 805291.0], [0.12861, 589017.0], [0.1286, 1442071.0], [0.12859, 652271.0], [0.12858, 519423.0], [0.12857, 606729.0], [0.12856, 2060798.0], [0.12855, 1396145.0], [0.12854, 532319.0]], "asks": [[0.12874, 254847.0], [0.12875, 478128.0], [0.12876, 301645.0], [0.12877, 703626.0], [0.12878, 751845.0], [0.12879, 549301.0], [0.1288, 651511.0], [0.12881, 590240.0], [0.12882, 728004.0], [0.12883, 714679.0], [0.12884, 1054154.0], [0.12885, 239357.0], [0.12886, 322215.0], [0.12887, 323886.0], [0.12888, 507572.0], [0.12889, 899416.0], [0.1289, 363602.0], [0.12891, 306155.0], [0.12892, 422196.0], [0.12893, 638141.0]], "timestamp": "2025-12-16T09:36:42.150229+00:00"}, {"symbol": "DOGEUSDT", "bids": [[0.1288, 65641.0], [0.12879, 134847.0], [0.12878, 321180.0], [0.12877, 458988.0], [0.12876, 521413.0], [0.12875, 492929.0], [0.12874, 651723.0], [0.12873, 430176.0], [0.12872, 1001577.0], [0.12871, 460874.0], [0.1287, 488899.0], [0.12869, 317244.0], [0.12868, 741670.0], [0.12867, 390474.0], [0.12866, 948283.0], [0.12865, 332807.0], [0.12864, 578565.0], [0.12863, 702846.0], [0.12862, 1178633.0], [0.12861, 1561629.0]], "asks": [[0.12881, 442202.0], [0.12882, 408840.0], [0.12883, 477160.0], [0.12884, 469500.0], [0.12885, 612994.0], [0.12886, 530027.0], [0.12887, 731125.0], [0.12888, 538471.0], [0.12889, 1068394.0], [0.1289, 805914.0], [0.12891, 299243.0], [0.12892, 398942.0], [0.12893, 328697.0], [0.12894, 303012.0], [0.12895, 547469.0], [0.12896, 737145.0], [0.12897, 621536.0], [0.12898, 887028.0], [0.12899, 376019.0], [0.129, 503043.0]], "timestamp": "2025-12-16T09:37:35.576588+00:00"}, {"symbol": "DOGEUSDT", "bids": [[0.12877, 134181.0], [0.12876, 130776.0], [0.12875, 325009.0], [0.12874, 553137.0], [0.12873, 568295.0], [0.12872, 723172.0], [0.12871, 315272.0], [0.1287, 612594.0], [0.12869, 769239.0], [0.12868, 697367.0], [0.12867, 383619.0], [0.12866, 388608.0], [0.12865, 326435.0], [0.12864, 598493.0], [0.12863, 873971.0], [0.12862, 1506191.0], [0.12861, 734029.0], [0.1286, 646719.0], [0.12859, 887883.0], [0.12858, 1558888.0]], "asks": [[0.12878, 133582.0], [0.12879, 246740.0], [0.1288, 416754.0], [0.12881, 710289.0], [0.12882, 663018.0], [0.12883, 699470.0], [0.12884, 559933.0], [0.12885, 553738.0], [0.12886, 744851.0], [0.12887, 1393924.0], [0.12888, 466355.0], [0.12889, 348295.0], [0.1289, 339957.0], [0.12891, 321309.0], [0.12892, 715323.0], [0.12893, 590831.0], [0.12894, 301139.0], [0.12895, 456295.0], [0.12896, 637718.0], [0.12897, 908024.0]], "timestamp": "2025-12-16T09:38:28.718593+00:00"}, {"symbol": "DOGEUSDT", "bids": [[0.12885, 316670.0], [0.12884, 297207.0], [0.12883, 426937.0], [0.12882, 616265.0], [0.12881, 545015.0], [0.1288, 725411.0], [0.12879, 780086.0], [0.12878, 940368.0], [0.12877, 382308.0], [0.12876, 717299.0], [0.12875, 446951.0], [0.12874, 480592.0], [0.12873, 264971.0], [0.12872, 554381.0], [0.12871, 413987.0], [0.1287, 490460.0], [0.12869, 945785.0], [0.12868, 692177.0], [0.12867, 550319.0], [0.12866, 773151.0]], "asks": [[0.12886, 17591.0], [0.12887, 158294.0], [0.12888, 290844.0], [0.12889, 364280.0], [0.1289, 948883.0], [0.12891, 495181.0], [0.12892, 533584.0], [0.12893, 604927.0], [0.12894, 475282.0], [0.12895, 395941.0], [0.12896, 1192858.0], [0.12897, 260000.0], [0.12898, 618245.0], [0.12899, 495942.0], [0.129, 1009917.0], [0.12901, 566244.0], [0.12902, 452135.0], [0.12903, 891995.0], [0.12904, 2520129.0], [0.12905, 1215933.0]], "timestamp": "2025-12-16T09:39:21.976598+00:00"}, {"symbol": "DOGEUSDT", "bids": [[0.12884, 321300.0], [0.12883, 239227.0], [0.12882, 416704.0], [0.12881, 513275.0], [0.1288, 720751.0], [0.12879, 668847.0], [0.12878, 736721.0], [0.12877, 440307.0], [0.12876, 1228392.0], [0.12875, 612068.0], [0.12874, 509377.0], [0.12873, 401569.0], [0.12872, 588633.0], [0.12871, 479695.0], [0.1287, 475109.0], [0.12869, 726866.0], [0.12868, 842120.0], [0.12867, 1372082.0], [0.12866, 544444.0], [0.12865, 708820.0]], "asks": [[0.12885, 10448.0], [0.12886, 109867.0], [0.12887, 199172.0], [0.12888, 429774.0], [0.12889, 1064963.0], [0.1289, 693492.0], [0.12891, 553869.0], [0.12892, 725022.0], [0.12893, 833108.0], [0.12894, 534882.0], [0.12895, 1158255.0], [0.12896, 531933.0], [0.12897, 311125.0], [0.12898, 506917.0], [0.12899, 632310.0], [0.129, 432410.0], [0.12901, 604902.0], [0.12902, 516585.0], [0.12903, 832626.0], [0.12904, 1024952.0]], "timestamp": "2025-12-16T09:40:15.886297+00:00"}, {"symbol": "DOGEUSDT", "bids": [[0.12888, 236360.0], [0.12887, 285752.0], [0.12886, 414430.0], [0.12885, 609207.0], [0.12884, 1020728.0], [0.12883, 523760.0], [0.12882, 786513.0], [0.12881, 631197.0], [0.1288, 1172202.0], [0.12879, 384790.0], [0.12878, 347943.0], [0.12877, 295196.0], [0.12876, 771108.0], [0.12875, 1028076.0], [0.12874, 585749.0], [0.12873, 866885.0], [0.12872, 678229.0], [0.12871, 1415942.0], [0.1287, 320746.0], [0.12869, 623423.0]], "asks": [[0.12889, 54988.0], [0.1289, 204594.0], [0.12891, 186733.0], [0.12892, 604210.0], [0.12893, 695877.0], [0.12894, 517562.0], [0.12895, 671314.0], [0.12896, 715924.0], [0.12897, 533968.0], [0.12898, 1434767.0], [0.12899, 539885.0], [0.129, 496087.0], [0.12901, 541857.0], [0.12902, 431708.0], [0.12903, 435608.0], [0.12904, 672590.0], [0.12905, 572293.0], [0.12906, 611815.0], [0.12907, 472322.0], [0.12908, 749146.0]], "timestamp": "2025-12-16T09:41:09.001902+00:00"}, {"symbol": "DOGEUSDT", "bids": [[0.1289, 44207.0], [0.12889, 163113.0], [0.12888, 371551.0], [0.12887, 305223.0], [0.12886, 532251.0], [0.12885, 445657.0], [0.12884, 729234.0], [0.12883, 280893.0], [0.12882, 740726.0], [0.12881, 571966.0], [0.1288, 672872.0], [0.12879, 295529.0], [0.12878, 304562.0], [0.12877, 431125.0], [0.12876, 1021111.0], [0.12875, 991885.0], [0.12874, 498224.0], [0.12873, 455486.0], [0.12872, 653290.0], [0.12871, 1508304.0]], "asks": [[0.12891, 259768.0], [0.12892, 233958.0], [0.12893, 533562.0], [0.12894, 711430.0], [0.12895, 707685.0], [0.12896, 747352.0], [0.12897, 688114.0], [0.12898, 794349.0], [0.12899, 1498078.0], [0.129, 568849.0], [0.12901, 466675.0], [0.12902, 512107.0], [0.12903, 428702.0], [0.12904, 649747.0], [0.12905, 641960.0], [0.12906, 545395.0], [0.12907, 461713.0], [0.12908, 621849.0], [0.12909, 590182.0], [0.1291, 521404.0]], "timestamp": "2025-12-16T09:42:01.005775+00:00"}, {"symbol": "DOGEUSDT", "bids": [[0.12894, 157407.0], [0.12893, 373772.0], [0.12892, 363152.0], [0.12891, 529328.0], [0.1289, 740102.0], [0.12889, 557752.0], [0.12888, 909155.0], [0.12887, 443158.0], [0.12886, 340775.0], [0.12885, 840393.0], [0.12884, 531446.0], [0.12883, 217662.0], [0.12882, 433390.0], [0.12881, 392616.0], [0.1288, 710585.0], [0.12879, 795486.0], [0.12878, 351302.0], [0.12877, 572874.0], [0.12876, 1258246.0], [0.12875, 730817.0]], "asks": [[0.12895, 163615.0], [0.12896, 241038.0], [0.12897, 284821.0], [0.12898, 522929.0], [0.12899, 693545.0], [0.129, 828680.0], [0.12901, 582014.0], [0.12902, 713232.0], [0.12903, 1325621.0], [0.12904, 461983.0], [0.12905, 525179.0], [0.12906, 700634.0], [0.12907, 778596.0], [0.12908, 432063.0], [0.12909, 693028.0], [0.1291, 887019.0], [0.12911, 822616.0], [0.12912, 594302.0], [0.12913, 385529.0], [0.12914, 499711.0]], "timestamp": "2025-12-16T09:42:53.651915+00:00"}, {"symbol": "DOGEUSDT", "bids": [[0.12891, 8057.0], [0.1289, 161388.0], [0.12889, 227645.0], [0.12888, 543272.0], [0.12887, 611431.0], [0.12886, 440387.0], [0.12885, 500798.0], [0.12884, 650536.0], [0.12883, 802756.0], [0.12882, 569884.0], [0.12881, 371020.0], [0.1288, 582196.0], [0.12879, 400601.0], [0.12878, 411072.0], [0.12877, 1155908.0], [0.12876, 705618.0], [0.12875, 759664.0], [0.12874, 1045353.0], [0.12873, 232200.0], [0.12872, 662262.0]], "asks": [[0.12892, 540883.0], [0.12893, 264607.0], [0.12894, 301189.0], [0.12895, 520584.0], [0.12896, 891091.0], [0.12897, 581831.0], [0.12898, 697130.0], [0.12899, 780834.0], [0.129, 744862.0], [0.12901, 1108729.0], [0.12902, 567392.0], [0.12903, 455684.0], [0.12904, 396516.0], [0.12905, 320181.0], [0.12906, 898636.0], [0.12907, 449424.0], [0.12908, 432713.0], [0.12909, 603699.0], [0.1291, 348061.0], [0.12911, 535003.0]], "timestamp": "2025-12-16T09:43:46.772831+00:00"}, {"symbol": "DOGEUSDT", "bids": [[0.12898, 123778.0], [0.12897, 225048.0], [0.12896, 427972.0], [0.12895, 484445.0], [0.12894, 854002.0], [0.12893, 723945.0], [0.12892, 773637.0], [0.12891, 509845.0], [0.1289, 787464.0], [0.12889, 387273.0], [0.12888, 446477.0], [0.12887, 306123.0], [0.12886, 222194.0], [0.12885, 347738.0], [0.12884, 538766.0], [0.12883, 694391.0], [0.12882, 1375356.0], [0.12881, 726188.0], [0.1288, 860827.0], [0.12879, 843949.0]], "asks": [[0.12899, 187287.0], [0.129, 289601.0], [0.12901, 396351.0], [0.12902, 547564.0], [0.12903, 810492.0], [0.12904, 591488.0], [0.12905, 713081.0], [0.12906, 880724.0], [0.12907, 846469.0], [0.12908, 1122244.0], [0.12909, 538322.0], [0.1291, 459368.0], [0.12911, 639073.0], [0.12912, 306472.0], [0.12913, 490324.0], [0.12914, 1140157.0], [0.12915, 833515.0], [0.12916, 488785.0], [0.12917, 1533723.0], [0.12918, 954091.0]], "timestamp": "2025-12-16T09:44:39.693309+00:00"}, {"symbol": "DOGEUSDT", "bids": [[0.12904, 268333.0], [0.12903, 344952.0], [0.12902, 428144.0], [0.12901, 246665.0], [0.129, 725890.0], [0.12899, 668361.0], [0.12898, 622023.0], [0.12897, 366755.0], [0.12896, 780111.0], [0.12895, 885309.0], [0.12894, 556462.0], [0.12893, 505502.0], [0.12892, 888241.0], [0.12891, 594507.0], [0.1289, 309835.0], [0.12889, 375846.0], [0.12888, 1320490.0], [0.12887, 672213.0], [0.12886, 1321621.0], [0.12885, 1223810.0]], "asks": [[0.12905, 89061.0], [0.12906, 311011.0], [0.12907, 261816.0], [0.12908, 531081.0], [0.12909, 857363.0], [0.1291, 793935.0], [0.12911, 799204.0], [0.12912, 685686.0], [0.12913, 1373325.0], [0.12914, 513250.0], [0.12915, 651504.0], [0.12916, 359636.0], [0.12917, 661448.0], [0.12918, 507480.0], [0.12919, 356905.0], [0.1292, 411053.0], [0.12921, 563222.0], [0.12922, 1386208.0], [0.12923, 206776.0], [0.12924, 315344.0]], "timestamp": "2025-12-16T09:45:32.455447+00:00"}, {"symbol": "DOGEUSDT", "bids": [[0.12895, 232332.0], [0.12894, 213528.0], [0.12893, 342375.0], [0.12892, 395450.0], [0.12891, 540076.0], [0.1289, 990773.0], [0.12889, 439650.0], [0.12888, 530437.0], [0.12887, 825508.0], [0.12886, 277560.0], [0.12885, 486634.0], [0.12884, 642200.0], [0.12883, 244828.0], [0.12882, 433017.0], [0.12881, 477980.0], [0.1288, 940890.0], [0.12879, 924610.0], [0.12878, 1674969.0], [0.12877, 379343.0], [0.12876, 747794.0]], "asks": [[0.12896, 95228.0], [0.12897, 218242.0], [0.12898, 165902.0], [0.12899, 348768.0], [0.129, 924067.0], [0.12901, 1104698.0], [0.12902, 973955.0], [0.12903, 624200.0], [0.12904, 676998.0], [0.12905, 1472945.0], [0.12906, 435148.0], [0.12907, 435413.0], [0.12908, 622429.0], [0.12909, 401513.0], [0.1291, 529716.0], [0.12911, 461996.0], [0.12912, 681243.0], [0.12913, 494043.0], [0.12914, 660629.0], [0.12915, 823310.0]], "timestamp": "2025-12-16T09:46:25.525713+00:00"}, {"symbol": "DOGEUSDT", "bids": [[0.12895, 25641.0], [0.12894, 126993.0], [0.12893, 250122.0], [0.12892, 379889.0], [0.12891, 582524.0], [0.1289, 705469.0], [0.12889, 318531.0], [0.12888, 659750.0], [0.12887, 620671.0], [0.12886, 839513.0], [0.12885, 293225.0], [0.12884, 522898.0], [0.12883, 277464.0], [0.12882, 363707.0], [0.12881, 580735.0], [0.1288, 832759.0], [0.12879, 909547.0], [0.12878, 1237373.0], [0.12877, 503183.0], [0.12876, 1880543.0]], "asks": [[0.12896, 403291.0], [0.12897, 166343.0], [0.12898, 447922.0], [0.12899, 408117.0], [0.129, 747814.0], [0.12901, 883762.0], [0.12902, 1009858.0], [0.12903, 566051.0], [0.12904, 629411.0], [0.12905, 1384617.0], [0.12906, 617282.0], [0.12907, 475084.0], [0.12908, 472079.0], [0.12909, 344171.0], [0.1291, 245438.0], [0.12911, 427551.0], [0.12912, 591760.0], [0.12913, 499314.0], [0.12914, 659179.0], [0.12915, 496483.0]], "timestamp": "2025-12-16T09:47:18.540430+00:00"}, {"symbol": "DOGEUSDT", "bids": [[0.12891, 133232.0], [0.1289, 270448.0], [0.12889, 283046.0], [0.12888, 512249.0], [0.12887, 720792.0], [0.12886, 641424.0], [0.12885, 594113.0], [0.12884, 934541.0], [0.12883, 360514.0], [0.12882, 470368.0], [0.12881, 357637.0], [0.1288, 697807.0], [0.12879, 365555.0], [0.12878, 548850.0], [0.12877, 886896.0], [0.12876, 739700.0], [0.12875, 764812.0], [0.12874, 560925.0], [0.12873, 1194579.0], [0.12872, 747366.0]], "asks": [[0.12892, 189440.0], [0.12893, 98872.0], [0.12894, 199850.0], [0.12895, 500487.0], [0.12896, 646985.0], [0.12897, 831261.0], [0.12898, 1162410.0], [0.12899, 846840.0], [0.129, 842259.0], [0.12901, 613741.0], [0.12902, 1196682.0], [0.12903, 522617.0], [0.12904, 435304.0], [0.12905, 626744.0], [0.12906, 337029.0], [0.12907, 300771.0], [0.12908, 324119.0], [0.12909, 568844.0], [0.1291, 350134.0], [0.12911, 683100.0]], "timestamp": "2025-12-16T09:48:10.082812+00:00"}, {"symbol": "DOGEUSDT", "bids": [[0.12898, 24472.0], [0.12897, 133567.0], [0.12896, 270811.0], [0.12895, 448032.0], [0.12894, 617884.0], [0.12893, 1066926.0], [0.12892, 409615.0], [0.12891, 533042.0], [0.1289, 573452.0], [0.12889, 843990.0], [0.12888, 581649.0], [0.12887, 462266.0], [0.12886, 500956.0], [0.12885, 379414.0], [0.12884, 628674.0], [0.12883, 615913.0], [0.12882, 1127270.0], [0.12881, 1386296.0], [0.1288, 682182.0], [0.12879, 1130689.0]], "asks": [[0.12899, 248752.0], [0.129, 370000.0], [0.12901, 424178.0], [0.12902, 537446.0], [0.12903, 1030386.0], [0.12904, 692143.0], [0.12905, 624170.0], [0.12906, 662666.0], [0.12907, 1297648.0], [0.12908, 393944.0], [0.12909, 516951.0], [0.1291, 455687.0], [0.12911, 474759.0], [0.12912, 630620.0], [0.12913, 696343.0], [0.12914, 286810.0], [0.12915, 588102.0], [0.12916, 558549.0], [0.12917, 588090.0], [0.12918, 1092724.0]], "timestamp": "2025-12-16T09:49:03.466973+00:00"}, {"symbol": "DOGEUSDT", "bids": [[0.12889, 5055.0], [0.12888, 105801.0], [0.12887, 249030.0], [0.12886, 430977.0], [0.12885, 482149.0], [0.12884, 772469.0], [0.12883, 273092.0], [0.12882, 402106.0], [0.12881, 713824.0], [0.1288, 1121119.0], [0.12879, 392408.0], [0.12878, 319834.0], [0.12877, 290341.0], [0.12876, 560105.0], [0.12875, 706817.0], [0.12874, 417809.0], [0.12873, 307486.0], [0.12872, 762146.0], [0.12871, 1624639.0], [0.1287, 1660385.0]], "asks": [[0.1289, 484538.0], [0.12891, 200124.0], [0.12892, 155279.0], [0.12893, 545321.0], [0.12894, 771170.0], [0.12895, 759563.0], [0.12896, 975387.0], [0.12897, 1094534.0], [0.12898, 1468818.0], [0.12899, 578549.0], [0.129, 398534.0], [0.12901, 487326.0], [0.12902, 376740.0], [0.12903, 609701.0], [0.12904, 352012.0], [0.12905, 293490.0], [0.12906, 302167.0], [0.12907, 361303.0], [0.12908, 617892.0], [0.12909, 863668.0]], "timestamp": "2025-12-16T09:49:56.335604+00:00"}, {"symbol": "DOGEUSDT", "bids": [[0.12873, 96952.0], [0.12872, 268007.0], [0.12871, 358875.0], [0.1287, 505371.0], [0.12869, 693416.0], [0.12868, 738121.0], [0.12867, 619079.0], [0.12866, 677781.0], [0.12865, 911942.0], [0.12864, 734327.0], [0.12863, 555032.0], [0.12862, 350107.0], [0.12861, 330908.0], [0.1286, 467723.0], [0.12859, 462809.0], [0.12858, 582726.0], [0.12857, 716549.0], [0.12856, 2045591.0], [0.12855, 2288605.0], [0.12854, 674746.0]], "asks": [[0.12874, 169210.0], [0.12875, 193630.0], [0.12876, 446992.0], [0.12877, 745074.0], [0.12878, 719709.0], [0.12879, 729132.0], [0.1288, 526546.0], [0.12881, 711139.0], [0.12882, 674088.0], [0.12883, 1155587.0], [0.12884, 221624.0], [0.12885, 389324.0], [0.12886, 222024.0], [0.12887, 388858.0], [0.12888, 294050.0], [0.12889, 736149.0], [0.1289, 302065.0], [0.12891, 978361.0], [0.12892, 215796.0], [0.12893, 474235.0]], "timestamp": "2025-12-16T09:50:48.481916+00:00"}, {"symbol": "DOGEUSDT", "bids": [[0.12872, 152379.0], [0.12871, 270072.0], [0.1287, 333289.0], [0.12869, 515468.0], [0.12868, 789471.0], [0.12867, 679169.0], [0.12866, 710760.0], [0.12865, 613579.0], [0.12864, 1070195.0], [0.12863, 601927.0], [0.12862, 294585.0], [0.12861, 334481.0], [0.1286, 683689.0], [0.12859, 609638.0], [0.12858, 1292267.0], [0.12857, 438899.0], [0.12856, 688389.0], [0.12855, 1615339.0], [0.12854, 822606.0], [0.12853, 1262483.0]], "asks": [[0.12873, 145443.0], [0.12874, 258589.0], [0.12875, 354853.0], [0.12876, 801767.0], [0.12877, 725929.0], [0.12878, 537737.0], [0.12879, 812174.0], [0.1288, 623615.0], [0.12881, 927219.0], [0.12882, 951190.0], [0.12883, 314167.0], [0.12884, 212920.0], [0.12885, 392272.0], [0.12886, 299848.0], [0.12887, 330335.0], [0.12888, 400426.0], [0.12889, 770834.0], [0.1289, 497253.0], [0.12891, 698416.0], [0.12892, 206751.0]], "timestamp": "2025-12-16T09:51:41.762221+00:00"}, {"symbol": "DOGEUSDT", "bids": [[0.12876, 251512.0], [0.12875, 280017.0], [0.12874, 469309.0], [0.12873, 627611.0], [0.12872, 910286.0], [0.12871, 560127.0], [0.1287, 557596.0], [0.12869, 708506.0], [0.12868, 915403.0], [0.12867, 661398.0], [0.12866, 431939.0], [0.12865, 515601.0], [0.12864, 819763.0], [0.12863, 344105.0], [0.12862, 702502.0], [0.12861, 760209.0], [0.1286, 660946.0], [0.12859, 1305174.0], [0.12858, 517398.0], [0.12857, 444729.0]], "asks": [[0.12877, 68069.0], [0.12878, 236463.0], [0.12879, 315588.0], [0.1288, 369586.0], [0.12881, 595183.0], [0.12882, 999719.0], [0.12883, 584520.0], [0.12884, 489036.0], [0.12885, 812972.0], [0.12886, 1149827.0], [0.12887, 326475.0], [0.12888, 320773.0], [0.12889, 499621.0], [0.1289, 195758.0], [0.12891, 493901.0], [0.12892, 792630.0], [0.12893, 372989.0], [0.12894, 301223.0], [0.12895, 496874.0], [0.12896, 760991.0]], "timestamp": "2025-12-16T09:52:34.056957+00:00"}, {"symbol": "DOGEUSDT", "bids": [[0.12882, 104213.0], [0.12881, 148858.0], [0.1288, 439832.0], [0.12879, 645065.0], [0.12878, 639773.0], [0.12877, 608913.0], [0.12876, 759109.0], [0.12875, 684502.0], [0.12874, 616704.0], [0.12873, 1073180.0], [0.12872, 508534.0], [0.12871, 249401.0], [0.1287, 358589.0], [0.12869, 650721.0], [0.12868, 770674.0], [0.12867, 1073250.0], [0.12866, 670689.0], [0.12865, 504575.0], [0.12864, 725481.0], [0.12863, 382695.0]], "asks": [[0.12883, 118761.0], [0.12884, 167467.0], [0.12885, 343481.0], [0.12886, 323719.0], [0.12887, 633376.0], [0.12888, 704056.0], [0.12889, 689628.0], [0.1289, 510378.0], [0.12891, 1364322.0], [0.12892, 269946.0], [0.12893, 490339.0], [0.12894, 295778.0], [0.12895, 491695.0], [0.12896, 600238.0], [0.12897, 1178732.0], [0.12898, 231402.0], [0.12899, 411418.0], [0.129, 519572.0], [0.12901, 283434.0], [0.12902, 288159.0]], "timestamp": "2025-12-16T09:53:25.537680+00:00"}, {"symbol": "DOGEUSDT", "bids": [[0.12883, 13647.0], [0.12882, 165721.0], [0.12881, 318833.0], [0.1288, 403267.0], [0.12879, 851097.0], [0.12878, 692501.0], [0.12877, 643774.0], [0.12876, 705449.0], [0.12875, 799964.0], [0.12874, 438364.0], [0.12873, 420486.0], [0.12872, 409805.0], [0.12871, 273604.0], [0.1287, 340603.0], [0.12869, 775890.0], [0.12868, 764550.0], [0.12867, 1095702.0], [0.12866, 1529860.0], [0.12865, 416406.0], [0.12864, 917697.0]], "asks": [[0.12884, 499502.0], [0.12885, 127748.0], [0.12886, 146158.0], [0.12887, 399747.0], [0.12888, 583430.0], [0.12889, 557541.0], [0.1289, 577736.0], [0.12891, 729444.0], [0.12892, 1057993.0], [0.12893, 642239.0], [0.12894, 340876.0], [0.12895, 376647.0], [0.12896, 312912.0], [0.12897, 669855.0], [0.12898, 232311.0], [0.12899, 430824.0], [0.129, 678306.0], [0.12901, 736521.0], [0.12902, 890207.0], [0.12903, 398711.0]], "timestamp": "2025-12-16T09:54:19.092313+00:00"}, {"symbol": "DOGEUSDT", "bids": [[0.1288, 125928.0], [0.12879, 290168.0], [0.12878, 463381.0], [0.12877, 565515.0], [0.12876, 623759.0], [0.12875, 614791.0], [0.12874, 475784.0], [0.12873, 633535.0], [0.12872, 989826.0], [0.12871, 503993.0], [0.1287, 320727.0], [0.12869, 435730.0], [0.12868, 373950.0], [0.12867, 517075.0], [0.12866, 555936.0], [0.12865, 869244.0], [0.12864, 561681.0], [0.12863, 551097.0], [0.12862, 1460697.0], [0.12861, 637411.0]], "asks": [[0.12881, 192225.0], [0.12882, 123864.0], [0.12883, 206150.0], [0.12884, 382899.0], [0.12885, 760698.0], [0.12886, 293175.0], [0.12887, 789813.0], [0.12888, 545383.0], [0.12889, 1087786.0], [0.1289, 304326.0], [0.12891, 465534.0], [0.12892, 244909.0], [0.12893, 515985.0], [0.12894, 587309.0], [0.12895, 731569.0], [0.12896, 542861.0], [0.12897, 429315.0], [0.12898, 605245.0], [0.12899, 400457.0], [0.129, 737815.0]], "timestamp": "2025-12-16T09:55:12.043899+00:00"}, {"symbol": "DOGEUSDT", "bids": [[0.12878, 91134.0], [0.12877, 243348.0], [0.12876, 227444.0], [0.12875, 379488.0], [0.12874, 505007.0], [0.12873, 647163.0], [0.12872, 755303.0], [0.12871, 794495.0], [0.1287, 471006.0], [0.12869, 564841.0], [0.12868, 372095.0], [0.12867, 484206.0], [0.12866, 441585.0], [0.12865, 850262.0], [0.12864, 590800.0], [0.12863, 396055.0], [0.12862, 707017.0], [0.12861, 648701.0], [0.1286, 842274.0], [0.12859, 1329521.0]], "asks": [[0.12879, 175537.0], [0.1288, 371147.0], [0.12881, 211898.0], [0.12882, 213330.0], [0.12883, 578002.0], [0.12884, 567061.0], [0.12885, 711581.0], [0.12886, 423242.0], [0.12887, 997663.0], [0.12888, 883830.0], [0.12889, 403979.0], [0.1289, 178640.0], [0.12891, 465503.0], [0.12892, 253187.0], [0.12893, 517185.0], [0.12894, 544701.0], [0.12895, 715561.0], [0.12896, 597848.0], [0.12897, 524018.0], [0.12898, 1131752.0]], "timestamp": "2025-12-16T09:56:04.923334+00:00"}, {"symbol": "DOGEUSDT", "bids": [[0.12875, 321560.0], [0.12874, 355372.0], [0.12873, 504110.0], [0.12872, 761773.0], [0.12871, 773889.0], [0.1287, 475853.0], [0.12869, 490316.0], [0.12868, 926014.0], [0.12867, 943282.0], [0.12866, 667974.0], [0.12865, 532328.0], [0.12864, 537732.0], [0.12863, 397174.0], [0.12862, 621130.0], [0.12861, 999618.0], [0.1286, 489810.0], [0.12859, 501994.0], [0.12858, 711160.0], [0.12857, 1302030.0], [0.12856, 1493339.0]], "asks": [[0.12876, 65547.0], [0.12877, 115978.0], [0.12878, 152285.0], [0.12879, 300090.0], [0.1288, 407541.0], [0.12881, 595531.0], [0.12882, 590832.0], [0.12883, 799634.0], [0.12884, 593175.0], [0.12885, 1143208.0], [0.12886, 205604.0], [0.12887, 466152.0], [0.12888, 340238.0], [0.12889, 481871.0], [0.1289, 554113.0], [0.12891, 693094.0], [0.12892, 253639.0], [0.12893, 414214.0], [0.12894, 479373.0], [0.12895, 1279678.0]], "timestamp": "2025-12-16T09:56:57.320843+00:00"}, {"symbol": "DOGEUSDT", "bids": [[0.12878, 131674.0], [0.12877, 203588.0], [0.12876, 300214.0], [0.12875, 484542.0], [0.12874, 546651.0], [0.12873, 682791.0], [0.12872, 1102878.0], [0.12871, 550140.0], [0.1287, 811159.0], [0.12869, 780363.0], [0.12868, 572773.0], [0.12867, 515985.0], [0.12866, 489058.0], [0.12865, 635133.0], [0.12864, 1087865.0], [0.12863, 311433.0], [0.12862, 524007.0], [0.12861, 523196.0], [0.1286, 1409908.0], [0.12859, 503864.0]], "asks": [[0.12879, 167055.0], [0.1288, 111695.0], [0.12881, 260520.0], [0.12882, 262529.0], [0.12883, 653312.0], [0.12884, 752750.0], [0.12885, 669406.0], [0.12886, 565104.0], [0.12887, 1089634.0], [0.12888, 337648.0], [0.12889, 439400.0], [0.1289, 232813.0], [0.12891, 686688.0], [0.12892, 307943.0], [0.12893, 407852.0], [0.12894, 372097.0], [0.12895, 730827.0], [0.12896, 629573.0], [0.12897, 1021419.0], [0.12898, 547079.0]], "timestamp": "2025-12-16T09:57:49.099940+00:00"}, {"symbol": "DOGEUSDT", "bids": [[0.12879, 284027.0], [0.12878, 194209.0], [0.12877, 332173.0], [0.12876, 539322.0], [0.12875, 701558.0], [0.12874, 526717.0], [0.12873, 612069.0], [0.12872, 619046.0], [0.12871, 830587.0], [0.1287, 417887.0], [0.12869, 481582.0], [0.12868, 482232.0], [0.12867, 546732.0], [0.12866, 708400.0], [0.12865, 789153.0], [0.12864, 1002660.0], [0.12863, 554694.0], [0.12862, 1326459.0], [0.12861, 311039.0], [0.1286, 756437.0]], "asks": [[0.1288, 75558.0], [0.12881, 511367.0], [0.12882, 277588.0], [0.12883, 408281.0], [0.12884, 660823.0], [0.12885, 564367.0], [0.12886, 465080.0], [0.12887, 640272.0], [0.12888, 1198658.0], [0.12889, 362776.0], [0.1289, 406497.0], [0.12891, 479146.0], [0.12892, 322930.0], [0.12893, 404062.0], [0.12894, 404331.0], [0.12895, 992377.0], [0.12896, 531154.0], [0.12897, 392594.0], [0.12898, 213916.0], [0.12899, 395697.0]], "timestamp": "2025-12-16T09:58:41.308125+00:00"}, {"symbol": "DOGEUSDT", "bids": [[0.12885, 465912.0], [0.12884, 286579.0], [0.12883, 504442.0], [0.12882, 532167.0], [0.12881, 834010.0], [0.1288, 615554.0], [0.12879, 714579.0], [0.12878, 704212.0], [0.12877, 825809.0], [0.12876, 449464.0], [0.12875, 504508.0], [0.12874, 340959.0], [0.12873, 434437.0], [0.12872, 656152.0], [0.12871, 835483.0], [0.1287, 686358.0], [0.12869, 614205.0], [0.12868, 588761.0], [0.12867, 667876.0], [0.12866, 1643282.0]], "asks": [[0.12886, 158807.0], [0.12887, 89957.0], [0.12888, 194217.0], [0.12889, 366744.0], [0.1289, 685855.0], [0.12891, 658953.0], [0.12892, 659559.0], [0.12893, 603459.0], [0.12894, 432532.0], [0.12895, 423857.0], [0.12896, 868071.0], [0.12897, 388060.0], [0.12898, 324994.0], [0.12899, 522019.0], [0.129, 1002771.0], [0.12901, 1000184.0], [0.12902, 767949.0], [0.12903, 716243.0], [0.12904, 1058189.0], [0.12905, 2026900.0]], "timestamp": "2025-12-16T09:59:34.132378+00:00"}, {"symbol": "DOGEUSDT", "bids": [[0.12882, 231844.0], [0.12881, 367764.0], [0.1288, 437311.0], [0.12879, 510081.0], [0.12878, 629180.0], [0.12877, 412389.0], [0.12876, 513934.0], [0.12875, 985660.0], [0.12874, 550553.0], [0.12873, 490970.0], [0.12872, 541742.0], [0.12871, 465283.0], [0.1287, 857548.0], [0.12869, 652475.0], [0.12868, 593021.0], [0.12867, 608418.0], [0.12866, 1434766.0], [0.12865, 544883.0], [0.12864, 488422.0], [0.12863, 527610.0]], "asks": [[0.12883, 4903.0], [0.12884, 107088.0], [0.12885, 222815.0], [0.12886, 262844.0], [0.12887, 714855.0], [0.12888, 972597.0], [0.12889, 1063073.0], [0.1289, 474402.0], [0.12891, 690380.0], [0.12892, 586735.0], [0.12893, 1162474.0], [0.12894, 340962.0], [0.12895, 361836.0], [0.12896, 275559.0], [0.12897, 681145.0], [0.12898, 258699.0], [0.12899, 416524.0], [0.129, 596405.0], [0.12901, 295228.0], [0.12902, 541549.0]], "timestamp": "2025-12-16T10:00:26.056268+00:00"}, {"symbol": "DOGEUSDT", "bids": [[0.12874, 26499.0], [0.12873, 94519.0], [0.12872, 420901.0], [0.12871, 316399.0], [0.1287, 688086.0], [0.12869, 610321.0], [0.12868, 497572.0], [0.12867, 504699.0], [0.12866, 830056.0], [0.12865, 536199.0], [0.12864, 540760.0], [0.12863, 519027.0], [0.12862, 979104.0], [0.12861, 367554.0], [0.1286, 1129511.0], [0.12859, 537648.0], [0.12858, 618243.0], [0.12857, 647430.0], [0.12856, 1090472.0], [0.12855, 951643.0]], "asks": [[0.12875, 362235.0], [0.12876, 434193.0], [0.12877, 511355.0], [0.12878, 433112.0], [0.12879, 694053.0], [0.1288, 667187.0], [0.12881, 468746.0], [0.12882, 676816.0], [0.12883, 571118.0], [0.12884, 1371902.0], [0.12885, 344684.0], [0.12886, 258472.0], [0.12887, 300325.0], [0.12888, 302029.0], [0.12889, 343147.0], [0.1289, 513707.0], [0.12891, 517080.0], [0.12892, 881627.0], [0.12893, 306650.0], [0.12894, 195266.0]], "timestamp": "2025-12-16T10:01:19.266978+00:00"}, {"symbol": "DOGEUSDT", "bids": [[0.12868, 324404.0], [0.12867, 296774.0], [0.12866, 396740.0], [0.12865, 470253.0], [0.12864, 688476.0], [0.12863, 504207.0], [0.12862, 535628.0], [0.12861, 411716.0], [0.1286, 1172701.0], [0.12859, 668544.0], [0.12858, 652863.0], [0.12857, 496864.0], [0.12856, 511184.0], [0.12855, 396684.0], [0.12854, 381063.0], [0.12853, 1166880.0], [0.12852, 421050.0], [0.12851, 611262.0], [0.1285, 742259.0], [0.12849, 675090.0]], "asks": [[0.12869, 7629.0], [0.1287, 128275.0], [0.12871, 354074.0], [0.12872, 471252.0], [0.12873, 590389.0], [0.12874, 839201.0], [0.12875, 559486.0], [0.12876, 485045.0], [0.12877, 481486.0], [0.12878, 999900.0], [0.12879, 381739.0], [0.1288, 321529.0], [0.12881, 338668.0], [0.12882, 569430.0], [0.12883, 529793.0], [0.12884, 1108470.0], [0.12885, 362082.0], [0.12886, 540860.0], [0.12887, 559391.0], [0.12888, 1873599.0]], "timestamp": "2025-12-16T10:02:12.533528+00:00"}, {"symbol": "DOGEUSDT", "bids": [[0.12883, 342930.0], [0.12882, 197105.0], [0.12881, 564316.0], [0.1288, 427069.0], [0.12879, 576313.0], [0.12878, 626256.0], [0.12877, 686630.0], [0.12876, 621597.0], [0.12875, 1210360.0], [0.12874, 236309.0], [0.12873, 548328.0], [0.12872, 414228.0], [0.12871, 588751.0], [0.1287, 369654.0], [0.12869, 807399.0], [0.12868, 434132.0], [0.12867, 421797.0], [0.12866, 756733.0], [0.12865, 737262.0], [0.12864, 364130.0]], "asks": [[0.12884, 21776.0], [0.12885, 139971.0], [0.12886, 353089.0], [0.12887, 414202.0], [0.12888, 648899.0], [0.12889, 694909.0], [0.1289, 353425.0], [0.12891, 574262.0], [0.12892, 1059082.0], [0.12893, 316642.0], [0.12894, 410167.0], [0.12895, 479597.0], [0.12896, 396903.0], [0.12897, 724764.0], [0.12898, 272067.0], [0.12899, 591957.0], [0.129, 1510530.0], [0.12901, 481673.0], [0.12902, 202127.0], [0.12903, 747381.0]], "timestamp": "2025-12-16T10:03:04.466945+00:00"}, {"symbol": "DOGEUSDT", "bids": [[0.12885, 141998.0], [0.12884, 210699.0], [0.12883, 340482.0], [0.12882, 386856.0], [0.12881, 998345.0], [0.1288, 808395.0], [0.12879, 647045.0], [0.12878, 554177.0], [0.12877, 379848.0], [0.12876, 896248.0], [0.12875, 398014.0], [0.12874, 240303.0], [0.12873, 390851.0], [0.12872, 592912.0], [0.12871, 927378.0], [0.1287, 1083954.0], [0.12869, 2033445.0], [0.12868, 1263968.0], [0.12867, 263497.0], [0.12866, 378831.0]], "asks": [[0.12886, 140642.0], [0.12887, 281130.0], [0.12888, 246743.0], [0.12889, 401483.0], [0.1289, 780584.0], [0.12891, 857942.0], [0.12892, 492686.0], [0.12893, 833090.0], [0.12894, 1556631.0], [0.12895, 457616.0], [0.12896, 491489.0], [0.12897, 472277.0], [0.12898, 320171.0], [0.12899, 304740.0], [0.129, 472689.0], [0.12901, 552285.0], [0.12902, 322863.0], [0.12903, 677606.0], [0.12904, 667670.0], [0.12905, 990674.0]], "timestamp": "2025-12-16T10:03:56.566633+00:00"}, {"symbol": "DOGEUSDT", "bids": [[0.12893, 221094.0], [0.12892, 528650.0], [0.12891, 332712.0], [0.1289, 372908.0], [0.12889, 485050.0], [0.12888, 700560.0], [0.12887, 599017.0], [0.12886, 459041.0], [0.12885, 439423.0], [0.12884, 556032.0], [0.12883, 499743.0], [0.12882, 803316.0], [0.12881, 767129.0], [0.1288, 404352.0], [0.12879, 272687.0], [0.12878, 292919.0], [0.12877, 785019.0], [0.12876, 816878.0], [0.12875, 396058.0], [0.12874, 272090.0]], "asks": [[0.12894, 237522.0], [0.12895, 107230.0], [0.12896, 179654.0], [0.12897, 422108.0], [0.12898, 788169.0], [0.12899, 499375.0], [0.129, 681502.0], [0.12901, 536167.0], [0.12902, 530433.0], [0.12903, 1250016.0], [0.12904, 372312.0], [0.12905, 439707.0], [0.12906, 418875.0], [0.12907, 682919.0], [0.12908, 1019552.0], [0.12909, 1278780.0], [0.1291, 620388.0], [0.12911, 348125.0], [0.12912, 1062503.0], [0.12913, 3457751.0]], "timestamp": "2025-12-16T10:04:49.128750+00:00"}, {"symbol": "DOGEUSDT", "bids": [[0.12892, 47620.0], [0.12891, 197538.0], [0.1289, 506783.0], [0.12889, 419488.0], [0.12888, 686757.0], [0.12887, 582407.0], [0.12886, 449554.0], [0.12885, 445188.0], [0.12884, 822283.0], [0.12883, 578377.0], [0.12882, 785961.0], [0.12881, 460718.0], [0.1288, 416555.0], [0.12879, 484571.0], [0.12878, 1062550.0], [0.12877, 315265.0], [0.12876, 384208.0], [0.12875, 436895.0], [0.12874, 282257.0], [0.12873, 773332.0]], "asks": [[0.12893, 156251.0], [0.12894, 209259.0], [0.12895, 323169.0], [0.12896, 317428.0], [0.12897, 640002.0], [0.12898, 907440.0], [0.12899, 1002532.0], [0.129, 1550027.0], [0.12901, 501463.0], [0.12902, 489181.0], [0.12903, 650251.0], [0.12904, 352150.0], [0.12905, 498509.0], [0.12906, 402163.0], [0.12907, 1195753.0], [0.12908, 603633.0], [0.12909, 611127.0], [0.1291, 191799.0], [0.12911, 326057.0], [0.12912, 1249565.0]], "timestamp": "2025-12-16T10:05:41.955047+00:00"}, {"symbol": "DOGEUSDT", "bids": [[0.12889, 175537.0], [0.12888, 188052.0], [0.12887, 256129.0], [0.12886, 391479.0], [0.12885, 574511.0], [0.12884, 782086.0], [0.12883, 648916.0], [0.12882, 379186.0], [0.12881, 704584.0], [0.1288, 922339.0], [0.12879, 364868.0], [0.12878, 308609.0], [0.12877, 319329.0], [0.12876, 394253.0], [0.12875, 515555.0], [0.12874, 718272.0], [0.12873, 722315.0], [0.12872, 667876.0], [0.12871, 644144.0], [0.1287, 1275974.0]], "asks": [[0.1289, 305251.0], [0.12891, 366608.0], [0.12892, 161700.0], [0.12893, 375206.0], [0.12894, 658168.0], [0.12895, 957250.0], [0.12896, 821939.0], [0.12897, 846698.0], [0.12898, 1389074.0], [0.12899, 456100.0], [0.129, 428660.0], [0.12901, 524960.0], [0.12902, 395899.0], [0.12903, 580521.0], [0.12904, 636096.0], [0.12905, 623689.0], [0.12906, 261784.0], [0.12907, 350200.0], [0.12908, 670768.0], [0.12909, 1193187.0]], "timestamp": "2025-12-16T10:06:34.276822+00:00"}, {"symbol": "DOGEUSDT", "bids": [[0.12895, 152492.0], [0.12894, 345828.0], [0.12893, 351043.0], [0.12892, 307725.0], [0.12891, 696457.0], [0.1289, 685941.0], [0.12889, 679152.0], [0.12888, 770110.0], [0.12887, 979003.0], [0.12886, 531804.0], [0.12885, 485036.0], [0.12884, 572227.0], [0.12883, 412549.0], [0.12882, 323306.0], [0.12881, 630589.0], [0.1288, 732193.0], [0.12879, 514358.0], [0.12878, 893126.0], [0.12877, 675594.0], [0.12876, 384879.0]], "asks": [[0.12896, 161825.0], [0.12897, 168523.0], [0.12898, 320528.0], [0.12899, 485354.0], [0.129, 711544.0], [0.12901, 761107.0], [0.12902, 655739.0], [0.12903, 834343.0], [0.12904, 662602.0], [0.12905, 1171450.0], [0.12906, 420095.0], [0.12907, 714914.0], [0.12908, 409015.0], [0.12909, 687672.0], [0.1291, 237415.0], [0.12911, 409858.0], [0.12912, 1255019.0], [0.12913, 2903396.0], [0.12914, 435900.0], [0.12915, 1308020.0]], "timestamp": "2025-12-16T10:07:26.923559+00:00"}, {"symbol": "DOGEUSDT", "bids": [[0.12894, 109001.0], [0.12893, 64269.0], [0.12892, 465811.0], [0.12891, 653515.0], [0.1289, 1571774.0], [0.12889, 590343.0], [0.12888, 580193.0], [0.12887, 585904.0], [0.12886, 587156.0], [0.12885, 818346.0], [0.12884, 682221.0], [0.12883, 578044.0], [0.12882, 566626.0], [0.12881, 923181.0], [0.1288, 902405.0], [0.12879, 461199.0], [0.12878, 442622.0], [0.12877, 638688.0], [0.12876, 560918.0], [0.12875, 1361064.0]], "asks": [[0.12895, 181420.0], [0.12896, 211542.0], [0.12897, 322585.0], [0.12898, 339897.0], [0.12899, 778060.0], [0.129, 697029.0], [0.12901, 745145.0], [0.12902, 740588.0], [0.12903, 1689443.0], [0.12904, 386171.0], [0.12905, 430826.0], [0.12906, 345003.0], [0.12907, 434114.0], [0.12908, 428189.0], [0.12909, 646290.0], [0.1291, 251948.0], [0.12911, 371769.0], [0.12912, 747129.0], [0.12913, 970353.0], [0.12914, 290086.0]], "timestamp": "2025-12-16T10:08:19.599826+00:00"}, {"symbol": "DOGEUSDT", "bids": [[0.12887, 227860.0], [0.12886, 144466.0], [0.12885, 209521.0], [0.12884, 388190.0], [0.12883, 434881.0], [0.12882, 468987.0], [0.12881, 565124.0], [0.1288, 698083.0], [0.12879, 496204.0], [0.12878, 857590.0], [0.12877, 565249.0], [0.12876, 542585.0], [0.12875, 427233.0], [0.12874, 356401.0], [0.12873, 859584.0], [0.12872, 1031298.0], [0.12871, 602314.0], [0.1287, 528741.0], [0.12869, 983534.0], [0.12868, 1508307.0]], "asks": [[0.12888, 574510.0], [0.12889, 121882.0], [0.1289, 172316.0], [0.12891, 513667.0], [0.12892, 545010.0], [0.12893, 933956.0], [0.12894, 749659.0], [0.12895, 628902.0], [0.12896, 1262983.0], [0.12897, 592993.0], [0.12898, 384782.0], [0.12899, 287665.0], [0.129, 381593.0], [0.12901, 343174.0], [0.12902, 391397.0], [0.12903, 663028.0], [0.12904, 502836.0], [0.12905, 381947.0], [0.12906, 232907.0], [0.12907, 444327.0]], "timestamp": "2025-12-16T10:09:12.687441+00:00"}, {"symbol": "DOGEUSDT", "bids": [[0.12891, 406886.0], [0.1289, 486433.0], [0.12889, 387220.0], [0.12888, 493395.0], [0.12887, 752480.0], [0.12886, 566429.0], [0.12885, 520485.0], [0.12884, 850214.0], [0.12883, 687535.0], [0.12882, 835200.0], [0.12881, 481982.0], [0.1288, 594673.0], [0.12879, 287800.0], [0.12878, 511982.0], [0.12877, 800010.0], [0.12876, 965278.0], [0.12875, 423053.0], [0.12874, 337802.0], [0.12873, 765757.0], [0.12872, 550913.0]], "asks": [[0.12892, 40136.0], [0.12893, 165917.0], [0.12894, 164526.0], [0.12895, 481244.0], [0.12896, 793035.0], [0.12897, 550527.0], [0.12898, 683280.0], [0.12899, 418628.0], [0.129, 675808.0], [0.12901, 1008416.0], [0.12902, 377075.0], [0.12903, 476085.0], [0.12904, 248009.0], [0.12905, 539446.0], [0.12906, 285401.0], [0.12907, 566527.0], [0.12908, 1479263.0], [0.12909, 284942.0], [0.1291, 207443.0], [0.12911, 403444.0]], "timestamp": "2025-12-16T10:10:04.553366+00:00"}, {"symbol": "DOGEUSDT", "bids": [[0.12889, 158068.0], [0.12888, 191985.0], [0.12887, 340306.0], [0.12886, 347607.0], [0.12885, 606690.0], [0.12884, 823234.0], [0.12883, 543298.0], [0.12882, 437609.0], [0.12881, 932714.0], [0.1288, 740242.0], [0.12879, 457244.0], [0.12878, 359326.0], [0.12877, 526224.0], [0.12876, 597269.0], [0.12875, 1009123.0], [0.12874, 339822.0], [0.12873, 767794.0], [0.12872, 554094.0], [0.12871, 626358.0], [0.1287, 1310155.0]], "asks": [[0.1289, 172295.0], [0.12891, 194909.0], [0.12892, 243543.0], [0.12893, 359446.0], [0.12894, 884379.0], [0.12895, 711590.0], [0.12896, 567541.0], [0.12897, 742907.0], [0.12898, 523709.0], [0.12899, 972049.0], [0.129, 408365.0], [0.12901, 440830.0], [0.12902, 371569.0], [0.12903, 610994.0], [0.12904, 526874.0], [0.12905, 462277.0], [0.12906, 322715.0], [0.12907, 519640.0], [0.12908, 1440396.0], [0.12909, 332677.0]], "timestamp": "2025-12-16T10:10:56.619124+00:00"}, {"symbol": "DOGEUSDT", "bids": [[0.12891, 270588.0], [0.1289, 161519.0], [0.12889, 498829.0], [0.12888, 395939.0], [0.12887, 562685.0], [0.12886, 535113.0], [0.12885, 569314.0], [0.12884, 872151.0], [0.12883, 733857.0], [0.12882, 777040.0], [0.12881, 530288.0], [0.1288, 667755.0], [0.12879, 285604.0], [0.12878, 482068.0], [0.12877, 993528.0], [0.12876, 644594.0], [0.12875, 852714.0], [0.12874, 278794.0], [0.12873, 737131.0], [0.12872, 509194.0]], "asks": [[0.12892, 109372.0], [0.12893, 173018.0], [0.12894, 292831.0], [0.12895, 466488.0], [0.12896, 783939.0], [0.12897, 644405.0], [0.12898, 567982.0], [0.12899, 551911.0], [0.129, 1335749.0], [0.12901, 343282.0], [0.12902, 445107.0], [0.12903, 258984.0], [0.12904, 252669.0], [0.12905, 538158.0], [0.12906, 560358.0], [0.12907, 453714.0], [0.12908, 888026.0], [0.12909, 297337.0], [0.1291, 322163.0], [0.12911, 992691.0]], "timestamp": "2025-12-16T10:11:48.062767+00:00"}, {"symbol": "DOGEUSDT", "bids": [[0.12898, 319809.0], [0.12897, 432371.0], [0.12896, 491227.0], [0.12895, 629153.0], [0.12894, 647038.0], [0.12893, 851135.0], [0.12892, 1275782.0], [0.12891, 543496.0], [0.1289, 343092.0], [0.12889, 1055078.0], [0.12888, 629407.0], [0.12887, 477166.0], [0.12886, 332484.0], [0.12885, 382556.0], [0.12884, 873538.0], [0.12883, 538952.0], [0.12882, 663819.0], [0.12881, 1412344.0], [0.1288, 613961.0], [0.12879, 406940.0]], "asks": [[0.12899, 68426.0], [0.129, 144392.0], [0.12901, 301814.0], [0.12902, 509251.0], [0.12903, 594246.0], [0.12904, 263036.0], [0.12905, 484162.0], [0.12906, 803138.0], [0.12907, 499976.0], [0.12908, 1038217.0], [0.12909, 317110.0], [0.1291, 331462.0], [0.12911, 523598.0], [0.12912, 756130.0], [0.12913, 970735.0], [0.12914, 920673.0], [0.12915, 278377.0], [0.12916, 720373.0], [0.12917, 964790.0], [0.12918, 686112.0]], "timestamp": "2025-12-16T10:12:41.400526+00:00"}, {"symbol": "DOGEUSDT", "bids": [[0.12909, 215321.0], [0.12908, 322823.0], [0.12907, 394445.0], [0.12906, 819529.0], [0.12905, 1213292.0], [0.12904, 826692.0], [0.12903, 558555.0], [0.12902, 693426.0], [0.12901, 968770.0], [0.129, 438557.0], [0.12899, 297419.0], [0.12898, 524214.0], [0.12897, 472235.0], [0.12896, 629472.0], [0.12895, 921961.0], [0.12894, 1009038.0], [0.12893, 655962.0], [0.12892, 549240.0], [0.12891, 1209720.0], [0.1289, 789017.0]], "asks": [[0.1291, 4450.0], [0.12911, 179716.0], [0.12912, 383659.0], [0.12913, 323353.0], [0.12914, 430818.0], [0.12915, 614817.0], [0.12916, 520802.0], [0.12917, 636100.0], [0.12918, 613958.0], [0.12919, 360701.0], [0.1292, 1242954.0], [0.12921, 496729.0], [0.12922, 344540.0], [0.12923, 282814.0], [0.12924, 507573.0], [0.12925, 751023.0], [0.12926, 482736.0], [0.12927, 207724.0], [0.12928, 492875.0], [0.12929, 627860.0]], "timestamp": "2025-12-16T10:13:33.398478+00:00"}, {"symbol": "DOGEUSDT", "bids": [[0.12911, 80350.0], [0.1291, 155344.0], [0.12909, 496195.0], [0.12908, 504695.0], [0.12907, 575194.0], [0.12906, 664128.0], [0.12905, 457511.0], [0.12904, 833447.0], [0.12903, 279369.0], [0.12902, 897238.0], [0.12901, 478285.0], [0.129, 436047.0], [0.12899, 312976.0], [0.12898, 395763.0], [0.12897, 507866.0], [0.12896, 496544.0], [0.12895, 795630.0], [0.12894, 1241093.0], [0.12893, 596709.0], [0.12892, 671879.0]], "asks": [[0.12912, 226918.0], [0.12913, 274148.0], [0.12914, 575926.0], [0.12915, 711030.0], [0.12916, 1249598.0], [0.12917, 849177.0], [0.12918, 849345.0], [0.12919, 489674.0], [0.1292, 776755.0], [0.12921, 1413782.0], [0.12922, 474326.0], [0.12923, 273480.0], [0.12924, 490037.0], [0.12925, 418531.0], [0.12926, 988999.0], [0.12927, 280929.0], [0.12928, 499648.0], [0.12929, 694634.0], [0.1293, 1788286.0], [0.12931, 1549185.0]], "timestamp": "2025-12-16T10:14:25.050893+00:00"}, {"symbol": "DOGEUSDT", "bids": [[0.12906, 99835.0], [0.12905, 130665.0], [0.12904, 392669.0], [0.12903, 370015.0], [0.12902, 616468.0], [0.12901, 485635.0], [0.129, 606607.0], [0.12899, 443040.0], [0.12898, 812869.0], [0.12897, 599437.0], [0.12896, 431260.0], [0.12895, 364747.0], [0.12894, 684499.0], [0.12893, 607511.0], [0.12892, 701395.0], [0.12891, 1827840.0], [0.1289, 694970.0], [0.12889, 496845.0], [0.12888, 875587.0], [0.12887, 2164832.0]], "asks": [[0.12907, 213530.0], [0.12908, 170102.0], [0.12909, 402261.0], [0.1291, 646560.0], [0.12911, 1032176.0], [0.12912, 732523.0], [0.12913, 882329.0], [0.12914, 977254.0], [0.12915, 1032217.0], [0.12916, 1774977.0], [0.12917, 385003.0], [0.12918, 421782.0], [0.12919, 420554.0], [0.1292, 548999.0], [0.12921, 707837.0], [0.12922, 594744.0], [0.12923, 166831.0], [0.12924, 634385.0], [0.12925, 310161.0], [0.12926, 697417.0]], "timestamp": "2025-12-16T10:15:18.880197+00:00"}, {"symbol": "DOGEUSDT", "bids": [[0.12907, 213560.0], [0.12906, 260421.0], [0.12905, 354551.0], [0.12904, 391395.0], [0.12903, 542469.0], [0.12902, 703265.0], [0.12901, 701874.0], [0.129, 814957.0], [0.12899, 949344.0], [0.12898, 597455.0], [0.12897, 475210.0], [0.12896, 480995.0], [0.12895, 300152.0], [0.12894, 530611.0], [0.12893, 623011.0], [0.12892, 652193.0], [0.12891, 940504.0], [0.1289, 597733.0], [0.12889, 538290.0], [0.12888, 1349806.0]], "asks": [[0.12908, 296998.0], [0.12909, 88430.0], [0.1291, 428441.0], [0.12911, 608102.0], [0.12912, 945730.0], [0.12913, 833808.0], [0.12914, 914654.0], [0.12915, 867918.0], [0.12916, 584359.0], [0.12917, 1299360.0], [0.12918, 474693.0], [0.12919, 581653.0], [0.1292, 653131.0], [0.12921, 690520.0], [0.12922, 334874.0], [0.12923, 346411.0], [0.12924, 844718.0], [0.12925, 1172692.0], [0.12926, 692089.0], [0.12927, 188076.0]], "timestamp": "2025-12-16T10:16:11.099823+00:00"}, {"symbol": "DOGEUSDT", "bids": [[0.12919, 124256.0], [0.12918, 127096.0], [0.12917, 283526.0], [0.12916, 343687.0], [0.12915, 930039.0], [0.12914, 887631.0], [0.12913, 548014.0], [0.12912, 420486.0], [0.12911, 442488.0], [0.1291, 1042266.0], [0.12909, 353424.0], [0.12908, 478218.0], [0.12907, 957612.0], [0.12906, 358240.0], [0.12905, 439361.0], [0.12904, 461508.0], [0.12903, 546422.0], [0.12902, 842185.0], [0.12901, 1363077.0], [0.129, 588673.0]], "asks": [[0.1292, 192916.0], [0.12921, 252442.0], [0.12922, 420212.0], [0.12923, 622504.0], [0.12924, 1231322.0], [0.12925, 882710.0], [0.12926, 655465.0], [0.12927, 609825.0], [0.12928, 647912.0], [0.12929, 1159226.0], [0.1293, 455535.0], [0.12931, 276551.0], [0.12932, 417041.0], [0.12933, 654851.0], [0.12934, 789193.0], [0.12935, 320702.0], [0.12936, 783687.0], [0.12937, 345775.0], [0.12938, 668077.0], [0.12939, 695836.0]], "timestamp": "2025-12-16T10:17:02.884385+00:00"}, {"symbol": "DOGEUSDT", "bids": [[0.12914, 88564.0], [0.12913, 274211.0], [0.12912, 383782.0], [0.12911, 428507.0], [0.1291, 1051635.0], [0.12909, 593402.0], [0.12908, 523908.0], [0.12907, 1018730.0], [0.12906, 806643.0], [0.12905, 855920.0], [0.12904, 327472.0], [0.12903, 328626.0], [0.12902, 473910.0], [0.12901, 452978.0], [0.129, 525248.0], [0.12899, 637898.0], [0.12898, 1424675.0], [0.12897, 770821.0], [0.12896, 1324639.0], [0.12895, 463071.0]], "asks": [[0.12915, 154015.0], [0.12916, 215069.0], [0.12917, 339533.0], [0.12918, 526596.0], [0.12919, 894261.0], [0.1292, 723384.0], [0.12921, 1183070.0], [0.12922, 576039.0], [0.12923, 598423.0], [0.12924, 1344026.0], [0.12925, 415139.0], [0.12926, 448403.0], [0.12927, 438575.0], [0.12928, 436024.0], [0.12929, 912909.0], [0.1293, 577636.0], [0.12931, 155318.0], [0.12932, 422251.0], [0.12933, 660017.0], [0.12934, 742375.0]], "timestamp": "2025-12-16T10:17:54.460501+00:00"}, {"symbol": "DOGEUSDT", "bids": [[0.12923, 168163.0], [0.12922, 402803.0], [0.12921, 461196.0], [0.1292, 1020519.0], [0.12919, 564841.0], [0.12918, 616511.0], [0.12917, 697113.0], [0.12916, 594943.0], [0.12915, 1096637.0], [0.12914, 353228.0], [0.12913, 522973.0], [0.12912, 463721.0], [0.12911, 806035.0], [0.1291, 1506531.0], [0.12909, 841209.0], [0.12908, 416245.0], [0.12907, 1034000.0], [0.12906, 1610053.0], [0.12905, 1845186.0], [0.12904, 1382783.0]], "asks": [[0.12924, 167678.0], [0.12925, 222518.0], [0.12926, 309797.0], [0.12927, 345463.0], [0.12928, 673157.0], [0.12929, 611316.0], [0.1293, 678741.0], [0.12931, 705824.0], [0.12932, 861508.0], [0.12933, 620113.0], [0.12934, 1436611.0], [0.12935, 334274.0], [0.12936, 439686.0], [0.12937, 336364.0], [0.12938, 569341.0], [0.12939, 326079.0], [0.1294, 387369.0], [0.12941, 429815.0], [0.12942, 670834.0], [0.12943, 349101.0]], "timestamp": "2025-12-16T10:18:46.180783+00:00"}, {"symbol": "DOGEUSDT", "bids": [[0.12925, 27013.0], [0.12924, 301509.0], [0.12923, 425814.0], [0.12922, 421997.0], [0.12921, 782338.0], [0.1292, 712443.0], [0.12919, 652009.0], [0.12918, 654165.0], [0.12917, 661711.0], [0.12916, 744158.0], [0.12915, 1083182.0], [0.12914, 334194.0], [0.12913, 493234.0], [0.12912, 605092.0], [0.12911, 740553.0], [0.1291, 1442176.0], [0.12909, 937377.0], [0.12908, 1221399.0], [0.12907, 1227157.0], [0.12906, 1861467.0]], "asks": [[0.12926, 530057.0], [0.12927, 435896.0], [0.12928, 389307.0], [0.12929, 311588.0], [0.1293, 621349.0], [0.12931, 601150.0], [0.12932, 561201.0], [0.12933, 613530.0], [0.12934, 1208877.0], [0.12935, 765759.0], [0.12936, 421032.0], [0.12937, 265840.0], [0.12938, 291079.0], [0.12939, 566229.0], [0.1294, 398144.0], [0.12941, 362274.0], [0.12942, 568448.0], [0.12943, 609331.0], [0.12944, 218009.0], [0.12945, 318070.0]], "timestamp": "2025-12-16T10:19:37.712510+00:00"}, {"symbol": "DOGEUSDT", "bids": [[0.12909, 166723.0], [0.12908, 214297.0], [0.12907, 743808.0], [0.12906, 353909.0], [0.12905, 942214.0], [0.12904, 770394.0], [0.12903, 416873.0], [0.12902, 609526.0], [0.12901, 695936.0], [0.129, 505703.0], [0.12899, 906505.0], [0.12898, 429537.0], [0.12897, 438253.0], [0.12896, 475657.0], [0.12895, 458875.0], [0.12894, 1203067.0], [0.12893, 595102.0], [0.12892, 1670873.0], [0.12891, 1217554.0], [0.1289, 802517.0]], "asks": [[0.1291, 180279.0], [0.12911, 183266.0], [0.12912, 222263.0], [0.12913, 283874.0], [0.12914, 684186.0], [0.12915, 631219.0], [0.12916, 655992.0], [0.12917, 711134.0], [0.12918, 792540.0], [0.12919, 1131182.0], [0.1292, 320787.0], [0.12921, 472283.0], [0.12922, 303345.0], [0.12923, 433895.0], [0.12924, 431487.0], [0.12925, 346748.0], [0.12926, 771699.0], [0.12927, 406287.0], [0.12928, 1134046.0], [0.12929, 353778.0]], "timestamp": "2025-12-16T10:20:29.481042+00:00"}, {"symbol": "DOGEUSDT", "bids": [[0.1291, 522364.0], [0.12909, 214877.0], [0.12908, 338614.0], [0.12907, 618358.0], [0.12906, 1029613.0], [0.12905, 1045566.0], [0.12904, 807940.0], [0.12903, 801117.0], [0.12902, 886188.0], [0.12901, 743330.0], [0.129, 578540.0], [0.12899, 583671.0], [0.12898, 491824.0], [0.12897, 553441.0], [0.12896, 948180.0], [0.12895, 759484.0], [0.12894, 908743.0], [0.12893, 716717.0], [0.12892, 441444.0], [0.12891, 247127.0]], "asks": [[0.12911, 5685.0], [0.12912, 16803.0], [0.12913, 120591.0], [0.12914, 368450.0], [0.12915, 705000.0], [0.12916, 654570.0], [0.12917, 517433.0], [0.12918, 640103.0], [0.12919, 239159.0], [0.1292, 1029998.0], [0.12921, 526839.0], [0.12922, 444077.0], [0.12923, 651385.0], [0.12924, 481444.0], [0.12925, 292671.0], [0.12926, 552131.0], [0.12927, 390282.0], [0.12928, 913049.0], [0.12929, 521575.0], [0.1293, 735952.0]], "timestamp": "2025-12-16T10:21:21.992190+00:00"}, {"symbol": "DOGEUSDT", "bids": [[0.12921, 75953.0], [0.1292, 173170.0], [0.12919, 442377.0], [0.12918, 515869.0], [0.12917, 890516.0], [0.12916, 850018.0], [0.12915, 538423.0], [0.12914, 566403.0], [0.12913, 710081.0], [0.12912, 814385.0], [0.12911, 1191629.0], [0.1291, 504255.0], [0.12909, 726498.0], [0.12908, 1285259.0], [0.12907, 726001.0], [0.12906, 420267.0], [0.12905, 688357.0], [0.12904, 434294.0], [0.12903, 550375.0], [0.12902, 1831971.0]], "asks": [[0.12922, 188958.0], [0.12923, 277773.0], [0.12924, 308705.0], [0.12925, 406804.0], [0.12926, 601166.0], [0.12927, 744040.0], [0.12928, 745802.0], [0.12929, 663191.0], [0.1293, 1157712.0], [0.12931, 390687.0], [0.12932, 426599.0], [0.12933, 584167.0], [0.12934, 393672.0], [0.12935, 444252.0], [0.12936, 435680.0], [0.12937, 216681.0], [0.12938, 314811.0], [0.12939, 499764.0], [0.1294, 283191.0], [0.12941, 441256.0]], "timestamp": "2025-12-16T10:22:14.709922+00:00"}, {"symbol": "DOGEUSDT", "bids": [[0.12922, 182652.0], [0.12921, 563610.0], [0.1292, 539240.0], [0.12919, 542616.0], [0.12918, 787085.0], [0.12917, 761717.0], [0.12916, 656478.0], [0.12915, 742439.0], [0.12914, 853083.0], [0.12913, 1242436.0], [0.12912, 821311.0], [0.12911, 625901.0], [0.1291, 479351.0], [0.12909, 503970.0], [0.12908, 447654.0], [0.12907, 409342.0], [0.12906, 905992.0], [0.12905, 799062.0], [0.12904, 1191612.0], [0.12903, 360951.0]], "asks": [[0.12923, 194295.0], [0.12924, 229531.0], [0.12925, 233993.0], [0.12926, 389850.0], [0.12927, 671135.0], [0.12928, 495372.0], [0.12929, 877840.0], [0.1293, 634623.0], [0.12931, 590855.0], [0.12932, 1060566.0], [0.12933, 437314.0], [0.12934, 402118.0], [0.12935, 478514.0], [0.12936, 444024.0], [0.12937, 219736.0], [0.12938, 287183.0], [0.12939, 607746.0], [0.1294, 712703.0], [0.12941, 990083.0], [0.12942, 412280.0]], "timestamp": "2025-12-16T10:23:06.592102+00:00"}, {"symbol": "DOGEUSDT", "bids": [[0.1292, 375268.0], [0.12919, 284305.0], [0.12918, 431417.0], [0.12917, 554712.0], [0.12916, 881877.0], [0.12915, 557831.0], [0.12914, 721373.0], [0.12913, 1093545.0], [0.12912, 730975.0], [0.12911, 693641.0], [0.1291, 567175.0], [0.12909, 384858.0], [0.12908, 528255.0], [0.12907, 774232.0], [0.12906, 340683.0], [0.12905, 808571.0], [0.12904, 1423901.0], [0.12903, 317474.0], [0.12902, 602934.0], [0.12901, 964546.0]], "asks": [[0.12921, 26753.0], [0.12922, 69115.0], [0.12923, 246011.0], [0.12924, 496879.0], [0.12925, 765376.0], [0.12926, 750010.0], [0.12927, 827797.0], [0.12928, 750017.0], [0.12929, 565442.0], [0.1293, 894318.0], [0.12931, 1103999.0], [0.12932, 562172.0], [0.12933, 385698.0], [0.12934, 239437.0], [0.12935, 268968.0], [0.12936, 395647.0], [0.12937, 542367.0], [0.12938, 909792.0], [0.12939, 379451.0], [0.1294, 295977.0]], "timestamp": "2025-12-16T10:23:58.147394+00:00"}, {"symbol": "DOGEUSDT", "bids": [[0.12927, 423193.0], [0.12926, 325877.0], [0.12925, 721168.0], [0.12924, 736682.0], [0.12923, 771855.0], [0.12922, 719865.0], [0.12921, 605987.0], [0.1292, 762489.0], [0.12919, 905830.0], [0.12918, 552631.0], [0.12917, 544800.0], [0.12916, 490328.0], [0.12915, 518901.0], [0.12914, 741270.0], [0.12913, 1352528.0], [0.12912, 955492.0], [0.12911, 602510.0], [0.1291, 460257.0], [0.12909, 1343222.0], [0.12908, 506071.0]], "asks": [[0.12928, 4727.0], [0.12929, 87936.0], [0.1293, 138425.0], [0.12931, 264139.0], [0.12932, 498381.0], [0.12933, 554028.0], [0.12934, 724792.0], [0.12935, 618168.0], [0.12936, 622694.0], [0.12937, 336490.0], [0.12938, 1026027.0], [0.12939, 371780.0], [0.1294, 408136.0], [0.12941, 337388.0], [0.12942, 539125.0], [0.12943, 834186.0], [0.12944, 652374.0], [0.12945, 1007176.0], [0.12946, 1082028.0], [0.12947, 2188445.0]], "timestamp": "2025-12-16T10:24:49.868777+00:00"}, {"symbol": "DOGEUSDT", "bids": [[0.12924, 173333.0], [0.12923, 185808.0], [0.12922, 391048.0], [0.12921, 613694.0], [0.1292, 813842.0], [0.12919, 551609.0], [0.12918, 470125.0], [0.12917, 586420.0], [0.12916, 1018570.0], [0.12915, 396505.0], [0.12914, 707779.0], [0.12913, 620846.0], [0.12912, 869263.0], [0.12911, 594447.0], [0.1291, 998444.0], [0.12909, 1342937.0], [0.12908, 527420.0], [0.12907, 459307.0], [0.12906, 705380.0], [0.12905, 2802737.0]], "asks": [[0.12925, 180559.0], [0.12926, 276618.0], [0.12927, 276976.0], [0.12928, 407684.0], [0.12929, 724686.0], [0.1293, 948477.0], [0.12931, 650427.0], [0.12932, 698789.0], [0.12933, 636811.0], [0.12934, 1554258.0], [0.12935, 374099.0], [0.12936, 516210.0], [0.12937, 359139.0], [0.12938, 366957.0], [0.12939, 635473.0], [0.1294, 281877.0], [0.12941, 332694.0], [0.12942, 457173.0], [0.12943, 602801.0], [0.12944, 547295.0]], "timestamp": "2025-12-16T10:25:41.571152+00:00"}, {"symbol": "DOGEUSDT", "bids": [[0.12933, 201424.0], [0.12932, 312011.0], [0.12931, 430070.0], [0.1293, 504197.0], [0.12929, 1015401.0], [0.12928, 724288.0], [0.12927, 760067.0], [0.12926, 1029604.0], [0.12925, 1280477.0], [0.12924, 683580.0], [0.12923, 453859.0], [0.12922, 236180.0], [0.12921, 316378.0], [0.1292, 466310.0], [0.12919, 695924.0], [0.12918, 602647.0], [0.12917, 393418.0], [0.12916, 586901.0], [0.12915, 623450.0], [0.12914, 592389.0]], "asks": [[0.12934, 108638.0], [0.12935, 103676.0], [0.12936, 289560.0], [0.12937, 245304.0], [0.12938, 694799.0], [0.12939, 938580.0], [0.1294, 792713.0], [0.12941, 501152.0], [0.12942, 650052.0], [0.12943, 1378371.0], [0.12944, 584451.0], [0.12945, 381270.0], [0.12946, 482038.0], [0.12947, 453118.0], [0.12948, 377491.0], [0.12949, 236736.0], [0.1295, 662967.0], [0.12951, 380362.0], [0.12952, 776346.0], [0.12953, 1255413.0]], "timestamp": "2025-12-16T10:26:33.795398+00:00"}, {"symbol": "DOGEUSDT", "bids": [[0.12928, 37868.0], [0.12927, 101140.0], [0.12926, 398523.0], [0.12925, 757412.0], [0.12924, 790899.0], [0.12923, 616870.0], [0.12922, 490177.0], [0.12921, 644516.0], [0.1292, 1215346.0], [0.12919, 276506.0], [0.12918, 275123.0], [0.12917, 447175.0], [0.12916, 548262.0], [0.12915, 503721.0], [0.12914, 673205.0], [0.12913, 1203180.0], [0.12912, 836869.0], [0.12911, 2048083.0], [0.1291, 517290.0], [0.12909, 762950.0]], "asks": [[0.12929, 299475.0], [0.1293, 279587.0], [0.12931, 498506.0], [0.12932, 416179.0], [0.12933, 643478.0], [0.12934, 842282.0], [0.12935, 2208412.0], [0.12936, 572324.0], [0.12937, 648213.0], [0.12938, 517885.0], [0.12939, 1490841.0], [0.1294, 423115.0], [0.12941, 376179.0], [0.12942, 414367.0], [0.12943, 650292.0], [0.12944, 718196.0], [0.12945, 219921.0], [0.12946, 286980.0], [0.12947, 357801.0], [0.12948, 661456.0]], "timestamp": "2025-12-16T10:27:25.316481+00:00"}, {"symbol": "DOGEUSDT", "bids": [[0.12927, 94555.0], [0.12926, 230111.0], [0.12925, 702135.0], [0.12924, 444232.0], [0.12923, 579956.0], [0.12922, 513153.0], [0.12921, 881945.0], [0.1292, 639413.0], [0.12919, 880572.0], [0.12918, 363675.0], [0.12917, 610093.0], [0.12916, 452048.0], [0.12915, 469838.0], [0.12914, 586490.0], [0.12913, 767117.0], [0.12912, 694723.0], [0.12911, 1113396.0], [0.1291, 494103.0], [0.12909, 926700.0], [0.12908, 2466113.0]], "asks": [[0.12928, 268975.0], [0.12929, 528081.0], [0.1293, 261125.0], [0.12931, 417588.0], [0.12932, 849686.0], [0.12933, 635487.0], [0.12934, 983625.0], [0.12935, 2205042.0], [0.12936, 667808.0], [0.12937, 515499.0], [0.12938, 1278954.0], [0.12939, 400833.0], [0.1294, 398835.0], [0.12941, 353762.0], [0.12942, 662452.0], [0.12943, 753781.0], [0.12944, 307858.0], [0.12945, 497821.0], [0.12946, 305301.0], [0.12947, 386893.0]], "timestamp": "2025-12-16T10:28:17.103101+00:00"}, {"symbol": "DOGEUSDT", "bids": [[0.12916, 202538.0], [0.12915, 293368.0], [0.12914, 378416.0], [0.12913, 430055.0], [0.12912, 1111287.0], [0.12911, 826977.0], [0.1291, 620411.0], [0.12909, 756673.0], [0.12908, 1165867.0], [0.12907, 455738.0], [0.12906, 432620.0], [0.12905, 634943.0], [0.12904, 692777.0], [0.12903, 365309.0], [0.12902, 665750.0], [0.12901, 373021.0], [0.129, 1025492.0], [0.12899, 339507.0], [0.12898, 392793.0], [0.12897, 637453.0]], "asks": [[0.12917, 34524.0], [0.12918, 155006.0], [0.12919, 200044.0], [0.1292, 402427.0], [0.12921, 747078.0], [0.12922, 558691.0], [0.12923, 606986.0], [0.12924, 495856.0], [0.12925, 852854.0], [0.12926, 538448.0], [0.12927, 1073109.0], [0.12928, 406965.0], [0.12929, 547121.0], [0.1293, 654825.0], [0.12931, 194265.0], [0.12932, 335260.0], [0.12933, 761818.0], [0.12934, 1277001.0], [0.12935, 559599.0], [0.12936, 1533329.0]], "timestamp": "2025-12-16T10:29:09.507158+00:00"}, {"symbol": "DOGEUSDT", "bids": [[0.12919, 365607.0], [0.12918, 393634.0], [0.12917, 408725.0], [0.12916, 485880.0], [0.12915, 741940.0], [0.12914, 555401.0], [0.12913, 570955.0], [0.12912, 1294947.0], [0.12911, 620955.0], [0.1291, 448999.0], [0.12909, 396513.0], [0.12908, 717974.0], [0.12907, 335624.0], [0.12906, 549071.0], [0.12905, 1110059.0], [0.12904, 946134.0], [0.12903, 693491.0], [0.12902, 648615.0], [0.12901, 300991.0], [0.129, 640948.0]], "asks": [[0.1292, 49640.0], [0.12921, 29180.0], [0.12922, 171257.0], [0.12923, 318423.0], [0.12924, 686670.0], [0.12925, 1005636.0], [0.12926, 498583.0], [0.12927, 660965.0], [0.12928, 397129.0], [0.12929, 1276621.0], [0.1293, 480034.0], [0.12931, 352660.0], [0.12932, 479428.0], [0.12933, 631318.0], [0.12934, 684881.0], [0.12935, 406504.0], [0.12936, 478267.0], [0.12937, 876927.0], [0.12938, 1182476.0], [0.12939, 4222919.0]], "timestamp": "2025-12-16T10:30:02.869991+00:00"}, {"symbol": "DOGEUSDT", "bids": [[0.12918, 118956.0], [0.12917, 120741.0], [0.12916, 267232.0], [0.12915, 524991.0], [0.12914, 705208.0], [0.12913, 544772.0], [0.12912, 669657.0], [0.12911, 377080.0], [0.1291, 336792.0], [0.12909, 833983.0], [0.12908, 705834.0], [0.12907, 467898.0], [0.12906, 710333.0], [0.12905, 1726820.0], [0.12904, 744590.0], [0.12903, 348636.0], [0.12902, 745346.0], [0.12901, 1108950.0], [0.129, 866208.0], [0.12899, 1486586.0]], "asks": [[0.12919, 376818.0], [0.1292, 352317.0], [0.12921, 164840.0], [0.12922, 510697.0], [0.12923, 665567.0], [0.12924, 748541.0], [0.12925, 795683.0], [0.12926, 842489.0], [0.12927, 1217747.0], [0.12928, 724211.0], [0.12929, 392056.0], [0.1293, 672073.0], [0.12931, 338683.0], [0.12932, 361330.0], [0.12933, 262901.0], [0.12934, 647850.0], [0.12935, 428458.0], [0.12936, 374050.0], [0.12937, 360503.0], [0.12938, 599068.0]], "timestamp": "2025-12-16T10:30:55.692373+00:00"}, {"symbol": "DOGEUSDT", "bids": [[0.12923, 281030.0], [0.12922, 322314.0], [0.12921, 497066.0], [0.1292, 687030.0], [0.12919, 824492.0], [0.12918, 737788.0], [0.12917, 574905.0], [0.12916, 627768.0], [0.12915, 490844.0], [0.12914, 959936.0], [0.12913, 389041.0], [0.12912, 420651.0], [0.12911, 241271.0], [0.1291, 363519.0], [0.12909, 458142.0], [0.12908, 967486.0], [0.12907, 493662.0], [0.12906, 1150782.0], [0.12905, 2174338.0], [0.12904, 585701.0]], "asks": [[0.12924, 3423.0], [0.12925, 84805.0], [0.12926, 194369.0], [0.12927, 207478.0], [0.12928, 929070.0], [0.12929, 697202.0], [0.1293, 636936.0], [0.12931, 482044.0], [0.12932, 657211.0], [0.12933, 1428814.0], [0.12934, 609532.0], [0.12935, 312917.0], [0.12936, 508144.0], [0.12937, 429011.0], [0.12938, 564577.0], [0.12939, 491492.0], [0.1294, 610850.0], [0.12941, 217301.0], [0.12942, 440835.0], [0.12943, 660224.0]], "timestamp": "2025-12-16T10:31:48.653182+00:00"}, {"symbol": "DOGEUSDT", "bids": [[0.12931, 573671.0], [0.1293, 670891.0], [0.12929, 554791.0], [0.12928, 690620.0], [0.12927, 854145.0], [0.12926, 856212.0], [0.12925, 680433.0], [0.12924, 719133.0], [0.12923, 643107.0], [0.12922, 354445.0], [0.12921, 788127.0], [0.1292, 536211.0], [0.12919, 336696.0], [0.12918, 601446.0], [0.12917, 410619.0], [0.12916, 941920.0], [0.12915, 617207.0], [0.12914, 347243.0], [0.12913, 289785.0], [0.12912, 536334.0]], "asks": [[0.12932, 28430.0], [0.12933, 44858.0], [0.12934, 126824.0], [0.12935, 213696.0], [0.12936, 785208.0], [0.12937, 923235.0], [0.12938, 432319.0], [0.12939, 752246.0], [0.1294, 616347.0], [0.12941, 497224.0], [0.12942, 1387777.0], [0.12943, 341453.0], [0.12944, 437151.0], [0.12945, 641152.0], [0.12946, 529212.0], [0.12947, 434866.0], [0.12948, 1174630.0], [0.12949, 359788.0], [0.1295, 614032.0], [0.12951, 2531100.0]], "timestamp": "2025-12-16T10:32:41.275009+00:00"}, {"symbol": "DOGEUSDT", "bids": [[0.12931, 83539.0], [0.1293, 176219.0], [0.12929, 265352.0], [0.12928, 358760.0], [0.12927, 875689.0], [0.12926, 901789.0], [0.12925, 883112.0], [0.12924, 664911.0], [0.12923, 507703.0], [0.12922, 978446.0], [0.12921, 511009.0], [0.1292, 577558.0], [0.12919, 352333.0], [0.12918, 603055.0], [0.12917, 690964.0], [0.12916, 975311.0], [0.12915, 477648.0], [0.12914, 463512.0], [0.12913, 546994.0], [0.12912, 1232389.0]], "asks": [[0.12932, 215191.0], [0.12933, 156815.0], [0.12934, 256922.0], [0.12935, 334433.0], [0.12936, 805743.0], [0.12937, 936709.0], [0.12938, 533302.0], [0.12939, 927350.0], [0.1294, 544330.0], [0.12941, 1230854.0], [0.12942, 621363.0], [0.12943, 346094.0], [0.12944, 439738.0], [0.12945, 419179.0], [0.12946, 802097.0], [0.12947, 306226.0], [0.12948, 291107.0], [0.12949, 454950.0], [0.1295, 860211.0], [0.12951, 1446454.0]], "timestamp": "2025-12-16T10:33:33.775345+00:00"}, {"symbol": "DOGEUSDT", "bids": [[0.12935, 170049.0], [0.12934, 220566.0], [0.12933, 331016.0], [0.12932, 539319.0], [0.12931, 865667.0], [0.1293, 540863.0], [0.12929, 620682.0], [0.12928, 686880.0], [0.12927, 953284.0], [0.12926, 500676.0], [0.12925, 433626.0], [0.12924, 483693.0], [0.12923, 479999.0], [0.12922, 553073.0], [0.12921, 756820.0], [0.1292, 678462.0], [0.12919, 811023.0], [0.12918, 698012.0], [0.12917, 808875.0], [0.12916, 1343173.0]], "asks": [[0.12936, 95273.0], [0.12937, 165615.0], [0.12938, 319743.0], [0.12939, 422743.0], [0.1294, 816365.0], [0.12941, 750272.0], [0.12942, 645229.0], [0.12943, 585805.0], [0.12944, 873297.0], [0.12945, 1517673.0], [0.12946, 446619.0], [0.12947, 364311.0], [0.12948, 383410.0], [0.12949, 463336.0], [0.1295, 686868.0], [0.12951, 630843.0], [0.12952, 657628.0], [0.12953, 766108.0], [0.12954, 496412.0], [0.12955, 1220578.0]], "timestamp": "2025-12-16T10:34:26.617019+00:00"}, {"symbol": "DOGEUSDT", "bids": [[0.12947, 378257.0], [0.12946, 332454.0], [0.12945, 522847.0], [0.12944, 507252.0], [0.12943, 1043329.0], [0.12942, 751004.0], [0.12941, 589791.0], [0.1294, 613017.0], [0.12939, 1175653.0], [0.12938, 898480.0], [0.12937, 553461.0], [0.12936, 641745.0], [0.12935, 480519.0], [0.12934, 342636.0], [0.12933, 372453.0], [0.12932, 992174.0], [0.12931, 502377.0], [0.1293, 426335.0], [0.12929, 896473.0], [0.12928, 893089.0]], "asks": [[0.12948, 154412.0], [0.12949, 104613.0], [0.1295, 367573.0], [0.12951, 272193.0], [0.12952, 746365.0], [0.12953, 858498.0], [0.12954, 692632.0], [0.12955, 624988.0], [0.12956, 714640.0], [0.12957, 1170201.0], [0.12958, 528255.0], [0.12959, 392804.0], [0.1296, 728474.0], [0.12961, 676797.0], [0.12962, 1246162.0], [0.12963, 740152.0], [0.12964, 1627217.0], [0.12965, 325707.0], [0.12966, 730345.0], [0.12967, 2075271.0]], "timestamp": "2025-12-16T10:35:19.539059+00:00"}, {"symbol": "DOGEUSDT", "bids": [[0.1295, 176804.0], [0.12949, 412906.0], [0.12948, 615431.0], [0.12947, 600453.0], [0.12946, 749753.0], [0.12945, 618588.0], [0.12944, 851905.0], [0.12943, 926077.0], [0.12942, 551791.0], [0.12941, 1004466.0], [0.1294, 485087.0], [0.12939, 580039.0], [0.12938, 290079.0], [0.12937, 393331.0], [0.12936, 801914.0], [0.12935, 1108161.0], [0.12934, 427016.0], [0.12933, 472080.0], [0.12932, 1843381.0], [0.12931, 669655.0]], "asks": [[0.12951, 127543.0], [0.12952, 190827.0], [0.12953, 229383.0], [0.12954, 235670.0], [0.12955, 658381.0], [0.12956, 777858.0], [0.12957, 808544.0], [0.12958, 689360.0], [0.12959, 566238.0], [0.1296, 1531365.0], [0.12961, 470274.0], [0.12962, 559085.0], [0.12963, 784127.0], [0.12964, 563508.0], [0.12965, 335877.0], [0.12966, 391443.0], [0.12967, 706715.0], [0.12968, 620638.0], [0.12969, 800619.0], [0.1297, 1432142.0]], "timestamp": "2025-12-16T10:36:11.681392+00:00"}, {"symbol": "DOGEUSDT", "bids": [[0.12973, 65243.0], [0.12972, 156418.0], [0.12971, 453599.0], [0.1297, 301341.0], [0.12969, 543167.0], [0.12968, 889819.0], [0.12967, 825849.0], [0.12966, 449948.0], [0.12965, 406053.0], [0.12964, 896906.0], [0.12963, 437868.0], [0.12962, 388712.0], [0.12961, 429713.0], [0.1296, 1041334.0], [0.12959, 515476.0], [0.12958, 364215.0], [0.12957, 1225569.0], [0.12956, 893622.0], [0.12955, 1322940.0], [0.12954, 895059.0]], "asks": [[0.12974, 282214.0], [0.12975, 405063.0], [0.12976, 615347.0], [0.12977, 574607.0], [0.12978, 1016287.0], [0.12979, 661766.0], [0.1298, 1466534.0], [0.12981, 509859.0], [0.12982, 690075.0], [0.12983, 1706627.0], [0.12984, 555383.0], [0.12985, 1292971.0], [0.12986, 280378.0], [0.12987, 441292.0], [0.12988, 400721.0], [0.12989, 796175.0], [0.1299, 2122415.0], [0.12991, 726772.0], [0.12992, 441654.0], [0.12993, 758913.0]], "timestamp": "2025-12-16T10:37:04.180686+00:00"}, {"symbol": "DOGEUSDT", "bids": [[0.12964, 46778.0], [0.12963, 189921.0], [0.12962, 306234.0], [0.12961, 454041.0], [0.1296, 956763.0], [0.12959, 544042.0], [0.12958, 541943.0], [0.12957, 626396.0], [0.12956, 460552.0], [0.12955, 820203.0], [0.12954, 491349.0], [0.12953, 381286.0], [0.12952, 502033.0], [0.12951, 491155.0], [0.1295, 711896.0], [0.12949, 375547.0], [0.12948, 843119.0], [0.12947, 340924.0], [0.12946, 483937.0], [0.12945, 667827.0]], "asks": [[0.12965, 194808.0], [0.12966, 276457.0], [0.12967, 421511.0], [0.12968, 396611.0], [0.12969, 585681.0], [0.1297, 626401.0], [0.12971, 892235.0], [0.12972, 782077.0], [0.12973, 693075.0], [0.12974, 1198934.0], [0.12975, 642794.0], [0.12976, 436392.0], [0.12977, 501547.0], [0.12978, 485160.0], [0.12979, 533673.0], [0.1298, 1626818.0], [0.12981, 532992.0], [0.12982, 270837.0], [0.12983, 477208.0], [0.12984, 1125084.0]], "timestamp": "2025-12-16T10:37:56.512577+00:00"}, {"symbol": "DOGEUSDT", "bids": [[0.12969, 322734.0], [0.12968, 335613.0], [0.12967, 158180.0], [0.12966, 468855.0], [0.12965, 733923.0], [0.12964, 978025.0], [0.12963, 575248.0], [0.12962, 646707.0], [0.12961, 667470.0], [0.1296, 1096121.0], [0.12959, 310824.0], [0.12958, 434667.0], [0.12957, 296802.0], [0.12956, 390569.0], [0.12955, 315018.0], [0.12954, 502251.0], [0.12953, 1104263.0], [0.12952, 496451.0], [0.12951, 357952.0], [0.1295, 377395.0]], "asks": [[0.1297, 42623.0], [0.12971, 175887.0], [0.12972, 298536.0], [0.12973, 391443.0], [0.12974, 638541.0], [0.12975, 677150.0], [0.12976, 980775.0], [0.12977, 583255.0], [0.12978, 494180.0], [0.12979, 628935.0], [0.1298, 2482999.0], [0.12981, 291877.0], [0.12982, 309502.0], [0.12983, 481384.0], [0.12984, 981287.0], [0.12985, 2077063.0], [0.12986, 233561.0], [0.12987, 286852.0], [0.12988, 321269.0], [0.12989, 812332.0]], "timestamp": "2025-12-16T10:38:49.252491+00:00"}, {"symbol": "DOGEUSDT", "bids": [[0.13, 171402.0], [0.12999, 232389.0], [0.12998, 371019.0], [0.12997, 482689.0], [0.12996, 833070.0], [0.12995, 812370.0], [0.12994, 532665.0], [0.12993, 468933.0], [0.12992, 688814.0], [0.12991, 1238297.0], [0.1299, 481216.0], [0.12989, 333103.0], [0.12988, 632091.0], [0.12987, 423331.0], [0.12986, 373456.0], [0.12985, 1029768.0], [0.12984, 332210.0], [0.12983, 849493.0], [0.12982, 598450.0], [0.12981, 332777.0]], "asks": [[0.13001, 97477.0], [0.13002, 46170.0], [0.13003, 238870.0], [0.13004, 493772.0], [0.13005, 776003.0], [0.13006, 510756.0], [0.13007, 610801.0], [0.13008, 727610.0], [0.13009, 685587.0], [0.1301, 355860.0], [0.13011, 409579.0], [0.13012, 428265.0], [0.13013, 324312.0], [0.13014, 289044.0], [0.13015, 342100.0], [0.13016, 329408.0], [0.13017, 691697.0], [0.13018, 1074185.0], [0.13019, 412292.0], [0.1302, 252876.0]], "timestamp": "2025-12-16T10:39:42.161168+00:00"}, {"symbol": "DOGEUSDT", "bids": [[0.13026, 232339.0], [0.13025, 320319.0], [0.13024, 99569.0], [0.13023, 349507.0], [0.13022, 781183.0], [0.13021, 355820.0], [0.1302, 645567.0], [0.13019, 534564.0], [0.13018, 709611.0], [0.13017, 957083.0], [0.13016, 562035.0], [0.13015, 518737.0], [0.13014, 392087.0], [0.13013, 291446.0], [0.13012, 501663.0], [0.13011, 432549.0], [0.1301, 1160067.0], [0.13009, 702251.0], [0.13008, 286275.0], [0.13007, 285950.0]], "asks": [[0.13027, 126813.0], [0.13028, 320303.0], [0.13029, 505846.0], [0.1303, 700614.0], [0.13031, 991606.0], [0.13032, 796957.0], [0.13033, 609574.0], [0.13034, 735860.0], [0.13035, 373192.0], [0.13036, 673632.0], [0.13037, 1552397.0], [0.13038, 693890.0], [0.13039, 413250.0], [0.1304, 569322.0], [0.13041, 637812.0], [0.13042, 559225.0], [0.13043, 837425.0], [0.13044, 387091.0], [0.13045, 657307.0], [0.13046, 645740.0]], "timestamp": "2025-12-16T10:40:33.758568+00:00"}, {"symbol": "DOGEUSDT", "bids": [[0.13028, 85785.0], [0.13027, 110732.0], [0.13026, 208609.0], [0.13025, 320306.0], [0.13024, 552273.0], [0.13023, 560917.0], [0.13022, 726212.0], [0.13021, 750436.0], [0.1302, 509631.0], [0.13019, 1067603.0], [0.13018, 487180.0], [0.13017, 217755.0], [0.13016, 419678.0], [0.13015, 317931.0], [0.13014, 574781.0], [0.13013, 717538.0], [0.13012, 450186.0], [0.13011, 856498.0], [0.1301, 646833.0], [0.13009, 759825.0]], "asks": [[0.13029, 129001.0], [0.1303, 404517.0], [0.13031, 390397.0], [0.13032, 595374.0], [0.13033, 1015804.0], [0.13034, 848132.0], [0.13035, 913761.0], [0.13036, 950535.0], [0.13037, 917973.0], [0.13038, 848751.0], [0.13039, 1737891.0], [0.1304, 544936.0], [0.13041, 448552.0], [0.13042, 546044.0], [0.13043, 447376.0], [0.13044, 932358.0], [0.13045, 596326.0], [0.13046, 849369.0], [0.13047, 873796.0], [0.13048, 2828551.0]], "timestamp": "2025-12-16T10:41:26.060472+00:00"}, {"symbol": "DOGEUSDT", "bids": [[0.13069, 133962.0], [0.13068, 261791.0], [0.13067, 373774.0], [0.13066, 351361.0], [0.13065, 718482.0], [0.13064, 662842.0], [0.13063, 577562.0], [0.13062, 703962.0], [0.13061, 581252.0], [0.1306, 1094140.0], [0.13059, 520451.0], [0.13058, 592670.0], [0.13057, 432750.0], [0.13056, 455166.0], [0.13055, 468010.0], [0.13054, 1156209.0], [0.13053, 470407.0], [0.13052, 838491.0], [0.13051, 557577.0], [0.1305, 532563.0]], "asks": [[0.1307, 154131.0], [0.13071, 220716.0], [0.13072, 503018.0], [0.13073, 440225.0], [0.13074, 441773.0], [0.13075, 660733.0], [0.13076, 776558.0], [0.13077, 698130.0], [0.13078, 694833.0], [0.13079, 554270.0], [0.1308, 1418310.0], [0.13081, 460491.0], [0.13082, 696299.0], [0.13083, 382316.0], [0.13084, 585103.0], [0.13085, 342608.0], [0.13086, 357946.0], [0.13087, 549899.0], [0.13088, 435040.0], [0.13089, 340393.0]], "timestamp": "2025-12-16T10:42:17.846464+00:00"}, {"symbol": "DOGEUSDT", "bids": [[0.13085, 243202.0], [0.13084, 259743.0], [0.13083, 525712.0], [0.13082, 551576.0], [0.13081, 1211117.0], [0.1308, 1422385.0], [0.13079, 1511925.0], [0.13078, 540511.0], [0.13077, 437126.0], [0.13076, 1149913.0], [0.13075, 701513.0], [0.13074, 313469.0], [0.13073, 469220.0], [0.13072, 798916.0], [0.13071, 380905.0], [0.1307, 392392.0], [0.13069, 511564.0], [0.13068, 1329433.0], [0.13067, 408221.0], [0.13066, 467841.0]], "asks": [[0.13086, 27275.0], [0.13087, 411802.0], [0.13088, 291731.0], [0.13089, 164237.0], [0.1309, 408474.0], [0.13091, 520455.0], [0.13092, 631900.0], [0.13093, 570516.0], [0.13094, 749869.0], [0.13095, 674510.0], [0.13096, 1292827.0], [0.13097, 517005.0], [0.13098, 510905.0], [0.13099, 392099.0], [0.131, 1346618.0], [0.13101, 987612.0], [0.13102, 418154.0], [0.13103, 389425.0], [0.13104, 898520.0], [0.13105, 401329.0]], "timestamp": "2025-12-16T10:43:09.423260+00:00"}, {"symbol": "DOGEUSDT", "bids": [[0.13116, 108480.0], [0.13115, 34942.0], [0.13114, 329011.0], [0.13113, 813903.0], [0.13112, 713089.0], [0.13111, 404249.0], [0.1311, 342891.0], [0.13109, 352259.0], [0.13108, 511504.0], [0.13107, 1427719.0], [0.13106, 355601.0], [0.13105, 453594.0], [0.13104, 1014027.0], [0.13103, 451772.0], [0.13102, 521621.0], [0.13101, 321625.0], [0.131, 447311.0], [0.13099, 587266.0], [0.13098, 1127825.0], [0.13097, 586811.0]], "asks": [[0.13117, 183506.0], [0.13118, 295243.0], [0.13119, 460273.0], [0.1312, 512208.0], [0.13121, 714206.0], [0.13122, 864557.0], [0.13123, 624154.0], [0.13124, 700010.0], [0.13125, 364516.0], [0.13126, 438100.0], [0.13127, 732831.0], [0.13128, 521881.0], [0.13129, 1318312.0], [0.1313, 536910.0], [0.13131, 532270.0], [0.13132, 754891.0], [0.13133, 2072340.0], [0.13134, 898299.0], [0.13135, 514253.0], [0.13136, 306979.0]], "timestamp": "2025-12-16T10:44:02.015167+00:00"}, {"symbol": "DOGEUSDT", "bids": [[0.13091, 11161.0], [0.1309, 105799.0], [0.13089, 259085.0], [0.13088, 239615.0], [0.13087, 420940.0], [0.13086, 665541.0], [0.13085, 647602.0], [0.13084, 653612.0], [0.13083, 517062.0], [0.13082, 492694.0], [0.13081, 467971.0], [0.1308, 962739.0], [0.13079, 1140773.0], [0.13078, 291988.0], [0.13077, 263960.0], [0.13076, 638399.0], [0.13075, 823856.0], [0.13074, 266418.0], [0.13073, 565337.0], [0.13072, 1807072.0]], "asks": [[0.13092, 262855.0], [0.13093, 288115.0], [0.13094, 370932.0], [0.13095, 513213.0], [0.13096, 507859.0], [0.13097, 811409.0], [0.13098, 518171.0], [0.13099, 602701.0], [0.131, 1260733.0], [0.13101, 490553.0], [0.13102, 286247.0], [0.13103, 633912.0], [0.13104, 233847.0], [0.13105, 327182.0], [0.13106, 699293.0], [0.13107, 598837.0], [0.13108, 456352.0], [0.13109, 1026465.0], [0.1311, 304408.0], [0.13111, 951428.0]], "timestamp": "2025-12-16T10:44:55.086265+00:00"}, {"symbol": "DOGEUSDT", "bids": [[0.13092, 292978.0], [0.13091, 150997.0], [0.1309, 349408.0], [0.13089, 702468.0], [0.13088, 549417.0], [0.13087, 654117.0], [0.13086, 638771.0], [0.13085, 1228565.0], [0.13084, 459897.0], [0.13083, 641763.0], [0.13082, 307789.0], [0.13081, 296783.0], [0.1308, 645670.0], [0.13079, 1275416.0], [0.13078, 441597.0], [0.13077, 630814.0], [0.13076, 927532.0], [0.13075, 335742.0], [0.13074, 250645.0], [0.13073, 399142.0]], "asks": [[0.13093, 3206.0], [0.13094, 68517.0], [0.13095, 132344.0], [0.13096, 254532.0], [0.13097, 283008.0], [0.13098, 647762.0], [0.13099, 596218.0], [0.131, 844699.0], [0.13101, 759060.0], [0.13102, 520507.0], [0.13103, 484367.0], [0.13104, 1316017.0], [0.13105, 576038.0], [0.13106, 671516.0], [0.13107, 436883.0], [0.13108, 622989.0], [0.13109, 349064.0], [0.1311, 626597.0], [0.13111, 490240.0], [0.13112, 1442186.0]], "timestamp": "2025-12-16T10:45:47.811666+00:00"}, {"symbol": "DOGEUSDT", "bids": [[0.1314, 74359.0], [0.13139, 235937.0], [0.13138, 382161.0], [0.13137, 399982.0], [0.13136, 593136.0], [0.13135, 862395.0], [0.13134, 647003.0], [0.13133, 508690.0], [0.13132, 1575888.0], [0.13131, 750755.0], [0.1313, 311256.0], [0.13129, 316111.0], [0.13128, 339660.0], [0.13127, 373794.0], [0.13126, 527287.0], [0.13125, 860565.0], [0.13124, 979238.0], [0.13123, 463436.0], [0.13122, 493021.0], [0.13121, 337829.0]], "asks": [[0.13141, 254016.0], [0.13142, 268114.0], [0.13143, 271502.0], [0.13144, 782430.0], [0.13145, 499761.0], [0.13146, 767292.0], [0.13147, 822932.0], [0.13148, 551561.0], [0.13149, 607025.0], [0.1315, 942399.0], [0.13151, 422797.0], [0.13152, 462640.0], [0.13153, 997124.0], [0.13154, 1825193.0], [0.13155, 436853.0], [0.13156, 361673.0], [0.13157, 562135.0], [0.13158, 300220.0], [0.13159, 578148.0], [0.1316, 405871.0]], "timestamp": "2025-12-16T10:46:40.561158+00:00"}, {"symbol": "DOGEUSDT", "bids": [[0.13124, 73714.0], [0.13123, 154344.0], [0.13122, 331921.0], [0.13121, 465082.0], [0.1312, 662595.0], [0.13119, 830863.0], [0.13118, 1044405.0], [0.13117, 472041.0], [0.13116, 463723.0], [0.13115, 1153373.0], [0.13114, 507326.0], [0.13113, 259595.0], [0.13112, 421064.0], [0.13111, 474742.0], [0.1311, 594840.0], [0.13109, 240653.0], [0.13108, 818226.0], [0.13107, 347934.0], [0.13106, 451044.0], [0.13105, 372964.0]], "asks": [[0.13125, 175899.0], [0.13126, 347341.0], [0.13127, 324583.0], [0.13128, 470290.0], [0.13129, 616445.0], [0.1313, 844124.0], [0.13131, 1044825.0], [0.13132, 639106.0], [0.13133, 525934.0], [0.13134, 1456193.0], [0.13135, 315201.0], [0.13136, 591238.0], [0.13137, 302904.0], [0.13138, 688640.0], [0.13139, 497406.0], [0.1314, 584120.0], [0.13141, 272554.0], [0.13142, 601928.0], [0.13143, 798336.0], [0.13144, 812198.0]], "timestamp": "2025-12-16T10:47:32.320426+00:00"}, {"symbol": "DOGEUSDT", "bids": [[0.13084, 22985.0], [0.13083, 14572.0], [0.13082, 259536.0], [0.13081, 368422.0], [0.1308, 1037858.0], [0.13079, 1522994.0], [0.13078, 439911.0], [0.13077, 698289.0], [0.13076, 610937.0], [0.13075, 494881.0], [0.13074, 1086953.0], [0.13073, 316935.0], [0.13072, 384702.0], [0.13071, 408221.0], [0.1307, 353610.0], [0.13069, 965805.0], [0.13068, 1144650.0], [0.13067, 595947.0], [0.13066, 248787.0], [0.13065, 596914.0]], "asks": [[0.13085, 370406.0], [0.13086, 390480.0], [0.13087, 303594.0], [0.13088, 410265.0], [0.13089, 855446.0], [0.1309, 841162.0], [0.13091, 530823.0], [0.13092, 671340.0], [0.13093, 624153.0], [0.13094, 1422699.0], [0.13095, 459122.0], [0.13096, 428342.0], [0.13097, 686660.0], [0.13098, 748754.0], [0.13099, 356793.0], [0.131, 446845.0], [0.13101, 659080.0], [0.13102, 298407.0], [0.13103, 348468.0], [0.13104, 331999.0]], "timestamp": "2025-12-16T10:48:24.782181+00:00"}, {"symbol": "DOGEUSDT", "bids": [[0.13066, 32825.0], [0.13065, 53312.0], [0.13064, 94990.0], [0.13063, 176857.0], [0.13062, 478942.0], [0.13061, 824561.0], [0.1306, 847488.0], [0.13059, 320769.0], [0.13058, 662550.0], [0.13057, 623694.0], [0.13056, 1126429.0], [0.13055, 340588.0], [0.13054, 632367.0], [0.13053, 377242.0], [0.13052, 593039.0], [0.13051, 246623.0], [0.1305, 348166.0], [0.13049, 702722.0], [0.13048, 3012063.0], [0.13047, 408025.0]], "asks": [[0.13067, 458963.0], [0.13068, 545265.0], [0.13069, 369803.0], [0.1307, 488014.0], [0.13071, 687456.0], [0.13072, 1266527.0], [0.13073, 726186.0], [0.13074, 829010.0], [0.13075, 1432183.0], [0.13076, 515361.0], [0.13077, 507012.0], [0.13078, 456389.0], [0.13079, 540478.0], [0.1308, 516839.0], [0.13081, 341875.0], [0.13082, 500355.0], [0.13083, 839663.0], [0.13084, 196322.0], [0.13085, 306655.0], [0.13086, 371241.0]], "timestamp": "2025-12-16T10:49:16.668756+00:00"}, {"symbol": "DOGEUSDT", "bids": [[0.13075, 251280.0], [0.13074, 176771.0], [0.13073, 246832.0], [0.13072, 346977.0], [0.13071, 441266.0], [0.1307, 553192.0], [0.13069, 961211.0], [0.13068, 623882.0], [0.13067, 601540.0], [0.13066, 1201772.0], [0.13065, 520132.0], [0.13064, 399739.0], [0.13063, 483819.0], [0.13062, 339341.0], [0.13061, 761509.0], [0.1306, 465153.0], [0.13059, 1018095.0], [0.13058, 416496.0], [0.13057, 660032.0], [0.13056, 678104.0]], "asks": [[0.13076, 2111.0], [0.13077, 78012.0], [0.13078, 287912.0], [0.13079, 628302.0], [0.1308, 1654702.0], [0.13081, 720690.0], [0.13082, 736547.0], [0.13083, 985124.0], [0.13084, 460368.0], [0.13085, 1435649.0], [0.13086, 500707.0], [0.13087, 337945.0], [0.13088, 729243.0], [0.13089, 1097327.0], [0.1309, 539790.0], [0.13091, 1143469.0], [0.13092, 335446.0], [0.13093, 303600.0], [0.13094, 575857.0], [0.13095, 1540186.0]], "timestamp": "2025-12-16T10:50:08.999935+00:00"}, {"symbol": "DOGEUSDT", "bids": [[0.13069, 115933.0], [0.13068, 149265.0], [0.13067, 391545.0], [0.13066, 423789.0], [0.13065, 589828.0], [0.13064, 748413.0], [0.13063, 607922.0], [0.13062, 818817.0], [0.13061, 623263.0], [0.1306, 1431903.0], [0.13059, 634682.0], [0.13058, 594030.0], [0.13057, 351131.0], [0.13056, 536443.0], [0.13055, 554645.0], [0.13054, 376006.0], [0.13053, 519530.0], [0.13052, 1071242.0], [0.13051, 461249.0], [0.1305, 1193870.0]], "asks": [[0.1307, 162386.0], [0.13071, 152856.0], [0.13072, 236859.0], [0.13073, 448917.0], [0.13074, 616661.0], [0.13075, 804409.0], [0.13076, 755831.0], [0.13077, 734741.0], [0.13078, 615694.0], [0.13079, 1567615.0], [0.1308, 1442545.0], [0.13081, 536746.0], [0.13082, 535013.0], [0.13083, 789017.0], [0.13084, 562891.0], [0.13085, 557984.0], [0.13086, 1608818.0], [0.13087, 842586.0], [0.13088, 645274.0], [0.13089, 1548812.0]], "timestamp": "2025-12-16T10:51:02.075002+00:00"}, {"symbol": "DOGEUSDT", "bids": [[0.13052, 57308.0], [0.13051, 40046.0], [0.1305, 274133.0], [0.13049, 289788.0], [0.13048, 626701.0], [0.13047, 759588.0], [0.13046, 782977.0], [0.13045, 1054132.0], [0.13044, 938638.0], [0.13043, 804679.0], [0.13042, 1330325.0], [0.13041, 815802.0], [0.1304, 631345.0], [0.13039, 706385.0], [0.13038, 1031727.0], [0.13037, 431202.0], [0.13036, 272018.0], [0.13035, 772920.0], [0.13034, 217190.0], [0.13033, 489305.0]], "asks": [[0.13053, 179751.0], [0.13054, 310016.0], [0.13055, 572123.0], [0.13056, 441721.0], [0.13057, 716721.0], [0.13058, 540733.0], [0.13059, 844071.0], [0.1306, 556961.0], [0.13061, 1477015.0], [0.13062, 470004.0], [0.13063, 349719.0], [0.13064, 376454.0], [0.13065, 823874.0], [0.13066, 303276.0], [0.13067, 398033.0], [0.13068, 309019.0], [0.13069, 455727.0], [0.1307, 578694.0], [0.13071, 334915.0], [0.13072, 321037.0]], "timestamp": "2025-12-16T10:51:53.938173+00:00"}, {"symbol": "DOGEUSDT", "bids": [[0.13069, 312291.0], [0.13068, 409024.0], [0.13067, 289515.0], [0.13066, 323805.0], [0.13065, 595438.0], [0.13064, 757777.0], [0.13063, 864683.0], [0.13062, 739941.0], [0.13061, 750661.0], [0.1306, 1373540.0], [0.13059, 459810.0], [0.13058, 361865.0], [0.13057, 498859.0], [0.13056, 602575.0], [0.13055, 1325863.0], [0.13054, 667916.0], [0.13053, 898765.0], [0.13052, 1724018.0], [0.13051, 825798.0], [0.1305, 692199.0]], "asks": [[0.1307, 106983.0], [0.13071, 440286.0], [0.13072, 355056.0], [0.13073, 602034.0], [0.13074, 1006346.0], [0.13075, 1045919.0], [0.13076, 1059571.0], [0.13077, 515444.0], [0.13078, 777425.0], [0.13079, 1668116.0], [0.1308, 1404416.0], [0.13081, 542753.0], [0.13082, 637986.0], [0.13083, 276844.0], [0.13084, 430816.0], [0.13085, 577828.0], [0.13086, 611012.0], [0.13087, 218795.0], [0.13088, 551610.0], [0.13089, 804744.0]], "timestamp": "2025-12-16T10:52:45.516923+00:00"}, {"symbol": "DOGEUSDT", "bids": [[0.13066, 29311.0], [0.13065, 143294.0], [0.13064, 413287.0], [0.13063, 258897.0], [0.13062, 429203.0], [0.13061, 809711.0], [0.1306, 669776.0], [0.13059, 516425.0], [0.13058, 425560.0], [0.13057, 670449.0], [0.13056, 1315448.0], [0.13055, 661895.0], [0.13054, 967834.0], [0.13053, 564953.0], [0.13052, 535846.0], [0.13051, 628393.0], [0.1305, 631811.0], [0.13049, 1175257.0], [0.13048, 582727.0], [0.13047, 1779686.0]], "asks": [[0.13067, 351942.0], [0.13068, 455801.0], [0.13069, 498601.0], [0.1307, 697325.0], [0.13071, 750980.0], [0.13072, 934712.0], [0.13073, 827248.0], [0.13074, 761030.0], [0.13075, 1762787.0], [0.13076, 800557.0], [0.13077, 638425.0], [0.13078, 650641.0], [0.13079, 810439.0], [0.1308, 1475148.0], [0.13081, 391052.0], [0.13082, 664511.0], [0.13083, 336308.0], [0.13084, 527892.0], [0.13085, 331141.0], [0.13086, 392863.0]], "timestamp": "2025-12-16T10:53:38.003077+00:00"}, {"symbol": "DOGEUSDT", "bids": [[0.13084, 181624.0], [0.13083, 308610.0], [0.13082, 755950.0], [0.13081, 472210.0], [0.1308, 1032008.0], [0.13079, 422946.0], [0.13078, 567242.0], [0.13077, 850584.0], [0.13076, 688049.0], [0.13075, 986965.0], [0.13074, 1118952.0], [0.13073, 359991.0], [0.13072, 318707.0], [0.13071, 404808.0], [0.1307, 854252.0], [0.13069, 959233.0], [0.13068, 1164873.0], [0.13067, 395561.0], [0.13066, 491896.0], [0.13065, 1285927.0]], "asks": [[0.13085, 4593.0], [0.13086, 177857.0], [0.13087, 459982.0], [0.13088, 639565.0], [0.13089, 869528.0], [0.1309, 1972760.0], [0.13091, 1287702.0], [0.13092, 899065.0], [0.13093, 500846.0], [0.13094, 724559.0], [0.13095, 1744898.0], [0.13096, 1974874.0], [0.13097, 373018.0], [0.13098, 298866.0], [0.13099, 222109.0], [0.131, 605744.0], [0.13101, 513160.0], [0.13102, 858009.0], [0.13103, 1050494.0], [0.13104, 663943.0]], "timestamp": "2025-12-16T10:54:29.752537+00:00"}, {"symbol": "DOGEUSDT", "bids": [[0.13085, 49618.0], [0.13084, 57455.0], [0.13083, 206350.0], [0.13082, 410881.0], [0.13081, 523103.0], [0.1308, 552496.0], [0.13079, 675173.0], [0.13078, 649654.0], [0.13077, 535345.0], [0.13076, 583404.0], [0.13075, 1140651.0], [0.13074, 588781.0], [0.13073, 437977.0], [0.13072, 431315.0], [0.13071, 931554.0], [0.1307, 792620.0], [0.13069, 1183876.0], [0.13068, 824779.0], [0.13067, 1287614.0], [0.13066, 2321747.0]], "asks": [[0.13086, 730820.0], [0.13087, 487361.0], [0.13088, 660089.0], [0.13089, 867729.0], [0.1309, 1979743.0], [0.13091, 1075364.0], [0.13092, 592881.0], [0.13093, 878687.0], [0.13094, 1196084.0], [0.13095, 1726419.0], [0.13096, 1755795.0], [0.13097, 444566.0], [0.13098, 524903.0], [0.13099, 228972.0], [0.131, 586660.0], [0.13101, 887201.0], [0.13102, 536815.0], [0.13103, 922216.0], [0.13104, 560800.0], [0.13105, 873281.0]], "timestamp": "2025-12-16T10:55:21.838519+00:00"}, {"symbol": "DOGEUSDT", "bids": [[0.13095, 164740.0], [0.13094, 371536.0], [0.13093, 448706.0], [0.13092, 667517.0], [0.13091, 727707.0], [0.1309, 1081932.0], [0.13089, 769945.0], [0.13088, 677871.0], [0.13087, 427515.0], [0.13086, 1089248.0], [0.13085, 1158404.0], [0.13084, 354665.0], [0.13083, 516441.0], [0.13082, 760913.0], [0.13081, 681308.0], [0.1308, 553700.0], [0.13079, 311258.0], [0.13078, 700754.0], [0.13077, 533424.0], [0.13076, 1476480.0]], "asks": [[0.13096, 229431.0], [0.13097, 297852.0], [0.13098, 354323.0], [0.13099, 643280.0], [0.131, 1448845.0], [0.13101, 517305.0], [0.13102, 953219.0], [0.13103, 509569.0], [0.13104, 508824.0], [0.13105, 628499.0], [0.13106, 756960.0], [0.13107, 2220511.0], [0.13108, 375515.0], [0.13109, 418759.0], [0.1311, 358650.0], [0.13111, 657859.0], [0.13112, 334252.0], [0.13113, 344169.0], [0.13114, 878329.0], [0.13115, 1397476.0]], "timestamp": "2025-12-16T10:56:13.328337+00:00"}, {"symbol": "DOGEUSDT", "bids": [[0.1309, 396394.0], [0.13089, 379076.0], [0.13088, 428766.0], [0.13087, 353849.0], [0.13086, 777690.0], [0.13085, 600895.0], [0.13084, 750278.0], [0.13083, 629645.0], [0.13082, 1195937.0], [0.13081, 685048.0], [0.1308, 574457.0], [0.13079, 317157.0], [0.13078, 846664.0], [0.13077, 387373.0], [0.13076, 461548.0], [0.13075, 673152.0], [0.13074, 359429.0], [0.13073, 357570.0], [0.13072, 633033.0], [0.13071, 1251930.0]], "asks": [[0.13091, 6903.0], [0.13092, 285989.0], [0.13093, 542688.0], [0.13094, 530743.0], [0.13095, 800993.0], [0.13096, 745284.0], [0.13097, 712969.0], [0.13098, 665073.0], [0.13099, 548063.0], [0.131, 1875244.0], [0.13101, 481050.0], [0.13102, 1540056.0], [0.13103, 308338.0], [0.13104, 560971.0], [0.13105, 388864.0], [0.13106, 853815.0], [0.13107, 541331.0], [0.13108, 440967.0], [0.13109, 989837.0], [0.1311, 373949.0]], "timestamp": "2025-12-16T10:57:05.727539+00:00"}, {"symbol": "DOGEUSDT", "bids": [[0.13098, 20953.0], [0.13097, 128732.0], [0.13096, 282944.0], [0.13095, 413082.0], [0.13094, 665373.0], [0.13093, 712687.0], [0.13092, 791972.0], [0.13091, 811474.0], [0.1309, 1324589.0], [0.13089, 641996.0], [0.13088, 571822.0], [0.13087, 438429.0], [0.13086, 415302.0], [0.13085, 397194.0], [0.13084, 731663.0], [0.13083, 947442.0], [0.13082, 990981.0], [0.13081, 411492.0], [0.1308, 460847.0], [0.13079, 453868.0]], "asks": [[0.13099, 231235.0], [0.131, 1191547.0], [0.13101, 387978.0], [0.13102, 450814.0], [0.13103, 780374.0], [0.13104, 803189.0], [0.13105, 739436.0], [0.13106, 822178.0], [0.13107, 652653.0], [0.13108, 1218245.0], [0.13109, 634642.0], [0.1311, 306375.0], [0.13111, 438448.0], [0.13112, 815191.0], [0.13113, 287326.0], [0.13114, 427274.0], [0.13115, 487368.0], [0.13116, 446992.0], [0.13117, 420199.0], [0.13118, 1067316.0]], "timestamp": "2025-12-16T10:57:58.773708+00:00"}, {"symbol": "DOGEUSDT", "bids": [[0.13086, 203984.0], [0.13085, 223595.0], [0.13084, 251113.0], [0.13083, 380716.0], [0.13082, 642172.0], [0.13081, 613199.0], [0.1308, 863762.0], [0.13079, 549153.0], [0.13078, 908665.0], [0.13077, 1356017.0], [0.13076, 714609.0], [0.13075, 444866.0], [0.13074, 463337.0], [0.13073, 439363.0], [0.13072, 431310.0], [0.13071, 587344.0], [0.1307, 1134916.0], [0.13069, 1337710.0], [0.13068, 989212.0], [0.13067, 644110.0]], "asks": [[0.13087, 92694.0], [0.13088, 307573.0], [0.13089, 627975.0], [0.1309, 359469.0], [0.13091, 903174.0], [0.13092, 605082.0], [0.13093, 984206.0], [0.13094, 863871.0], [0.13095, 806721.0], [0.13096, 1428770.0], [0.13097, 488873.0], [0.13098, 601531.0], [0.13099, 520158.0], [0.131, 771007.0], [0.13101, 251906.0], [0.13102, 372026.0], [0.13103, 292029.0], [0.13104, 712499.0], [0.13105, 271894.0], [0.13106, 352969.0]], "timestamp": "2025-12-16T10:58:51.675941+00:00"}