[{"id": "980533160", "price": 0.13154, "amount": 74.0, "side": "buy", "timestamp": 1765928570100}, {"id": "980533161", "price": 0.13153, "amount": 106.0, "side": "sell", "timestamp": 1765928570181}, {"id": "980533162", "price": 0.13154, "amount": 433.0, "side": "buy", "timestamp": 1765928572157}, {"id": "980533163", "price": 0.13153, "amount": 106.0, "side": "sell", "timestamp": 1765928573010}, {"id": "980533164", "price": 0.13153, "amount": 106.0, "side": "sell", "timestamp": 1765928576028}, {"id": "980533165", "price": 0.13154, "amount": 42.0, "side": "buy", "timestamp": 1765928576657}, {"id": "980533166", "price": 0.13154, "amount": 1704.0, "side": "buy", "timestamp": 1765928577262}, {"id": "980533167", "price": 0.13154, "amount": 311.0, "side": "buy", "timestamp": 1765928577522}, {"id": "980533168", "price": 0.13154, "amount": 51851.0, "side": "buy", "timestamp": 1765928577963}, {"id": "980533169", "price": 0.13155, "amount": 7671.0, "side": "buy", "timestamp": 1765928577965}, {"id": "980533170", "price": 0.13156, "amount": 42.0, "side": "buy", "timestamp": 1765928578191}, {"id": "980533171", "price": 0.13155, "amount": 42.0, "side": "sell", "timestamp": 1765928578321}, {"id": "980533172", "price": 0.13155, "amount": 106.0, "side": "sell", "timestamp": 1765928579077}, {"id": "980533173", "price": 0.13155, "amount": 2312.0, "side": "sell", "timestamp": 1765928579767}, {"id": "980533174", "price": 0.13155, "amount": 73947.0, "side": "sell", "timestamp": 1765928580618}, {"id": "980533175", "price": 0.13154, "amount": 50576.0, "side": "sell", "timestamp": 1765928580813}, {"id": "980533176", "price": 0.13154, "amount": 4881.0, "side": "sell", "timestamp": 1765928580954}, {"id": "980533177", "price": 0.13155, "amount": 228.0, "side": "buy", "timestamp": 1765928581100}, {"id": "980533178", "price": 0.13155, "amount": 50.0, "side": "buy", "timestamp": 1765928581571}, {"id": "980533179", "price": 0.13154, "amount": 106.0, "side": "sell", "timestamp": 1765928582121}, {"id": "980533180", "price": 0.13155, "amount": 2458.0, "side": "buy", "timestamp": 1765928582410}, {"id": "980533181", "price": 0.13155, "amount": 410.0, "side": "buy", "timestamp": 1765928582593}, {"id": "980533182", "price": 0.13155, "amount": 52378.0, "side": "buy", "timestamp": 1765928583256}, {"id": "980533183", "price": 0.13154, "amount": 109.0, "side": "sell", "timestamp": 1765928583410}, {"id": "980533184", "price": 0.13155, "amount": 58.0, "side": "buy", "timestamp": 1765928583462}, {"id": "980533185", "price": 0.13154, "amount": 106.0, "side": "sell", "timestamp": 1765928585141}, {"id": "980533186", "price": 0.13155, "amount": 760.0, "side": "buy", "timestamp": 1765928585151}, {"id": "980533187", "price": 0.13154, "amount": 123.0, "side": "sell", "timestamp": 1765928585295}, {"id": "980533188", "price": 0.13155, "amount": 83.0, "side": "buy", "timestamp": 1765928585898}, {"id": "980533189", "price": 0.13155, "amount": 152.0, "side": "buy", "timestamp": 1765928587177}, {"id": "980533190", "price": 0.13155, "amount": 2605.0, "side": "buy", "timestamp": 1765928587646}, {"id": "980533191", "price": 0.13154, "amount": 106.0, "side": "sell", "timestamp": 1765928588160}, {"id": "980533192", "price": 0.13155, "amount": 52378.0, "side": "buy", "timestamp": 1765928588830}, {"id": "980533193", "price": 0.13154, "amount": 40.0, "side": "sell", "timestamp": 1765928589424}, {"id": "980533194", "price": 0.13154, "amount": 196.0, "side": "sell", "timestamp": 1765928589908}, {"id": "980533195", "price": 0.13154, "amount": 1244.0, "side": "sell", "timestamp": 1765928590028}, {"id": "980533196", "price": 0.13154, "amount": 39.0, "side": "sell", "timestamp": 1765928590276}, {"id": "980533197", "price": 0.13154, "amount": 106.0, "side": "sell", "timestamp": 1765928591176}, {"id": "980533198", "price": 0.13155, "amount": 91.0, "side": "buy", "timestamp": 1765928591676}, {"id": "980533199", "price": 0.13155, "amount": 1103.0, "side": "buy", "timestamp": 1765928594133}, {"id": "980533200", "price": 0.13154, "amount": 106.0, "side": "sell", "timestamp": 1765928594195}, {"id": "980533201", "price": 0.13155, "amount": 198.0, "side": "buy", "timestamp": 1765928594248}, {"id": "980533202", "price": 0.13155, "amount": 35655.0, "side": "buy", "timestamp": 1765928594404}, {"id": "980533203", "price": 0.13156, "amount": 16723.0, "side": "buy", "timestamp": 1765928594404}, {"id": "980533204", "price": 0.13155, "amount": 120.0, "side": "sell", "timestamp": 1765928594419}, {"id": "980533205", "price": 0.13156, "amount": 350.0, "side": "buy", "timestamp": 1765928594894}, {"id": "980533206", "price": 0.13156, "amount": 1000.0, "side": "buy", "timestamp": 1765928595055}, {"id": "980533207", "price": 0.13156, "amount": 152.0, "side": "buy", "timestamp": 1765928595500}, {"id": "980533208", "price": 0.13155, "amount": 10000.0, "side": "sell", "timestamp": 1765928595710}, {"id": "980533209", "price": 0.13155, "amount": 45.0, "side": "sell", "timestamp": 1765928596594}, {"id": "980533227", "price": 0.13155, "amount": 1186.0, "side": "sell", "timestamp": 1765928609976}, {"id": "980533228", "price": 0.13156, "amount": 20000.0, "side": "buy", "timestamp": 1765928610055}, {"id": "980533229", "price": 0.13155, "amount": 142.0, "side": "sell", "timestamp": 1765928610077}, {"id": "980533230", "price": 0.13156, "amount": 34078.0, "side": "buy", "timestamp": 1765928610546}, {"id": "980533231", "price": 0.13157, "amount": 18300.0, "side": "buy", "timestamp": 1765928610546}, {"id": "980533232", "price": 0.13157, "amount": 36.0, "side": "buy", "timestamp": 1765928611142}, {"id": "980533233", "price": 0.13156, "amount": 106.0, "side": "sell", "timestamp": 1765928612214}, {"id": "980533234", "price": 0.13156, "amount": 106.0, "side": "sell", "timestamp": 1765928615048}, {"id": "980533235", "price": 0.13157, "amount": 53.0, "side": "buy", "timestamp": 1765928615268}, {"id": "980533236", "price": 0.13156, "amount": 496.0, "side": "sell", "timestamp": 1765928615792}, {"id": "980533237", "price": 0.13157, "amount": 36518.0, "side": "buy", "timestamp": 1765928616658}, {"id": "980533238", "price": 0.13158, "amount": 15860.0, "side": "buy", "timestamp": 1765928616658}, {"id": "980533239", "price": 0.13157, "amount": 106.0, "side": "sell", "timestamp": 1765928618081}, {"id": "980533240", "price": 0.13158, "amount": 8399.0, "side": "buy", "timestamp": 1765928620492}, {"id": "980533241", "price": 0.13158, "amount": 106.0, "side": "sell", "timestamp": 1765928621164}, {"id": "980533242", "price": 0.13159, "amount": 2580.0, "side": "buy", "timestamp": 1765928621189}, {"id": "980533243", "price": 0.13159, "amount": 84256.0, "side": "buy", "timestamp": 1765928622197}, {"id": "980533244", "price": 0.1316, "amount": 20496.0, "side": "buy", "timestamp": 1765928622197}, {"id": "980533245", "price": 0.13159, "amount": 190.0, "side": "sell", "timestamp": 1765928623076}, {"id": "980533246", "price": 0.13159, "amount": 106.0, "side": "sell", "timestamp": 1765928624198}, {"id": "980533247", "price": 0.1316, "amount": 13671.0, "side": "buy", "timestamp": 1765928624758}, {"id": "980533248", "price": 0.1316, "amount": 51183.0, "side": "sell", "timestamp": 1765928626517}, {"id": "980533249", "price": 0.1316, "amount": 17839.0, "side": "sell", "timestamp": 1765928626650}, {"id": "980533250", "price": 0.13159, "amount": 106.0, "side": "sell", "timestamp": 1765928627051}, {"id": "980533251", "price": 0.1316, "amount": 91.0, "side": "buy", "timestamp": 1765928627683}, {"id": "980533252", "price": 0.1316, "amount": 369.0, "side": "buy", "timestamp": 1765928628066}, {"id": "980533253", "price": 0.1316, "amount": 367.0, "side": "buy", "timestamp": 1765928630079}, {"id": "980533254", "price": 0.13159, "amount": 106.0, "side": "sell", "timestamp": 1765928630089}, {"id": "980533255", "price": 0.1316, "amount": 20.0, "side": "buy", "timestamp": 1765928631060}, {"id": "980533256", "price": 0.1316, "amount": 1000.0, "side": "buy", "timestamp": 1765928632145}, {"id": "980533257", "price": 0.13159, "amount": 106.0, "side": "sell", "timestamp": 1765928633106}, {"id": "980533258", "price": 0.13159, "amount": 53.0, "side": "sell", "timestamp": 1765928634849}, {"id": "980533259", "price": 0.1316, "amount": 521.0, "side": "buy", "timestamp": 1765928634924}, {"id": "980533260", "price": 0.13159, "amount": 259.0, "side": "sell", "timestamp": 1765928634977}, {"id": "980533261", "price": 0.13159, "amount": 106.0, "side": "sell", "timestamp": 1765928636167}, {"id": "980533262", "price": 0.1316, "amount": 1630.0, "side": "buy", "timestamp": 1765928637321}, {"id": "980533263", "price": 0.1316, "amount": 506.0, "side": "buy", "timestamp": 1765928638412}, {"id": "980533264", "price": 0.13159, "amount": 106.0, "side": "sell", "timestamp": 1765928639185}, {"id": "980533265", "price": 0.1316, "amount": 9076.0, "side": "buy", "timestamp": 1765928640514}, {"id": "980533266", "price": 0.13159, "amount": 228.0, "side": "sell", "timestamp": 1765928641644}, {"id": "980533267", "price": 0.13159, "amount": 175.0, "side": "sell", "timestamp": 1765928642023}, {"id": "980533268", "price": 0.13159, "amount": 106.0, "side": "sell", "timestamp": 1765928642202}, {"id": "980533269", "price": 0.1316, "amount": 1888.0, "side": "buy", "timestamp": 1765928642446}, {"id": "980533270", "price": 0.1316, "amount": 94.0, "side": "buy", "timestamp": 1765928642638}, {"id": "980533271", "price": 0.1316, "amount": 123.0, "side": "buy", "timestamp": 1765928642739}, {"id": "980533272", "price": 0.1316, "amount": 84.0, "side": "buy", "timestamp": 1765928643279}, {"id": "980533273", "price": 0.1316, "amount": 45.0, "side": "buy", "timestamp": 1765928643920}, {"id": "980533274", "price": 0.1316, "amount": 120.0, "side": "buy", "timestamp": 1765928644598}, {"id": "980533275", "price": 0.13159, "amount": 106.0, "side": "sell", "timestamp": 1765928645018}, {"id": "980533276", "price": 0.13159, "amount": 106.0, "side": "sell", "timestamp": 1765928648061}, {"id": "980533304", "price": 0.13161, "amount": 106.0, "side": "sell", "timestamp": 1765928675144}, {"id": "980533305", "price": 0.13161, "amount": 41.0, "side": "sell", "timestamp": 1765928677249}, {"id": "980533306", "price": 0.13161, "amount": 106.0, "side": "sell", "timestamp": 1765928678203}, {"id": "980533307", "price": 0.13161, "amount": 55.0, "side": "sell", "timestamp": 1765928679722}, {"id": "980533308", "price": 0.13161, "amount": 146.0, "side": "sell", "timestamp": 1765928680041}, {"id": "980533309", "price": 0.13161, "amount": 550.0, "side": "sell", "timestamp": 1765928680212}, {"id": "980533310", "price": 0.13161, "amount": 106.0, "side": "sell", "timestamp": 1765928681024}, {"id": "980533311", "price": 0.13161, "amount": 156.0, "side": "sell", "timestamp": 1765928682622}, {"id": "980533312", "price": 0.13161, "amount": 1745.0, "side": "sell", "timestamp": 1765928683780}, {"id": "980533313", "price": 0.13161, "amount": 106.0, "side": "sell", "timestamp": 1765928684061}, {"id": "980533314", "price": 0.13161, "amount": 197.0, "side": "sell", "timestamp": 1765928684709}, {"id": "980533315", "price": 0.13162, "amount": 40431.0, "side": "buy", "timestamp": 1765928686792}, {"id": "980533316", "price": 0.13162, "amount": 106.0, "side": "sell", "timestamp": 1765928687115}, {"id": "980533317", "price": 0.13162, "amount": 268.0, "side": "sell", "timestamp": 1765928688640}, {"id": "980533318", "price": 0.13163, "amount": 16623.0, "side": "buy", "timestamp": 1765928689036}, {"id": "980533319", "price": 0.13164, "amount": 1901.0, "side": "buy", "timestamp": 1765928689903}, {"id": "980533320", "price": 0.13163, "amount": 106.0, "side": "sell", "timestamp": 1765928690148}, {"id": "980533321", "price": 0.13164, "amount": 799.0, "side": "buy", "timestamp": 1765928690233}, {"id": "980533322", "price": 0.13164, "amount": 1399.0, "side": "buy", "timestamp": 1765928690651}, {"id": "980533323", "price": 0.13164, "amount": 432.0, "side": "buy", "timestamp": 1765928690780}, {"id": "980533324", "price": 0.13164, "amount": 1337.0, "side": "buy", "timestamp": 1765928690892}, {"id": "980533325", "price": 0.13164, "amount": 151.0, "side": "buy", "timestamp": 1765928691201}, {"id": "980533326", "price": 0.13164, "amount": 8122.0, "side": "buy", "timestamp": 1765928691447}, {"id": "980533327", "price": 0.13164, "amount": 94.0, "side": "sell", "timestamp": 1765928692285}, {"id": "980533328", "price": 0.13164, "amount": 106.0, "side": "sell", "timestamp": 1765928693185}, {"id": "980533329", "price": 0.13165, "amount": 253.0, "side": "buy", "timestamp": 1765928693740}, {"id": "980533330", "price": 0.13164, "amount": 40.0, "side": "sell", "timestamp": 1765928694721}, {"id": "980533331", "price": 0.13165, "amount": 22534.0, "side": "buy", "timestamp": 1765928695557}, {"id": "980533332", "price": 0.13164, "amount": 106.0, "side": "sell", "timestamp": 1765928696206}, {"id": "980533333", "price": 0.13165, "amount": 547.0, "side": "buy", "timestamp": 1765928696232}, {"id": "980533334", "price": 0.13165, "amount": 29650.0, "side": "buy", "timestamp": 1765928696344}, {"id": "980533335", "price": 0.13166, "amount": 40199.0, "side": "buy", "timestamp": 1765928696348}, {"id": "980533336", "price": 0.13165, "amount": 117.0, "side": "sell", "timestamp": 1765928696410}, {"id": "980533337", "price": 0.13166, "amount": 3773.0, "side": "buy", "timestamp": 1765928696436}, {"id": "980533338", "price": 0.13166, "amount": 5540.0, "side": "buy", "timestamp": 1765928696542}, {"id": "980533339", "price": 0.13166, "amount": 68.0, "side": "buy", "timestamp": 1765928696730}, {"id": "980533340", "price": 0.13166, "amount": 2256.0, "side": "buy", "timestamp": 1765928697258}, {"id": "980533341", "price": 0.13166, "amount": 173.0, "side": "buy", "timestamp": 1765928697658}, {"id": "980533342", "price": 0.13166, "amount": 191.0, "side": "buy", "timestamp": 1765928698230}, {"id": "980533343", "price": 0.13166, "amount": 173.0, "side": "buy", "timestamp": 1765928699000}, {"id": "980533344", "price": 0.13165, "amount": 106.0, "side": "sell", "timestamp": 1765928699033}, {"id": "980533345", "price": 0.13166, "amount": 771.0, "side": "buy", "timestamp": 1765928699075}, {"id": "980533346", "price": 0.13166, "amount": 607.0, "side": "buy", "timestamp": 1765928699210}, {"id": "980533347", "price": 0.13166, "amount": 91.0, "side": "buy", "timestamp": 1765928699681}, {"id": "980533348", "price": 0.13166, "amount": 108928.0, "side": "buy", "timestamp": 1765928700391}, {"id": "980533349", "price": 0.13165, "amount": 16301.0, "side": "sell", "timestamp": 1765928700734}, {"id": "980533350", "price": 0.13165, "amount": 39.0, "side": "sell", "timestamp": 1765928701039}, {"id": "980533351", "price": 0.13166, "amount": 312.0, "side": "buy", "timestamp": 1765928701120}, {"id": "980533352", "price": 0.13166, "amount": 64.0, "side": "buy", "timestamp": 1765928701258}, {"id": "980533353", "price": 0.13166, "amount": 1220.0, "side": "buy", "timestamp": 1765928701736}, {"id": "980533432", "price": 0.13165, "amount": 3004.0, "side": "buy", "timestamp": 1765928735054}, {"id": "980533433", "price": 0.13165, "amount": 1740.0, "side": "buy", "timestamp": 1765928735178}, {"id": "980533434", "price": 0.13165, "amount": 442.0, "side": "buy", "timestamp": 1765928735689}, {"id": "980533435", "price": 0.13164, "amount": 106.0, "side": "sell", "timestamp": 1765928737081}, {"id": "980533436", "price": 0.13165, "amount": 37078.0, "side": "buy", "timestamp": 1765928737586}, {"id": "980533437", "price": 0.13166, "amount": 45091.0, "side": "buy", "timestamp": 1765928737591}, {"id": "980533438", "price": 0.13167, "amount": 15273.0, "side": "buy", "timestamp": 1765928737631}, {"id": "980533439", "price": 0.13168, "amount": 2875.0, "side": "buy", "timestamp": 1765928737739}, {"id": "980533440", "price": 0.13167, "amount": 32.0, "side": "sell", "timestamp": 1765928737862}, {"id": "980533441", "price": 0.13167, "amount": 938.0, "side": "sell", "timestamp": 1765928738099}, {"id": "980533442", "price": 0.13167, "amount": 4691.0, "side": "sell", "timestamp": 1765928738944}, {"id": "980533443", "price": 0.13168, "amount": 37958.0, "side": "buy", "timestamp": 1765928739349}, {"id": "980533444", "price": 0.13168, "amount": 106.0, "side": "sell", "timestamp": 1765928740141}, {"id": "980533445", "price": 0.13169, "amount": 216.0, "side": "buy", "timestamp": 1765928740894}, {"id": "980533446", "price": 0.13169, "amount": 547.0, "side": "buy", "timestamp": 1765928741217}, {"id": "980533447", "price": 0.13169, "amount": 22885.0, "side": "buy", "timestamp": 1765928741418}, {"id": "980533448", "price": 0.1317, "amount": 44452.0, "side": "buy", "timestamp": 1765928741422}, {"id": "980533449", "price": 0.13171, "amount": 5669.0, "side": "buy", "timestamp": 1765928741424}, {"id": "980533450", "price": 0.13171, "amount": 1436.0, "side": "buy", "timestamp": 1765928741525}, {"id": "980533451", "price": 0.13171, "amount": 4239.0, "side": "buy", "timestamp": 1765928741652}, {"id": "980533452", "price": 0.13171, "amount": 68.0, "side": "buy", "timestamp": 1765928741898}, {"id": "980533453", "price": 0.1317, "amount": 237.0, "side": "sell", "timestamp": 1765928742210}, {"id": "980533454", "price": 0.13171, "amount": 1074.0, "side": "buy", "timestamp": 1765928742422}, {"id": "980533455", "price": 0.13171, "amount": 3042.0, "side": "buy", "timestamp": 1765928742671}, {"id": "980533456", "price": 0.13172, "amount": 43696.0, "side": "buy", "timestamp": 1765928742671}, {"id": "980533457", "price": 0.13173, "amount": 10706.0, "side": "buy", "timestamp": 1765928742671}, {"id": "980533458", "price": 0.13173, "amount": 173.0, "side": "buy", "timestamp": 1765928742962}, {"id": "980533459", "price": 0.13172, "amount": 106.0, "side": "sell", "timestamp": 1765928743007}, {"id": "980533460", "price": 0.13173, "amount": 482.0, "side": "buy", "timestamp": 1765928743035}, {"id": "980533461", "price": 0.13172, "amount": 713.0, "side": "sell", "timestamp": 1765928743061}, {"id": "980533462", "price": 0.13173, "amount": 650.0, "side": "buy", "timestamp": 1765928743183}, {"id": "980533463", "price": 0.13173, "amount": 191.0, "side": "buy", "timestamp": 1765928743335}, {"id": "980533464", "price": 0.13173, "amount": 720.0, "side": "buy", "timestamp": 1765928744072}, {"id": "980533465", "price": 0.13173, "amount": 606.0, "side": "buy", "timestamp": 1765928744201}, {"id": "980533466", "price": 0.13173, "amount": 223.0, "side": "buy", "timestamp": 1765928744430}, {"id": "980533467", "price": 0.13173, "amount": 313.0, "side": "buy", "timestamp": 1765928745470}, {"id": "980533468", "price": 0.13172, "amount": 106.0, "side": "sell", "timestamp": 1765928746056}, {"id": "980533469", "price": 0.13173, "amount": 703.0, "side": "buy", "timestamp": 1765928746133}, {"id": "980533470", "price": 0.13173, "amount": 63.0, "side": "buy", "timestamp": 1765928746419}, {"id": "980533471", "price": 0.13173, "amount": 123.0, "side": "buy", "timestamp": 1765928746560}, {"id": "980533472", "price": 0.13173, "amount": 82.0, "side": "buy", "timestamp": 1765928746992}, {"id": "980533473", "price": 0.13172, "amount": 2179.0, "side": "sell", "timestamp": 1765928747115}, {"id": "980533474", "price": 0.13172, "amount": 4178.0, "side": "sell", "timestamp": 1765928749077}, {"id": "980533475", "price": 0.13173, "amount": 360.0, "side": "buy", "timestamp": 1765928749186}, {"id": "980533476", "price": 0.13172, "amount": 128179.0, "side": "sell", "timestamp": 1765928750695}, {"id": "980533477", "price": 0.13172, "amount": 211.0, "side": "sell", "timestamp": 1765928751071}, {"id": "980533478", "price": 0.13173, "amount": 50443.0, "side": "buy", "timestamp": 1765928751804}, {"id": "980533479", "price": 0.13172, "amount": 106.0, "side": "sell", "timestamp": 1765928752121}, {"id": "980533480", "price": 0.13173, "amount": 573.0, "side": "buy", "timestamp": 1765928753838}, {"id": "980533481", "price": 0.13172, "amount": 743.0, "side": "sell", "timestamp": 1765928754373}, {"id": "980533546", "price": 0.13161, "amount": 106.0, "side": "sell", "timestamp": 1765928782156}, {"id": "980533547", "price": 0.13161, "amount": 1240.0, "side": "sell", "timestamp": 1765928783043}, {"id": "980533548", "price": 0.13161, "amount": 3236.0, "side": "sell", "timestamp": 1765928783924}, {"id": "980533549", "price": 0.13161, "amount": 28215.0, "side": "sell", "timestamp": 1765928784098}, {"id": "980533550", "price": 0.1316, "amount": 27002.0, "side": "sell", "timestamp": 1765928784107}, {"id": "980533551", "price": 0.1316, "amount": 42.0, "side": "buy", "timestamp": 1765928784167}, {"id": "980533552", "price": 0.13159, "amount": 6030.0, "side": "sell", "timestamp": 1765928784353}, {"id": "980533553", "price": 0.13158, "amount": 277.0, "side": "sell", "timestamp": 1765928784841}, {"id": "980533554", "price": 0.13158, "amount": 2583.0, "side": "sell", "timestamp": 1765928785061}, {"id": "980533555", "price": 0.13158, "amount": 284.0, "side": "sell", "timestamp": 1765928785706}, {"id": "980533556", "price": 0.13158, "amount": 3360.0, "side": "sell", "timestamp": 1765928786451}, {"id": "980533557", "price": 0.13158, "amount": 4049.0, "side": "sell", "timestamp": 1765928786995}, {"id": "980533558", "price": 0.13159, "amount": 255.0, "side": "buy", "timestamp": 1765928787889}, {"id": "980533559", "price": 0.13158, "amount": 106.0, "side": "sell", "timestamp": 1765928788091}, {"id": "980533560", "price": 0.13159, "amount": 55.0, "side": "buy", "timestamp": 1765928788213}, {"id": "980533561", "price": 0.13159, "amount": 6.0, "side": "buy", "timestamp": 1765928788330}, {"id": "980533562", "price": 0.13159, "amount": 62.0, "side": "buy", "timestamp": 1765928788459}, {"id": "980533563", "price": 0.13159, "amount": 292098.0, "side": "buy", "timestamp": 1765928788608}, {"id": "980533564", "price": 0.13158, "amount": 50443.0, "side": "sell", "timestamp": 1765928789281}, {"id": "980533565", "price": 0.13159, "amount": 57.0, "side": "buy", "timestamp": 1765928789356}, {"id": "980533566", "price": 0.13158, "amount": 1599.0, "side": "sell", "timestamp": 1765928789884}, {"id": "980533567", "price": 0.13157, "amount": 6997.0, "side": "sell", "timestamp": 1765928790009}, {"id": "980533568", "price": 0.13157, "amount": 110.0, "side": "buy", "timestamp": 1765928790554}, {"id": "980533569", "price": 0.13156, "amount": 50070.0, "side": "sell", "timestamp": 1765928790710}, {"id": "980533570", "price": 0.13155, "amount": 106.0, "side": "sell", "timestamp": 1765928791185}, {"id": "980533571", "price": 0.13155, "amount": 51910.0, "side": "sell", "timestamp": 1765928791686}, {"id": "980533572", "price": 0.13154, "amount": 55.0, "side": "sell", "timestamp": 1765928791935}, {"id": "980533573", "price": 0.13154, "amount": 7253.0, "side": "sell", "timestamp": 1765928792897}, {"id": "980533574", "price": 0.13154, "amount": 82.0, "side": "sell", "timestamp": 1765928795143}, {"id": "980533575", "price": 0.13155, "amount": 71045.0, "side": "buy", "timestamp": 1765928795581}, {"id": "980533576", "price": 0.13156, "amount": 3374.0, "side": "buy", "timestamp": 1765928795625}, {"id": "980533577", "price": 0.13156, "amount": 106.0, "side": "sell", "timestamp": 1765928795698}, {"id": "980533578", "price": 0.13156, "amount": 561.0, "side": "sell", "timestamp": 1765928796312}, {"id": "980533579", "price": 0.13156, "amount": 1411.0, "side": "sell", "timestamp": 1765928796514}, {"id": "980533580", "price": 0.13156, "amount": 702.0, "side": "sell", "timestamp": 1765928796963}, {"id": "980533581", "price": 0.13155, "amount": 106.0, "side": "sell", "timestamp": 1765928798136}, {"id": "980533582", "price": 0.13156, "amount": 62.0, "side": "buy", "timestamp": 1765928798395}, {"id": "980533583", "price": 0.13155, "amount": 39.0, "side": "sell", "timestamp": 1765928799776}, {"id": "980533584", "price": 0.13155, "amount": 7719.0, "side": "sell", "timestamp": 1765928800887}, {"id": "980533585", "price": 0.13155, "amount": 2495.0, "side": "buy", "timestamp": 1765928802024}, {"id": "980533586", "price": 0.13154, "amount": 10994.0, "side": "sell", "timestamp": 1765928803983}, {"id": "980533587", "price": 0.13153, "amount": 14893.0, "side": "sell", "timestamp": 1765928805411}, {"id": "980533588", "price": 0.13152, "amount": 20615.0, "side": "sell", "timestamp": 1765928805467}, {"id": "980533589", "price": 0.13151, "amount": 21927.0, "side": "sell", "timestamp": 1765928805660}, {"id": "980533590", "price": 0.13151, "amount": 997.0, "side": "buy", "timestamp": 1765928805701}, {"id": "980533591", "price": 0.13151, "amount": 53.0, "side": "buy", "timestamp": 1765928805826}, {"id": "980533592", "price": 0.13151, "amount": 4844.0, "side": "buy", "timestamp": 1765928805927}, {"id": "980533593", "price": 0.13151, "amount": 52.0, "side": "buy", "timestamp": 1765928806046}, {"id": "980533594", "price": 0.13151, "amount": 60.0, "side": "buy", "timestamp": 1765928807108}, {"id": "980533595", "price": 0.1315, "amount": 1054.0, "side": "sell", "timestamp": 1765928807307}, {"id": "980533643", "price": 0.13155, "amount": 300.0, "side": "buy", "timestamp": 1765928830621}, {"id": "980533644", "price": 0.13154, "amount": 990.0, "side": "sell", "timestamp": 1765928830634}, {"id": "980533645", "price": 0.13154, "amount": 3875.0, "side": "sell", "timestamp": 1765928830826}, {"id": "980533646", "price": 0.13155, "amount": 2301.0, "side": "buy", "timestamp": 1765928831075}, {"id": "980533647", "price": 0.13154, "amount": 2340.0, "side": "sell", "timestamp": 1765928831177}, {"id": "980533648", "price": 0.13155, "amount": 89.0, "side": "buy", "timestamp": 1765928831776}, {"id": "980533649", "price": 0.13155, "amount": 157.0, "side": "buy", "timestamp": 1765928831948}, {"id": "980533650", "price": 0.13155, "amount": 23136.0, "side": "buy", "timestamp": 1765928832969}, {"id": "980533651", "price": 0.13156, "amount": 23888.0, "side": "buy", "timestamp": 1765928832986}, {"id": "980533652", "price": 0.13156, "amount": 106.0, "side": "sell", "timestamp": 1765928833057}, {"id": "980533653", "price": 0.13157, "amount": 42.0, "side": "buy", "timestamp": 1765928833221}, {"id": "980533654", "price": 0.13156, "amount": 266.0, "side": "sell", "timestamp": 1765928833284}, {"id": "980533655", "price": 0.13157, "amount": 88.0, "side": "buy", "timestamp": 1765928833931}, {"id": "980533656", "price": 0.13156, "amount": 229.0, "side": "sell", "timestamp": 1765928834341}, {"id": "980533657", "price": 0.13156, "amount": 403.0, "side": "sell", "timestamp": 1765928834519}, {"id": "980533658", "price": 0.13156, "amount": 3855.0, "side": "sell", "timestamp": 1765928835494}, {"id": "980533659", "price": 0.13156, "amount": 106.0, "side": "sell", "timestamp": 1765928836097}, {"id": "980533660", "price": 0.13157, "amount": 542.0, "side": "buy", "timestamp": 1765928836967}, {"id": "980533661", "price": 0.13156, "amount": 17500.0, "side": "sell", "timestamp": 1765928837815}, {"id": "980533662", "price": 0.13156, "amount": 472.0, "side": "sell", "timestamp": 1765928838191}, {"id": "980533663", "price": 0.13156, "amount": 106.0, "side": "sell", "timestamp": 1765928839139}, {"id": "980533664", "price": 0.13157, "amount": 23285.0, "side": "buy", "timestamp": 1765928839660}, {"id": "980533665", "price": 0.13157, "amount": 39403.0, "side": "sell", "timestamp": 1765928840619}, {"id": "980533666", "price": 0.13158, "amount": 331.0, "side": "buy", "timestamp": 1765928840688}, {"id": "980533667", "price": 0.13158, "amount": 1355.0, "side": "buy", "timestamp": 1765928840829}, {"id": "980533668", "price": 0.13157, "amount": 106.0, "side": "sell", "timestamp": 1765928842176}, {"id": "980533669", "price": 0.13158, "amount": 53.0, "side": "buy", "timestamp": 1765928842652}, {"id": "980533670", "price": 0.13157, "amount": 1566.0, "side": "sell", "timestamp": 1765928843134}, {"id": "980533671", "price": 0.13158, "amount": 31584.0, "side": "buy", "timestamp": 1765928843682}, {"id": "980533672", "price": 0.13159, "amount": 302.0, "side": "buy", "timestamp": 1765928844178}, {"id": "980533673", "price": 0.13159, "amount": 14844.0, "side": "buy", "timestamp": 1765928844341}, {"id": "980533674", "price": 0.1316, "amount": 45.0, "side": "buy", "timestamp": 1765928845035}, {"id": "980533675", "price": 0.13159, "amount": 2235.0, "side": "sell", "timestamp": 1765928845046}, {"id": "980533676", "price": 0.1316, "amount": 759.0, "side": "buy", "timestamp": 1765928845112}, {"id": "980533677", "price": 0.1316, "amount": 760.0, "side": "buy", "timestamp": 1765928845469}, {"id": "980533678", "price": 0.1316, "amount": 3090.0, "side": "buy", "timestamp": 1765928846100}, {"id": "980533679", "price": 0.13159, "amount": 2798.0, "side": "sell", "timestamp": 1765928848101}, {"id": "980533680", "price": 0.1316, "amount": 1419.0, "side": "buy", "timestamp": 1765928848239}, {"id": "980533681", "price": 0.13159, "amount": 631.0, "side": "sell", "timestamp": 1765928850919}, {"id": "980533682", "price": 0.13159, "amount": 14304.0, "side": "sell", "timestamp": 1765928851078}, {"id": "980533683", "price": 0.13158, "amount": 75491.0, "side": "sell", "timestamp": 1765928851099}, {"id": "980533684", "price": 0.13157, "amount": 13767.0, "side": "sell", "timestamp": 1765928851425}, {"id": "980533685", "price": 0.13156, "amount": 4072.0, "side": "sell", "timestamp": 1765928852903}, {"id": "980533686", "price": 0.13157, "amount": 397.0, "side": "buy", "timestamp": 1765928853328}, {"id": "980533687", "price": 0.13156, "amount": 106.0, "side": "sell", "timestamp": 1765928854164}, {"id": "980533688", "price": 0.13156, "amount": 102.0, "side": "sell", "timestamp": 1765928854958}, {"id": "980533689", "price": 0.13157, "amount": 66.0, "side": "buy", "timestamp": 1765928855108}, {"id": "980533690", "price": 0.13156, "amount": 1534.0, "side": "sell", "timestamp": 1765928856439}, {"id": "980533691", "price": 0.13156, "amount": 106.0, "side": "sell", "timestamp": 1765928857218}, {"id": "980533692", "price": 0.13157, "amount": 165.0, "side": "buy", "timestamp": 1765928857618}, {"id": "980533722", "price": 0.13156, "amount": 236.0, "side": "sell", "timestamp": 1765928880978}, {"id": "980533723", "price": 0.13156, "amount": 106.0, "side": "sell", "timestamp": 1765928881089}, {"id": "980533724", "price": 0.13157, "amount": 42.0, "side": "buy", "timestamp": 1765928881286}, {"id": "980533725", "price": 0.13157, "amount": 266.0, "side": "buy", "timestamp": 1765928883614}, {"id": "980533726", "price": 0.13156, "amount": 147.0, "side": "sell", "timestamp": 1765928883907}, {"id": "980533727", "price": 0.13157, "amount": 272.0, "side": "buy", "timestamp": 1765928883990}, {"id": "980533728", "price": 0.13156, "amount": 106.0, "side": "sell", "timestamp": 1765928884121}, {"id": "980533729", "price": 0.13157, "amount": 33182.0, "side": "buy", "timestamp": 1765928884840}, {"id": "980533730", "price": 0.13157, "amount": 8856.0, "side": "sell", "timestamp": 1765928887134}, {"id": "980533731", "price": 0.13157, "amount": 623.0, "side": "sell", "timestamp": 1765928887263}, {"id": "980533732", "price": 0.13158, "amount": 4.0, "side": "buy", "timestamp": 1765928888000}, {"id": "980533733", "price": 0.13158, "amount": 85.0, "side": "buy", "timestamp": 1765928889508}, {"id": "980533734", "price": 0.13157, "amount": 106.0, "side": "sell", "timestamp": 1765928890149}, {"id": "980533735", "price": 0.13157, "amount": 265.0, "side": "sell", "timestamp": 1765928890897}, {"id": "980533736", "price": 0.13158, "amount": 78.0, "side": "buy", "timestamp": 1765928891035}, {"id": "980533737", "price": 0.13158, "amount": 77.0, "side": "buy", "timestamp": 1765928891300}, {"id": "980533738", "price": 0.13157, "amount": 2545.0, "side": "sell", "timestamp": 1765928891854}, {"id": "980533739", "price": 0.13157, "amount": 78.0, "side": "sell", "timestamp": 1765928892146}, {"id": "980533740", "price": 0.13158, "amount": 81.0, "side": "buy", "timestamp": 1765928892191}, {"id": "980533741", "price": 0.13157, "amount": 106.0, "side": "sell", "timestamp": 1765928893166}, {"id": "980533742", "price": 0.13157, "amount": 1755.0, "side": "sell", "timestamp": 1765928893289}, {"id": "980533743", "price": 0.13157, "amount": 1218.0, "side": "sell", "timestamp": 1765928893622}, {"id": "980533744", "price": 0.13158, "amount": 124.0, "side": "buy", "timestamp": 1765928893657}, {"id": "980533745", "price": 0.13158, "amount": 308.0, "side": "buy", "timestamp": 1765928894484}, {"id": "980533746", "price": 0.13157, "amount": 132.0, "side": "sell", "timestamp": 1765928894944}, {"id": "980533747", "price": 0.13158, "amount": 62.0, "side": "buy", "timestamp": 1765928895328}, {"id": "980533748", "price": 0.13157, "amount": 106.0, "side": "sell", "timestamp": 1765928896182}, {"id": "980533749", "price": 0.13157, "amount": 310.0, "side": "sell", "timestamp": 1765928897641}, {"id": "980533750", "price": 0.13157, "amount": 5000.0, "side": "sell", "timestamp": 1765928898219}, {"id": "980533751", "price": 0.13157, "amount": 106.0, "side": "sell", "timestamp": 1765928899203}, {"id": "980533752", "price": 0.13157, "amount": 140.0, "side": "sell", "timestamp": 1765928899744}, {"id": "980533753", "price": 0.13157, "amount": 1422.0, "side": "sell", "timestamp": 1765928899906}, {"id": "980533754", "price": 0.13158, "amount": 1410.0, "side": "buy", "timestamp": 1765928900988}, {"id": "980533755", "price": 0.13157, "amount": 106.0, "side": "sell", "timestamp": 1765928902018}, {"id": "980533756", "price": 0.13158, "amount": 12783.0, "side": "buy", "timestamp": 1765928902137}, {"id": "980533757", "price": 0.13158, "amount": 1224.0, "side": "sell", "timestamp": 1765928904915}, {"id": "980533758", "price": 0.13159, "amount": 10767.0, "side": "buy", "timestamp": 1765928904929}, {"id": "980533759", "price": 0.13159, "amount": 14465.0, "side": "sell", "timestamp": 1765928904933}, {"id": "980533760", "price": 0.1316, "amount": 2457.0, "side": "buy", "timestamp": 1765928904971}, {"id": "980533761", "price": 0.1316, "amount": 106.0, "side": "sell", "timestamp": 1765928905059}, {"id": "980533762", "price": 0.1316, "amount": 27414.0, "side": "sell", "timestamp": 1765928905298}, {"id": "980533763", "price": 0.13159, "amount": 27556.0, "side": "sell", "timestamp": 1765928905597}, {"id": "980533764", "price": 0.13159, "amount": 1065.0, "side": "sell", "timestamp": 1765928906230}, {"id": "980533765", "price": 0.13159, "amount": 28143.0, "side": "sell", "timestamp": 1765928907028}, {"id": "980533766", "price": 0.13159, "amount": 2427.0, "side": "sell", "timestamp": 1765928908035}, {"id": "980533767", "price": 0.13159, "amount": 2692.0, "side": "sell", "timestamp": 1765928909184}, {"id": "980533768", "price": 0.13159, "amount": 106.0, "side": "sell", "timestamp": 1765928911127}, {"id": "980533769", "price": 0.1316, "amount": 6644.0, "side": "buy", "timestamp": 1765928911328}, {"id": "980533770", "price": 0.1316, "amount": 1627.0, "side": "sell", "timestamp": 1765928911773}, {"id": "980533771", "price": 0.1316, "amount": 632.0, "side": "sell", "timestamp": 1765928912036}, {"id": "980533808", "price": 0.13154, "amount": 2101.0, "side": "buy", "timestamp": 1765928941036}, {"id": "980533809", "price": 0.13153, "amount": 45548.0, "side": "sell", "timestamp": 1765928942449}, {"id": "980533810", "price": 0.13152, "amount": 3279.0, "side": "sell", "timestamp": 1765928942494}, {"id": "980533811", "price": 0.13153, "amount": 133.0, "side": "buy", "timestamp": 1765928942547}, {"id": "980533812", "price": 0.13152, "amount": 4401.0, "side": "sell", "timestamp": 1765928942750}, {"id": "980533813", "price": 0.13153, "amount": 109.0, "side": "buy", "timestamp": 1765928942818}, {"id": "980533814", "price": 0.13153, "amount": 221.0, "side": "buy", "timestamp": 1765928942927}, {"id": "980533815", "price": 0.13153, "amount": 1795.0, "side": "buy", "timestamp": 1765928943080}, {"id": "980533816", "price": 0.13152, "amount": 14630.0, "side": "sell", "timestamp": 1765928943202}, {"id": "980533817", "price": 0.13152, "amount": 53.0, "side": "buy", "timestamp": 1765928943225}, {"id": "980533818", "price": 0.13152, "amount": 44.0, "side": "buy", "timestamp": 1765928943481}, {"id": "980533819", "price": 0.13152, "amount": 117.0, "side": "buy", "timestamp": 1765928944057}, {"id": "980533820", "price": 0.13152, "amount": 21767.0, "side": "buy", "timestamp": 1765928944578}, {"id": "980533821", "price": 0.13152, "amount": 39.0, "side": "buy", "timestamp": 1765928945085}, {"id": "980533822", "price": 0.13152, "amount": 52.0, "side": "buy", "timestamp": 1765928947454}, {"id": "980533823", "price": 0.13152, "amount": 318.0, "side": "buy", "timestamp": 1765928948641}, {"id": "980533824", "price": 0.13152, "amount": 668.0, "side": "buy", "timestamp": 1765928948857}, {"id": "980533825", "price": 0.13152, "amount": 48.0, "side": "buy", "timestamp": 1765928948959}, {"id": "980533826", "price": 0.13152, "amount": 154.0, "side": "buy", "timestamp": 1765928949119}, {"id": "980533827", "price": 0.13152, "amount": 183.0, "side": "buy", "timestamp": 1765928949698}, {"id": "980533828", "price": 0.13151, "amount": 123.0, "side": "sell", "timestamp": 1765928949719}, {"id": "980533829", "price": 0.13151, "amount": 150.0, "side": "sell", "timestamp": 1765928949872}, {"id": "980533830", "price": 0.13151, "amount": 278.0, "side": "sell", "timestamp": 1765928949973}, {"id": "980533831", "price": 0.13151, "amount": 413.0, "side": "sell", "timestamp": 1765928950389}, {"id": "980533832", "price": 0.13152, "amount": 91.0, "side": "buy", "timestamp": 1765928951677}, {"id": "980533833", "price": 0.13152, "amount": 108.0, "side": "buy", "timestamp": 1765928952951}, {"id": "980533834", "price": 0.13151, "amount": 51.0, "side": "sell", "timestamp": 1765928954785}, {"id": "980533835", "price": 0.13151, "amount": 68.0, "side": "sell", "timestamp": 1765928954985}, {"id": "980533836", "price": 0.13151, "amount": 538.0, "side": "sell", "timestamp": 1765928955449}, {"id": "980533837", "price": 0.13152, "amount": 154.0, "side": "buy", "timestamp": 1765928955994}, {"id": "980533838", "price": 0.13151, "amount": 13842.0, "side": "sell", "timestamp": 1765928956963}, {"id": "980533839", "price": 0.1315, "amount": 4072.0, "side": "sell", "timestamp": 1765928957168}, {"id": "980533840", "price": 0.13151, "amount": 119.0, "side": "buy", "timestamp": 1765928957777}, {"id": "980533841", "price": 0.1315, "amount": 54153.0, "side": "sell", "timestamp": 1765928958048}, {"id": "980533842", "price": 0.13149, "amount": 463.0, "side": "sell", "timestamp": 1765928958962}, {"id": "980533843", "price": 0.13149, "amount": 121.0, "side": "sell", "timestamp": 1765928959725}, {"id": "980533844", "price": 0.13149, "amount": 864.0, "side": "sell", "timestamp": 1765928960055}, {"id": "980533845", "price": 0.1315, "amount": 542.0, "side": "buy", "timestamp": 1765928960145}, {"id": "980533846", "price": 0.13149, "amount": 14819.0, "side": "sell", "timestamp": 1765928960698}, {"id": "980533847", "price": 0.13149, "amount": 10600.0, "side": "buy", "timestamp": 1765928960887}, {"id": "980533848", "price": 0.13149, "amount": 6572.0, "side": "buy", "timestamp": 1765928961108}, {"id": "980533849", "price": 0.13148, "amount": 106.0, "side": "sell", "timestamp": 1765928961330}, {"id": "980533850", "price": 0.13148, "amount": 1000.0, "side": "sell", "timestamp": 1765928962046}, {"id": "980533851", "price": 0.13148, "amount": 2180.0, "side": "sell", "timestamp": 1765928962608}, {"id": "980533852", "price": 0.13148, "amount": 2054.0, "side": "sell", "timestamp": 1765928962856}, {"id": "980533853", "price": 0.13148, "amount": 2507.0, "side": "sell", "timestamp": 1765928963608}, {"id": "980533854", "price": 0.13147, "amount": 165.0, "side": "sell", "timestamp": 1765928963920}, {"id": "980533855", "price": 0.13147, "amount": 3907.0, "side": "sell", "timestamp": 1765928964596}, {"id": "980533856", "price": 0.13147, "amount": 53.0, "side": "sell", "timestamp": 1765928964738}, {"id": "980533857", "price": 0.13147, "amount": 66.0, "side": "sell", "timestamp": 1765928964977}, {"id": "980533887", "price": 0.13145, "amount": 5000.0, "side": "buy", "timestamp": 1765928991134}, {"id": "980533888", "price": 0.13144, "amount": 2142.0, "side": "sell", "timestamp": 1765928992195}, {"id": "980533889", "price": 0.13144, "amount": 7293.0, "side": "sell", "timestamp": 1765928994149}, {"id": "980533890", "price": 0.13143, "amount": 7890.0, "side": "sell", "timestamp": 1765928994149}, {"id": "980533891", "price": 0.13144, "amount": 44.0, "side": "buy", "timestamp": 1765928996212}, {"id": "980533892", "price": 0.13143, "amount": 1519.0, "side": "sell", "timestamp": 1765928996503}, {"id": "980533893", "price": 0.13144, "amount": 44.0, "side": "buy", "timestamp": 1765928996689}, {"id": "980533894", "price": 0.13143, "amount": 1072.0, "side": "sell", "timestamp": 1765928996751}, {"id": "980533895", "price": 0.13144, "amount": 41.0, "side": "buy", "timestamp": 1765928997066}, {"id": "980533896", "price": 0.13143, "amount": 1519.0, "side": "sell", "timestamp": 1765928997066}, {"id": "980533897", "price": 0.13143, "amount": 81535.0, "side": "sell", "timestamp": 1765928997479}, {"id": "980533898", "price": 0.13142, "amount": 77572.0, "side": "sell", "timestamp": 1765928997479}, {"id": "980533899", "price": 0.13141, "amount": 38473.0, "side": "sell", "timestamp": 1765928997479}, {"id": "980533900", "price": 0.13142, "amount": 107570.0, "side": "buy", "timestamp": 1765928997483}, {"id": "980533901", "price": 0.13141, "amount": 106.0, "side": "sell", "timestamp": 1765928997749}, {"id": "980533902", "price": 0.13142, "amount": 52366.0, "side": "buy", "timestamp": 1765928997881}, {"id": "980533903", "price": 0.13143, "amount": 96.0, "side": "buy", "timestamp": 1765928998501}, {"id": "980533904", "price": 0.13143, "amount": 29764.0, "side": "buy", "timestamp": 1765928998657}, {"id": "980533905", "price": 0.13143, "amount": 14746.0, "side": "sell", "timestamp": 1765928998688}, {"id": "980533906", "price": 0.13144, "amount": 254.0, "side": "buy", "timestamp": 1765929000150}, {"id": "980533907", "price": 0.13143, "amount": 106.0, "side": "sell", "timestamp": 1765929000174}, {"id": "980533908", "price": 0.13143, "amount": 228.0, "side": "sell", "timestamp": 1765929000294}, {"id": "980533909", "price": 0.13144, "amount": 109.0, "side": "buy", "timestamp": 1765929000894}, {"id": "980533910", "price": 0.13143, "amount": 80.0, "side": "sell", "timestamp": 1765929000954}, {"id": "980533911", "price": 0.13144, "amount": 357.0, "side": "buy", "timestamp": 1765929001086}, {"id": "980533912", "price": 0.13144, "amount": 619.0, "side": "buy", "timestamp": 1765929001648}, {"id": "980533913", "price": 0.13144, "amount": 172.0, "side": "buy", "timestamp": 1765929001777}, {"id": "980533914", "price": 0.13144, "amount": 74.0, "side": "buy", "timestamp": 1765929001928}, {"id": "980533915", "price": 0.13143, "amount": 176.0, "side": "sell", "timestamp": 1765929002040}, {"id": "980533916", "price": 0.13143, "amount": 106.0, "side": "sell", "timestamp": 1765929003014}, {"id": "980533917", "price": 0.13143, "amount": 79.0, "side": "sell", "timestamp": 1765929004655}, {"id": "980533918", "price": 0.13143, "amount": 228.0, "side": "sell", "timestamp": 1765929005234}, {"id": "980533919", "price": 0.13144, "amount": 39.0, "side": "buy", "timestamp": 1765929005728}, {"id": "980533920", "price": 0.13143, "amount": 106.0, "side": "sell", "timestamp": 1765929006074}, {"id": "980533921", "price": 0.13144, "amount": 129630.0, "side": "buy", "timestamp": 1765929006444}, {"id": "980533922", "price": 0.13145, "amount": 26989.0, "side": "buy", "timestamp": 1765929006451}, {"id": "980533923", "price": 0.13146, "amount": 230.0, "side": "buy", "timestamp": 1765929007724}, {"id": "980533924", "price": 0.13145, "amount": 2181.0, "side": "sell", "timestamp": 1765929008703}, {"id": "980533925", "price": 0.13145, "amount": 2055.0, "side": "sell", "timestamp": 1765929008961}, {"id": "980533926", "price": 0.13145, "amount": 3910.0, "side": "sell", "timestamp": 1765929009145}, {"id": "980533927", "price": 0.13146, "amount": 61.0, "side": "buy", "timestamp": 1765929009902}, {"id": "980533928", "price": 0.13146, "amount": 70.0, "side": "buy", "timestamp": 1765929010089}, {"id": "980533929", "price": 0.13146, "amount": 641.0, "side": "buy", "timestamp": 1765929010939}, {"id": "980533930", "price": 0.13146, "amount": 128695.0, "side": "buy", "timestamp": 1765929011351}, {"id": "980533931", "price": 0.13147, "amount": 36473.0, "side": "buy", "timestamp": 1765929011351}, {"id": "980533932", "price": 0.13146, "amount": 106.0, "side": "sell", "timestamp": 1765929012160}, {"id": "980533933", "price": 0.13146, "amount": 1756.0, "side": "sell", "timestamp": 1765929014473}, {"id": "980533934", "price": 0.13146, "amount": 847.0, "side": "sell", "timestamp": 1765929015185}, {"id": "980533935", "price": 0.13146, "amount": 1218.0, "side": "sell", "timestamp": 1765929015552}, {"id": "980533936", "price": 0.13146, "amount": 2340.0, "side": "sell", "timestamp": 1765929015667}, {"id": "980533979", "price": 0.13142, "amount": 58.0, "side": "sell", "timestamp": 1765929045356}, {"id": "980533980", "price": 0.13142, "amount": 227.0, "side": "sell", "timestamp": 1765929048844}, {"id": "980533981", "price": 0.13143, "amount": 11883.0, "side": "buy", "timestamp": 1765929048859}, {"id": "980533982", "price": 0.13142, "amount": 107.0, "side": "sell", "timestamp": 1765929048878}, {"id": "980533983", "price": 0.13142, "amount": 793.0, "side": "sell", "timestamp": 1765929049136}, {"id": "980533984", "price": 0.13142, "amount": 135.0, "side": "sell", "timestamp": 1765929049922}, {"id": "980533985", "price": 0.13142, "amount": 109.0, "side": "sell", "timestamp": 1765929050078}, {"id": "980533986", "price": 0.13142, "amount": 68693.0, "side": "sell", "timestamp": 1765929050297}, {"id": "980533987", "price": 0.13143, "amount": 776.0, "side": "buy", "timestamp": 1765929051528}, {"id": "980533988", "price": 0.13143, "amount": 73.0, "side": "buy", "timestamp": 1765929053248}, {"id": "980533989", "price": 0.13143, "amount": 15.0, "side": "buy", "timestamp": 1765929053369}, {"id": "980533990", "price": 0.13142, "amount": 57.0, "side": "sell", "timestamp": 1765929054425}, {"id": "980533991", "price": 0.13143, "amount": 59.0, "side": "buy", "timestamp": 1765929054995}, {"id": "980533992", "price": 0.13143, "amount": 179.0, "side": "buy", "timestamp": 1765929056307}, {"id": "980533993", "price": 0.13142, "amount": 107.0, "side": "sell", "timestamp": 1765929056605}, {"id": "980533994", "price": 0.13143, "amount": 1283.0, "side": "buy", "timestamp": 1765929057074}, {"id": "980533995", "price": 0.13143, "amount": 49.0, "side": "buy", "timestamp": 1765929057924}, {"id": "980533996", "price": 0.13142, "amount": 127.0, "side": "sell", "timestamp": 1765929058404}, {"id": "980533997", "price": 0.13143, "amount": 116.0, "side": "buy", "timestamp": 1765929058696}, {"id": "980533998", "price": 0.13142, "amount": 4191.0, "side": "sell", "timestamp": 1765929058844}, {"id": "980533999", "price": 0.13143, "amount": 91.0, "side": "buy", "timestamp": 1765929059680}, {"id": "980534000", "price": 0.13143, "amount": 228.0, "side": "buy", "timestamp": 1765929059818}, {"id": "980534001", "price": 0.13142, "amount": 1811.0, "side": "sell", "timestamp": 1765929060013}, {"id": "980534002", "price": 0.13143, "amount": 109.0, "side": "buy", "timestamp": 1765929060217}, {"id": "980534003", "price": 0.13143, "amount": 165.0, "side": "buy", "timestamp": 1765929060451}, {"id": "980534004", "price": 0.13143, "amount": 619.0, "side": "buy", "timestamp": 1765929060646}, {"id": "980534005", "price": 0.13143, "amount": 329.0, "side": "buy", "timestamp": 1765929060987}, {"id": "980534006", "price": 0.13143, "amount": 153.0, "side": "buy", "timestamp": 1765929061137}, {"id": "980534007", "price": 0.13142, "amount": 78.0, "side": "sell", "timestamp": 1765929061231}, {"id": "980534008", "price": 0.13143, "amount": 74.0, "side": "buy", "timestamp": 1765929061354}, {"id": "980534009", "price": 0.13142, "amount": 3586.0, "side": "sell", "timestamp": 1765929061635}, {"id": "980534010", "price": 0.13143, "amount": 65.0, "side": "buy", "timestamp": 1765929061783}, {"id": "980534011", "price": 0.13142, "amount": 3043.0, "side": "sell", "timestamp": 1765929061784}, {"id": "980534012", "price": 0.13142, "amount": 51.0, "side": "sell", "timestamp": 1765929062030}, {"id": "980534013", "price": 0.13142, "amount": 323.0, "side": "sell", "timestamp": 1765929064517}, {"id": "980534014", "price": 0.13143, "amount": 40.0, "side": "buy", "timestamp": 1765929064607}, {"id": "980534015", "price": 0.13143, "amount": 59.0, "side": "buy", "timestamp": 1765929065430}, {"id": "980534016", "price": 0.13142, "amount": 228.0, "side": "sell", "timestamp": 1765929065679}, {"id": "980534017", "price": 0.13143, "amount": 54.0, "side": "buy", "timestamp": 1765929065760}, {"id": "980534018", "price": 0.13142, "amount": 107.0, "side": "sell", "timestamp": 1765929066025}, {"id": "980534019", "price": 0.13143, "amount": 124.0, "side": "buy", "timestamp": 1765929067451}, {"id": "980534020", "price": 0.13142, "amount": 1205.0, "side": "sell", "timestamp": 1765929067533}, {"id": "980534021", "price": 0.13142, "amount": 120.0, "side": "sell", "timestamp": 1765929067910}, {"id": "980534022", "price": 0.13142, "amount": 291.0, "side": "sell", "timestamp": 1765929068315}, {"id": "980534023", "price": 0.13143, "amount": 7608.0, "side": "buy", "timestamp": 1765929068789}, {"id": "980534024", "price": 0.13142, "amount": 2282.0, "side": "sell", "timestamp": 1765929069449}, {"id": "980534025", "price": 0.13143, "amount": 168.0, "side": "buy", "timestamp": 1765929069757}, {"id": "980534026", "price": 0.13143, "amount": 331.0, "side": "buy", "timestamp": 1765929069927}, {"id": "980534027", "price": 0.13143, "amount": 234.0, "side": "buy", "timestamp": 1765929070087}, {"id": "980534028", "price": 0.13142, "amount": 876.0, "side": "sell", "timestamp": 1765929070144}, {"id": "980534089", "price": 0.13149, "amount": 106.0, "side": "sell", "timestamp": 1765929099052}, {"id": "980534090", "price": 0.1315, "amount": 250.0, "side": "buy", "timestamp": 1765929099766}, {"id": "980534091", "price": 0.1315, "amount": 249.0, "side": "buy", "timestamp": 1765929099896}, {"id": "980534092", "price": 0.1315, "amount": 125.0, "side": "buy", "timestamp": 1765929100054}, {"id": "980534093", "price": 0.1315, "amount": 324.0, "side": "buy", "timestamp": 1765929100193}, {"id": "980534094", "price": 0.1315, "amount": 118.0, "side": "buy", "timestamp": 1765929101083}, {"id": "980534095", "price": 0.13149, "amount": 106.0, "side": "sell", "timestamp": 1765929102095}, {"id": "980534096", "price": 0.1315, "amount": 27059.0, "side": "buy", "timestamp": 1765929102831}, {"id": "980534097", "price": 0.1315, "amount": 333.0, "side": "buy", "timestamp": 1765929104152}, {"id": "980534098", "price": 0.1315, "amount": 146.0, "side": "buy", "timestamp": 1765929104766}, {"id": "980534099", "price": 0.1315, "amount": 265.0, "side": "buy", "timestamp": 1765929104968}, {"id": "980534100", "price": 0.1315, "amount": 231.0, "side": "buy", "timestamp": 1765929105095}, {"id": "980534101", "price": 0.13149, "amount": 106.0, "side": "sell", "timestamp": 1765929105123}, {"id": "980534102", "price": 0.13149, "amount": 287.0, "side": "sell", "timestamp": 1765929105667}, {"id": "980534103", "price": 0.13149, "amount": 127.0, "side": "sell", "timestamp": 1765929106169}, {"id": "980534104", "price": 0.1315, "amount": 15.0, "side": "buy", "timestamp": 1765929106587}, {"id": "980534105", "price": 0.1315, "amount": 40.0, "side": "buy", "timestamp": 1765929107762}, {"id": "980534106", "price": 0.1315, "amount": 32.0, "side": "buy", "timestamp": 1765929107946}, {"id": "980534107", "price": 0.13149, "amount": 106.0, "side": "sell", "timestamp": 1765929108143}, {"id": "980534108", "price": 0.1315, "amount": 64.0, "side": "buy", "timestamp": 1765929108864}, {"id": "980534109", "price": 0.1315, "amount": 49.0, "side": "buy", "timestamp": 1765929109354}, {"id": "980534110", "price": 0.1315, "amount": 145.0, "side": "buy", "timestamp": 1765929109858}, {"id": "980534111", "price": 0.1315, "amount": 195.0, "side": "buy", "timestamp": 1765929109975}, {"id": "980534112", "price": 0.1315, "amount": 221.0, "side": "buy", "timestamp": 1765929110100}, {"id": "980534113", "price": 0.1315, "amount": 356.0, "side": "buy", "timestamp": 1765929110469}, {"id": "980534114", "price": 0.1315, "amount": 54.0, "side": "buy", "timestamp": 1765929110837}, {"id": "980534115", "price": 0.13149, "amount": 106.0, "side": "sell", "timestamp": 1765929111195}, {"id": "980534116", "price": 0.1315, "amount": 408.0, "side": "buy", "timestamp": 1765929112270}, {"id": "980534117", "price": 0.1315, "amount": 56.0, "side": "buy", "timestamp": 1765929112746}, {"id": "980534118", "price": 0.13149, "amount": 54.0, "side": "sell", "timestamp": 1765929113759}, {"id": "980534119", "price": 0.1315, "amount": 67.0, "side": "buy", "timestamp": 1765929113914}, {"id": "980534120", "price": 0.13149, "amount": 106.0, "side": "sell", "timestamp": 1765929114007}, {"id": "980534121", "price": 0.1315, "amount": 325.0, "side": "buy", "timestamp": 1765929114345}, {"id": "980534122", "price": 0.1315, "amount": 267.0, "side": "buy", "timestamp": 1765929114701}, {"id": "980534123", "price": 0.1315, "amount": 377.0, "side": "buy", "timestamp": 1765929115438}, {"id": "980534124", "price": 0.1315, "amount": 1327.0, "side": "buy", "timestamp": 1765929115701}, {"id": "980534125", "price": 0.13149, "amount": 737.0, "side": "sell", "timestamp": 1765929116892}, {"id": "980534126", "price": 0.13149, "amount": 106.0, "side": "sell", "timestamp": 1765929117035}, {"id": "980534127", "price": 0.1315, "amount": 1994.0, "side": "buy", "timestamp": 1765929117084}, {"id": "980534128", "price": 0.1315, "amount": 15.0, "side": "buy", "timestamp": 1765929117734}, {"id": "980534129", "price": 0.13149, "amount": 22402.0, "side": "sell", "timestamp": 1765929118514}, {"id": "980534130", "price": 0.1315, "amount": 192.0, "side": "buy", "timestamp": 1765929119658}, {"id": "980534131", "price": 0.13149, "amount": 106.0, "side": "sell", "timestamp": 1765929120065}, {"id": "980534132", "price": 0.1315, "amount": 81.0, "side": "buy", "timestamp": 1765929120652}, {"id": "980534133", "price": 0.13149, "amount": 127.0, "side": "sell", "timestamp": 1765929121126}, {"id": "980534134", "price": 0.1315, "amount": 54038.0, "side": "buy", "timestamp": 1765929121241}, {"id": "980534135", "price": 0.13151, "amount": 23536.0, "side": "buy", "timestamp": 1765929121272}, {"id": "980534136", "price": 0.13151, "amount": 1521.0, "side": "sell", "timestamp": 1765929121408}, {"id": "980534137", "price": 0.13152, "amount": 250.0, "side": "buy", "timestamp": 1765929121833}, {"id": "980534138", "price": 0.13151, "amount": 73.0, "side": "sell", "timestamp": 1765929122050}, {"id": "980534186", "price": 0.13149, "amount": 6765.0, "side": "sell", "timestamp": 1765929146228}, {"id": "980534187", "price": 0.13148, "amount": 1340.0, "side": "sell", "timestamp": 1765929146337}, {"id": "980534188", "price": 0.13147, "amount": 373.0, "side": "sell", "timestamp": 1765929146527}, {"id": "980534189", "price": 0.13147, "amount": 13649.0, "side": "sell", "timestamp": 1765929147028}, {"id": "980534190", "price": 0.13147, "amount": 58.0, "side": "buy", "timestamp": 1765929147224}, {"id": "980534191", "price": 0.13147, "amount": 195.0, "side": "buy", "timestamp": 1765929148048}, {"id": "980534192", "price": 0.13147, "amount": 17.0, "side": "buy", "timestamp": 1765929148834}, {"id": "980534193", "price": 0.13146, "amount": 1241.0, "side": "sell", "timestamp": 1765929149763}, {"id": "980534194", "price": 0.13146, "amount": 127.0, "side": "sell", "timestamp": 1765929151197}, {"id": "980534195", "price": 0.13146, "amount": 1000.0, "side": "sell", "timestamp": 1765929151323}, {"id": "980534196", "price": 0.13147, "amount": 29.0, "side": "buy", "timestamp": 1765929151332}, {"id": "980534197", "price": 0.13146, "amount": 106.0, "side": "sell", "timestamp": 1765929152254}, {"id": "980534198", "price": 0.13147, "amount": 8.0, "side": "buy", "timestamp": 1765929152305}, {"id": "980534199", "price": 0.13147, "amount": 33.0, "side": "buy", "timestamp": 1765929154083}, {"id": "980534200", "price": 0.13147, "amount": 38.0, "side": "buy", "timestamp": 1765929154373}, {"id": "980534201", "price": 0.13147, "amount": 17.0, "side": "buy", "timestamp": 1765929155479}, {"id": "980534202", "price": 0.13146, "amount": 382.0, "side": "sell", "timestamp": 1765929155959}, {"id": "980534203", "price": 0.13147, "amount": 4.0, "side": "buy", "timestamp": 1765929156258}, {"id": "980534204", "price": 0.13146, "amount": 39921.0, "side": "sell", "timestamp": 1765929156710}, {"id": "980534205", "price": 0.13145, "amount": 3005.0, "side": "sell", "timestamp": 1765929158638}, {"id": "980534206", "price": 0.13145, "amount": 3459.0, "side": "sell", "timestamp": 1765929159877}, {"id": "980534207", "price": 0.13145, "amount": 11.0, "side": "buy", "timestamp": 1765929160275}, {"id": "980534208", "price": 0.13144, "amount": 1033.0, "side": "sell", "timestamp": 1765929160294}, {"id": "980534209", "price": 0.13143, "amount": 7228.0, "side": "sell", "timestamp": 1765929160436}, {"id": "980534210", "price": 0.13143, "amount": 46.0, "side": "buy", "timestamp": 1765929160808}, {"id": "980534211", "price": 0.13143, "amount": 228.0, "side": "buy", "timestamp": 1765929162083}, {"id": "980534212", "price": 0.13143, "amount": 19.0, "side": "buy", "timestamp": 1765929162469}, {"id": "980534213", "price": 0.13143, "amount": 83.0, "side": "buy", "timestamp": 1765929163909}, {"id": "980534214", "price": 0.13142, "amount": 39.0, "side": "sell", "timestamp": 1765929164021}, {"id": "980534215", "price": 0.13142, "amount": 54.0, "side": "sell", "timestamp": 1765929164593}, {"id": "980534216", "price": 0.13143, "amount": 25.0, "side": "buy", "timestamp": 1765929164702}, {"id": "980534217", "price": 0.13143, "amount": 156.0, "side": "buy", "timestamp": 1765929164937}, {"id": "980534218", "price": 0.13143, "amount": 2723.0, "side": "buy", "timestamp": 1765929165696}, {"id": "980534219", "price": 0.13142, "amount": 142.0, "side": "sell", "timestamp": 1765929166655}, {"id": "980534220", "price": 0.13143, "amount": 91.0, "side": "buy", "timestamp": 1765929167707}, {"id": "980534221", "price": 0.13142, "amount": 42.0, "side": "sell", "timestamp": 1765929168511}, {"id": "980534222", "price": 0.13143, "amount": 22066.0, "side": "buy", "timestamp": 1765929169570}, {"id": "980534223", "price": 0.13142, "amount": 1521.0, "side": "sell", "timestamp": 1765929169735}, {"id": "980534224", "price": 0.13143, "amount": 6.0, "side": "buy", "timestamp": 1765929170774}, {"id": "980534225", "price": 0.13143, "amount": 61.0, "side": "buy", "timestamp": 1765929170887}, {"id": "980534226", "price": 0.13142, "amount": 92.0, "side": "sell", "timestamp": 1765929172124}, {"id": "980534227", "price": 0.13143, "amount": 48051.0, "side": "buy", "timestamp": 1765929172548}, {"id": "980534228", "price": 0.13144, "amount": 5630.0, "side": "buy", "timestamp": 1765929172585}, {"id": "980534229", "price": 0.13143, "amount": 2268.0, "side": "sell", "timestamp": 1765929173887}, {"id": "980534230", "price": 0.13144, "amount": 31715.0, "side": "buy", "timestamp": 1765929174444}, {"id": "980534231", "price": 0.13145, "amount": 5135.0, "side": "buy", "timestamp": 1765929174543}, {"id": "980534232", "price": 0.13145, "amount": 3043.0, "side": "sell", "timestamp": 1765929174585}, {"id": "980534233", "price": 0.13145, "amount": 6850.0, "side": "sell", "timestamp": 1765929174708}, {"id": "980534234", "price": 0.13146, "amount": 11244.0, "side": "buy", "timestamp": 1765929175645}, {"id": "980534235", "price": 0.13147, "amount": 4412.0, "side": "buy", "timestamp": 1765929175656}, {"id": "980534289", "price": 0.13151, "amount": 90.0, "side": "buy", "timestamp": 1765929205077}, {"id": "980534290", "price": 0.1315, "amount": 106.0, "side": "sell", "timestamp": 1765929205106}, {"id": "980534291", "price": 0.1315, "amount": 585.0, "side": "sell", "timestamp": 1765929207543}, {"id": "980534292", "price": 0.13151, "amount": 929.0, "side": "buy", "timestamp": 1765929207650}, {"id": "980534293", "price": 0.1315, "amount": 106.0, "side": "sell", "timestamp": 1765929208131}, {"id": "980534294", "price": 0.13151, "amount": 212.0, "side": "buy", "timestamp": 1765929209279}, {"id": "980534295", "price": 0.13151, "amount": 197.0, "side": "buy", "timestamp": 1765929209810}, {"id": "980534296", "price": 0.1315, "amount": 106.0, "side": "sell", "timestamp": 1765929211151}, {"id": "980534297", "price": 0.13151, "amount": 30.0, "side": "buy", "timestamp": 1765929212446}, {"id": "980534298", "price": 0.1315, "amount": 106.0, "side": "sell", "timestamp": 1765929214189}, {"id": "980534299", "price": 0.1315, "amount": 1040.0, "side": "sell", "timestamp": 1765929214634}, {"id": "980534300", "price": 0.13151, "amount": 92.0, "side": "buy", "timestamp": 1765929214817}, {"id": "980534301", "price": 0.13151, "amount": 123.0, "side": "buy", "timestamp": 1765929214987}, {"id": "980534302", "price": 0.13151, "amount": 37.0, "side": "buy", "timestamp": 1765929215497}, {"id": "980534303", "price": 0.13151, "amount": 57.0, "side": "buy", "timestamp": 1765929216564}, {"id": "980534304", "price": 0.13151, "amount": 20733.0, "side": "buy", "timestamp": 1765929216986}, {"id": "980534305", "price": 0.13152, "amount": 90277.0, "side": "buy", "timestamp": 1765929216996}, {"id": "980534306", "price": 0.13152, "amount": 106.0, "side": "sell", "timestamp": 1765929217059}, {"id": "980534307", "price": 0.13153, "amount": 30704.0, "side": "buy", "timestamp": 1765929217089}, {"id": "980534308", "price": 0.13154, "amount": 43082.0, "side": "buy", "timestamp": 1765929217171}, {"id": "980534309", "price": 0.13155, "amount": 20866.0, "side": "buy", "timestamp": 1765929217219}, {"id": "980534310", "price": 0.13156, "amount": 9.0, "side": "buy", "timestamp": 1765929217265}, {"id": "980534311", "price": 0.13156, "amount": 5046.0, "side": "buy", "timestamp": 1765929217402}, {"id": "980534312", "price": 0.13155, "amount": 42.0, "side": "sell", "timestamp": 1765929217606}, {"id": "980534313", "price": 0.13156, "amount": 9288.0, "side": "buy", "timestamp": 1765929217651}, {"id": "980534314", "price": 0.13157, "amount": 8208.0, "side": "buy", "timestamp": 1765929217724}, {"id": "980534315", "price": 0.13158, "amount": 9780.0, "side": "buy", "timestamp": 1765929217972}, {"id": "980534316", "price": 0.13159, "amount": 12297.0, "side": "buy", "timestamp": 1765929218015}, {"id": "980534317", "price": 0.1316, "amount": 21366.0, "side": "buy", "timestamp": 1765929218451}, {"id": "980534318", "price": 0.1316, "amount": 155.0, "side": "sell", "timestamp": 1765929218792}, {"id": "980534319", "price": 0.13161, "amount": 1143.0, "side": "buy", "timestamp": 1765929219156}, {"id": "980534320", "price": 0.13161, "amount": 26140.0, "side": "buy", "timestamp": 1765929219317}, {"id": "980534321", "price": 0.13162, "amount": 655.0, "side": "buy", "timestamp": 1765929219344}, {"id": "980534322", "price": 0.13163, "amount": 105.0, "side": "buy", "timestamp": 1765929219769}, {"id": "980534323", "price": 0.13162, "amount": 6224.0, "side": "sell", "timestamp": 1765929219905}, {"id": "980534324", "price": 0.13162, "amount": 106.0, "side": "buy", "timestamp": 1765929219954}, {"id": "980534325", "price": 0.13161, "amount": 106.0, "side": "sell", "timestamp": 1765929220049}, {"id": "980534326", "price": 0.13161, "amount": 36788.0, "side": "sell", "timestamp": 1765929220252}, {"id": "980534327", "price": 0.1316, "amount": 29645.0, "side": "sell", "timestamp": 1765929220597}, {"id": "980534328", "price": 0.1316, "amount": 3531.0, "side": "buy", "timestamp": 1765929220635}, {"id": "980534329", "price": 0.1316, "amount": 486.0, "side": "buy", "timestamp": 1765929220970}, {"id": "980534330", "price": 0.1316, "amount": 87.0, "side": "buy", "timestamp": 1765929221826}, {"id": "980534331", "price": 0.13159, "amount": 106.0, "side": "sell", "timestamp": 1765929223141}, {"id": "980534332", "price": 0.1316, "amount": 228.0, "side": "buy", "timestamp": 1765929223311}, {"id": "980534333", "price": 0.1316, "amount": 91.0, "side": "buy", "timestamp": 1765929224739}, {"id": "980534334", "price": 0.13159, "amount": 160.0, "side": "sell", "timestamp": 1765929224904}, {"id": "980534335", "price": 0.1316, "amount": 120.0, "side": "buy", "timestamp": 1765929224909}, {"id": "980534336", "price": 0.1316, "amount": 876.0, "side": "buy", "timestamp": 1765929225563}, {"id": "980534337", "price": 0.13159, "amount": 106.0, "side": "sell", "timestamp": 1765929226174}, {"id": "980534338", "price": 0.13159, "amount": 57.0, "side": "sell", "timestamp": 1765929226621}, {"id": "980534387", "price": 0.13163, "amount": 1068.0, "side": "sell", "timestamp": 1765929250496}, {"id": "980534388", "price": 0.13164, "amount": 15225.0, "side": "buy", "timestamp": 1765929252128}, {"id": "980534389", "price": 0.13163, "amount": 3396.0, "side": "sell", "timestamp": 1765929253011}, {"id": "980534390", "price": 0.13162, "amount": 148790.0, "side": "sell", "timestamp": 1765929253043}, {"id": "980534391", "price": 0.13161, "amount": 1063.0, "side": "sell", "timestamp": 1765929253386}, {"id": "980534392", "price": 0.13162, "amount": 54682.0, "side": "buy", "timestamp": 1765929253491}, {"id": "980534393", "price": 0.13161, "amount": 106.0, "side": "sell", "timestamp": 1765929256071}, {"id": "980534394", "price": 0.13162, "amount": 24.0, "side": "buy", "timestamp": 1765929256902}, {"id": "980534395", "price": 0.13162, "amount": 90404.0, "side": "buy", "timestamp": 1765929257562}, {"id": "980534396", "price": 0.13163, "amount": 4227.0, "side": "buy", "timestamp": 1765929257607}, {"id": "980534397", "price": 0.13162, "amount": 1521.0, "side": "sell", "timestamp": 1765929257722}, {"id": "980534398", "price": 0.13162, "amount": 2071.0, "side": "sell", "timestamp": 1765929257987}, {"id": "980534399", "price": 0.13162, "amount": 106.0, "side": "sell", "timestamp": 1765929259123}, {"id": "980534400", "price": 0.13163, "amount": 10316.0, "side": "buy", "timestamp": 1765929259394}, {"id": "980534401", "price": 0.13163, "amount": 882.0, "side": "sell", "timestamp": 1765929261866}, {"id": "980534402", "price": 0.13163, "amount": 106.0, "side": "sell", "timestamp": 1765929262166}, {"id": "980534403", "price": 0.13163, "amount": 493.0, "side": "sell", "timestamp": 1765929262754}, {"id": "980534404", "price": 0.13163, "amount": 106.0, "side": "sell", "timestamp": 1765929265201}, {"id": "980534405", "price": 0.13163, "amount": 49694.0, "side": "sell", "timestamp": 1765929265971}, {"id": "980534406", "price": 0.13162, "amount": 3043.0, "side": "sell", "timestamp": 1765929266126}, {"id": "980534407", "price": 0.13162, "amount": 288.0, "side": "sell", "timestamp": 1765929268020}, {"id": "980534408", "price": 0.13162, "amount": 1276.0, "side": "sell", "timestamp": 1765929268766}, {"id": "980534409", "price": 0.13163, "amount": 57.0, "side": "buy", "timestamp": 1765929268785}, {"id": "980534410", "price": 0.13162, "amount": 333.0, "side": "sell", "timestamp": 1765929269764}, {"id": "980534411", "price": 0.13162, "amount": 570.0, "side": "sell", "timestamp": 1765929269907}, {"id": "980534412", "price": 0.13162, "amount": 91.0, "side": "sell", "timestamp": 1765929270100}, {"id": "980534413", "price": 0.13163, "amount": 23.0, "side": "buy", "timestamp": 1765929270737}, {"id": "980534414", "price": 0.13162, "amount": 106.0, "side": "sell", "timestamp": 1765929271064}, {"id": "980534415", "price": 0.13162, "amount": 881.0, "side": "sell", "timestamp": 1765929272379}, {"id": "980534416", "price": 0.13163, "amount": 3039.0, "side": "buy", "timestamp": 1765929272482}, {"id": "980534417", "price": 0.13162, "amount": 515.0, "side": "sell", "timestamp": 1765929273134}, {"id": "980534418", "price": 0.13163, "amount": 29.0, "side": "buy", "timestamp": 1765929273582}, {"id": "980534419", "price": 0.13162, "amount": 106.0, "side": "sell", "timestamp": 1765929274085}, {"id": "980534420", "price": 0.13163, "amount": 15831.0, "side": "buy", "timestamp": 1765929274783}, {"id": "980534421", "price": 0.13162, "amount": 588.0, "side": "sell", "timestamp": 1765929274788}, {"id": "980534422", "price": 0.13162, "amount": 412.0, "side": "sell", "timestamp": 1765929275110}, {"id": "980534423", "price": 0.13162, "amount": 91.0, "side": "sell", "timestamp": 1765929275686}, {"id": "980534424", "price": 0.13163, "amount": 53.0, "side": "buy", "timestamp": 1765929276042}, {"id": "980534425", "price": 0.13163, "amount": 51.0, "side": "buy", "timestamp": 1765929276274}, {"id": "980534426", "price": 0.13163, "amount": 37.0, "side": "buy", "timestamp": 1765929276565}, {"id": "980534427", "price": 0.13163, "amount": 226.0, "side": "buy", "timestamp": 1765929276826}, {"id": "980534428", "price": 0.13162, "amount": 106.0, "side": "sell", "timestamp": 1765929277110}, {"id": "980534429", "price": 0.13163, "amount": 23.0, "side": "buy", "timestamp": 1765929277440}, {"id": "980534430", "price": 0.13163, "amount": 9.0, "side": "buy", "timestamp": 1765929278712}, {"id": "980534431", "price": 0.13163, "amount": 67763.0, "side": "buy", "timestamp": 1765929279278}, {"id": "980534432", "price": 0.13164, "amount": 90634.0, "side": "buy", "timestamp": 1765929279289}, {"id": "980534433", "price": 0.13165, "amount": 10760.0, "side": "buy", "timestamp": 1765929279345}, {"id": "980534434", "price": 0.13164, "amount": 46.0, "side": "sell", "timestamp": 1765929279893}, {"id": "980534435", "price": 0.13164, "amount": 4564.0, "side": "sell", "timestamp": 1765929279995}, {"id": "980534436", "price": 0.13164, "amount": 106.0, "side": "sell", "timestamp": 1765929280138}, {"id": "980534485", "price": 0.13169, "amount": 196.0, "side": "buy", "timestamp": 1765929306091}, {"id": "980534486", "price": 0.13168, "amount": 106.0, "side": "sell", "timestamp": 1765929307177}, {"id": "980534487", "price": 0.13169, "amount": 227.0, "side": "buy", "timestamp": 1765929307263}, {"id": "980534488", "price": 0.13169, "amount": 7610.0, "side": "buy", "timestamp": 1765929309333}, {"id": "980534489", "price": 0.13168, "amount": 106.0, "side": "sell", "timestamp": 1765929310191}, {"id": "980534490", "price": 0.13169, "amount": 9.0, "side": "buy", "timestamp": 1765929310800}, {"id": "980534491", "price": 0.13169, "amount": 350.0, "side": "buy", "timestamp": 1765929311268}, {"id": "980534492", "price": 0.13169, "amount": 1139.0, "side": "buy", "timestamp": 1765929311489}, {"id": "980534493", "price": 0.13168, "amount": 91.0, "side": "sell", "timestamp": 1765929311685}, {"id": "980534494", "price": 0.13168, "amount": 106.0, "side": "sell", "timestamp": 1765929313009}, {"id": "980534495", "price": 0.13169, "amount": 1354.0, "side": "buy", "timestamp": 1765929313160}, {"id": "980534496", "price": 0.13168, "amount": 160.0, "side": "sell", "timestamp": 1765929314570}, {"id": "980534497", "price": 0.13168, "amount": 173.0, "side": "sell", "timestamp": 1765929314726}, {"id": "980534498", "price": 0.13168, "amount": 202.0, "side": "sell", "timestamp": 1765929314933}, {"id": "980534499", "price": 0.13168, "amount": 42.0, "side": "sell", "timestamp": 1765929315034}, {"id": "980534500", "price": 0.13169, "amount": 6.0, "side": "buy", "timestamp": 1765929316038}, {"id": "980534501", "price": 0.13168, "amount": 106.0, "side": "sell", "timestamp": 1765929316061}, {"id": "980534502", "price": 0.13168, "amount": 45.0, "side": "sell", "timestamp": 1765929317406}, {"id": "980534503", "price": 0.13169, "amount": 368.0, "side": "buy", "timestamp": 1765929317447}, {"id": "980534504", "price": 0.13169, "amount": 7.0, "side": "buy", "timestamp": 1765929318640}, {"id": "980534505", "price": 0.13169, "amount": 2.0, "side": "buy", "timestamp": 1765929318933}, {"id": "980534506", "price": 0.13169, "amount": 236.0, "side": "buy", "timestamp": 1765929319045}, {"id": "980534507", "price": 0.13168, "amount": 106.0, "side": "sell", "timestamp": 1765929319128}, {"id": "980534508", "price": 0.13169, "amount": 603.0, "side": "buy", "timestamp": 1765929319212}, {"id": "980534509", "price": 0.13168, "amount": 201.0, "side": "sell", "timestamp": 1765929319960}, {"id": "980534510", "price": 0.13168, "amount": 177.0, "side": "sell", "timestamp": 1765929320091}, {"id": "980534511", "price": 0.13169, "amount": 56.0, "side": "buy", "timestamp": 1765929320350}, {"id": "980534512", "price": 0.13169, "amount": 348.0, "side": "buy", "timestamp": 1765929320573}, {"id": "980534513", "price": 0.13168, "amount": 185037.0, "side": "sell", "timestamp": 1765929321460}, {"id": "980534514", "price": 0.13167, "amount": 173770.0, "side": "sell", "timestamp": 1765929321460}, {"id": "980534515", "price": 0.13166, "amount": 38322.0, "side": "sell", "timestamp": 1765929321460}, {"id": "980534516", "price": 0.13167, "amount": 4006.0, "side": "sell", "timestamp": 1765929321934}, {"id": "980534517", "price": 0.13166, "amount": 7981.0, "side": "sell", "timestamp": 1765929321934}, {"id": "980534518", "price": 0.13166, "amount": 106.0, "side": "sell", "timestamp": 1765929322141}, {"id": "980534519", "price": 0.13167, "amount": 17.0, "side": "buy", "timestamp": 1765929322176}, {"id": "980534520", "price": 0.13167, "amount": 5851.0, "side": "buy", "timestamp": 1765929322773}, {"id": "980534521", "price": 0.13167, "amount": 26.0, "side": "buy", "timestamp": 1765929323273}, {"id": "980534522", "price": 0.13166, "amount": 229.0, "side": "sell", "timestamp": 1765929324843}, {"id": "980534523", "price": 0.13166, "amount": 238.0, "side": "sell", "timestamp": 1765929325095}, {"id": "980534524", "price": 0.13166, "amount": 82132.0, "side": "sell", "timestamp": 1765929327685}, {"id": "980534525", "price": 0.13165, "amount": 16044.0, "side": "sell", "timestamp": 1765929327691}, {"id": "980534526", "price": 0.13164, "amount": 106.0, "side": "sell", "timestamp": 1765929328031}, {"id": "980534527", "price": 0.13165, "amount": 36021.0, "side": "buy", "timestamp": 1765929329186}, {"id": "980534528", "price": 0.13165, "amount": 1520.0, "side": "sell", "timestamp": 1765929329583}, {"id": "980534529", "price": 0.13166, "amount": 1066.0, "side": "buy", "timestamp": 1765929329705}, {"id": "980534530", "price": 0.13165, "amount": 140.0, "side": "sell", "timestamp": 1765929329751}, {"id": "980534531", "price": 0.13165, "amount": 252.0, "side": "sell", "timestamp": 1765929330005}, {"id": "980534532", "price": 0.13165, "amount": 106.0, "side": "sell", "timestamp": 1765929331173}, {"id": "980534533", "price": 0.13165, "amount": 1518.0, "side": "sell", "timestamp": 1765929331360}, {"id": "980534534", "price": 0.13166, "amount": 59.0, "side": "buy", "timestamp": 1765929332114}, {"id": "980534581", "price": 0.1316, "amount": 94287.0, "side": "sell", "timestamp": 1765929363046}, {"id": "980534582", "price": 0.13159, "amount": 8531.0, "side": "sell", "timestamp": 1765929363221}, {"id": "980534583", "price": 0.13158, "amount": 1419.0, "side": "sell", "timestamp": 1765929363256}, {"id": "980534584", "price": 0.13157, "amount": 439.0, "side": "sell", "timestamp": 1765929363312}, {"id": "980534585", "price": 0.13157, "amount": 106.0, "side": "sell", "timestamp": 1765929364103}, {"id": "980534586", "price": 0.13157, "amount": 224.0, "side": "sell", "timestamp": 1765929364241}, {"id": "980534587", "price": 0.13158, "amount": 200.0, "side": "buy", "timestamp": 1765929364401}, {"id": "980534588", "price": 0.13158, "amount": 137.0, "side": "buy", "timestamp": 1765929364530}, {"id": "980534589", "price": 0.13158, "amount": 109.0, "side": "buy", "timestamp": 1765929364769}, {"id": "980534590", "price": 0.13158, "amount": 1.0, "side": "buy", "timestamp": 1765929365241}, {"id": "980534591", "price": 0.13158, "amount": 71314.0, "side": "buy", "timestamp": 1765929365376}, {"id": "980534592", "price": 0.13159, "amount": 48757.0, "side": "buy", "timestamp": 1765929365381}, {"id": "980534593", "price": 0.1316, "amount": 35488.0, "side": "buy", "timestamp": 1765929365408}, {"id": "980534594", "price": 0.13161, "amount": 48.0, "side": "buy", "timestamp": 1765929365534}, {"id": "980534595", "price": 0.1316, "amount": 76.0, "side": "sell", "timestamp": 1765929365670}, {"id": "980534596", "price": 0.13159, "amount": 153.0, "side": "sell", "timestamp": 1765929365959}, {"id": "980534597", "price": 0.13159, "amount": 38.0, "side": "buy", "timestamp": 1765929365986}, {"id": "980534598", "price": 0.13158, "amount": 153.0, "side": "sell", "timestamp": 1765929366051}, {"id": "980534599", "price": 0.13159, "amount": 198.0, "side": "buy", "timestamp": 1765929366692}, {"id": "980534600", "price": 0.13158, "amount": 106.0, "side": "sell", "timestamp": 1765929367141}, {"id": "980534601", "price": 0.13159, "amount": 1.0, "side": "buy", "timestamp": 1765929367676}, {"id": "980534602", "price": 0.13158, "amount": 27213.0, "side": "sell", "timestamp": 1765929367842}, {"id": "980534603", "price": 0.13158, "amount": 228.0, "side": "sell", "timestamp": 1765929368074}, {"id": "980534604", "price": 0.13158, "amount": 61.0, "side": "sell", "timestamp": 1765929368431}, {"id": "980534605", "price": 0.13159, "amount": 836.0, "side": "buy", "timestamp": 1765929369743}, {"id": "980534606", "price": 0.13158, "amount": 106.0, "side": "sell", "timestamp": 1765929370193}, {"id": "980534607", "price": 0.13159, "amount": 32285.0, "side": "buy", "timestamp": 1765929370608}, {"id": "980534608", "price": 0.1316, "amount": 477.0, "side": "buy", "timestamp": 1765929370676}, {"id": "980534609", "price": 0.13161, "amount": 81.0, "side": "buy", "timestamp": 1765929370843}, {"id": "980534610", "price": 0.1316, "amount": 1701.0, "side": "sell", "timestamp": 1765929370980}, {"id": "980534611", "price": 0.13161, "amount": 28694.0, "side": "buy", "timestamp": 1765929372531}, {"id": "980534612", "price": 0.13162, "amount": 321.0, "side": "buy", "timestamp": 1765929372595}, {"id": "980534613", "price": 0.13162, "amount": 106.0, "side": "sell", "timestamp": 1765929373106}, {"id": "980534614", "price": 0.13162, "amount": 65.0, "side": "sell", "timestamp": 1765929373247}, {"id": "980534615", "price": 0.13162, "amount": 1.0, "side": "sell", "timestamp": 1765929373438}, {"id": "980534616", "price": 0.13163, "amount": 59.0, "side": "buy", "timestamp": 1765929374743}, {"id": "980534617", "price": 0.13163, "amount": 102.0, "side": "buy", "timestamp": 1765929375002}, {"id": "980534618", "price": 0.13162, "amount": 106.0, "side": "sell", "timestamp": 1765929376178}, {"id": "980534619", "price": 0.13163, "amount": 175.0, "side": "buy", "timestamp": 1765929376372}, {"id": "980534620", "price": 0.13163, "amount": 7.0, "side": "buy", "timestamp": 1765929378065}, {"id": "980534621", "price": 0.13162, "amount": 106.0, "side": "sell", "timestamp": 1765929379197}, {"id": "980534622", "price": 0.13163, "amount": 378.0, "side": "buy", "timestamp": 1765929379433}, {"id": "980534623", "price": 0.13162, "amount": 732.0, "side": "sell", "timestamp": 1765929381096}, {"id": "980534624", "price": 0.13163, "amount": 5.0, "side": "buy", "timestamp": 1765929381237}, {"id": "980534625", "price": 0.13163, "amount": 1700.0, "side": "buy", "timestamp": 1765929381573}, {"id": "980534626", "price": 0.13162, "amount": 106.0, "side": "sell", "timestamp": 1765929382012}, {"id": "980534627", "price": 0.13162, "amount": 91.0, "side": "sell", "timestamp": 1765929383679}, {"id": "980534628", "price": 0.13162, "amount": 113.0, "side": "sell", "timestamp": 1765929384744}, {"id": "980534629", "price": 0.13162, "amount": 549.0, "side": "sell", "timestamp": 1765929384863}, {"id": "980534630", "price": 0.13162, "amount": 473.0, "side": "sell", "timestamp": 1765929384970}, {"id": "980534662", "price": 0.13166, "amount": 87.0, "side": "buy", "timestamp": 1765929403969}, {"id": "980534663", "price": 0.13166, "amount": 11345.0, "side": "buy", "timestamp": 1765929404144}, {"id": "980534664", "price": 0.13166, "amount": 147.0, "side": "buy", "timestamp": 1765929405014}, {"id": "980534665", "price": 0.13165, "amount": 106.0, "side": "sell", "timestamp": 1765929406118}, {"id": "980534666", "price": 0.13166, "amount": 58.0, "side": "buy", "timestamp": 1765929406535}, {"id": "980534667", "price": 0.13166, "amount": 47.0, "side": "buy", "timestamp": 1765929408056}, {"id": "980534668", "price": 0.13165, "amount": 106.0, "side": "sell", "timestamp": 1765929409162}, {"id": "980534669", "price": 0.13166, "amount": 88.0, "side": "buy", "timestamp": 1765929409192}, {"id": "980534670", "price": 0.13166, "amount": 82063.0, "side": "buy", "timestamp": 1765929409921}, {"id": "980534671", "price": 0.13167, "amount": 10327.0, "side": "buy", "timestamp": 1765929409953}, {"id": "980534672", "price": 0.13167, "amount": 106.0, "side": "sell", "timestamp": 1765929412187}, {"id": "980534673", "price": 0.13167, "amount": 4325.0, "side": "sell", "timestamp": 1765929412658}, {"id": "980534674", "price": 0.13168, "amount": 27823.0, "side": "buy", "timestamp": 1765929413366}, {"id": "980534675", "price": 0.13169, "amount": 8531.0, "side": "buy", "timestamp": 1765929413431}, {"id": "980534676", "price": 0.13168, "amount": 212.0, "side": "sell", "timestamp": 1765929413762}, {"id": "980534677", "price": 0.13168, "amount": 106.0, "side": "sell", "timestamp": 1765929415018}, {"id": "980534678", "price": 0.13168, "amount": 45.0, "side": "sell", "timestamp": 1765929416715}, {"id": "980534679", "price": 0.13169, "amount": 948.0, "side": "buy", "timestamp": 1765929417129}, {"id": "980534680", "price": 0.13168, "amount": 223.0, "side": "sell", "timestamp": 1765929417549}, {"id": "980534681", "price": 0.13168, "amount": 2837.0, "side": "sell", "timestamp": 1765929417964}, {"id": "980534682", "price": 0.13169, "amount": 60.0, "side": "buy", "timestamp": 1765929419169}, {"id": "980534683", "price": 0.13169, "amount": 43.0, "side": "buy", "timestamp": 1765929419339}, {"id": "980534684", "price": 0.13169, "amount": 19007.0, "side": "buy", "timestamp": 1765929419450}, {"id": "980534685", "price": 0.13168, "amount": 91.0, "side": "sell", "timestamp": 1765929419680}, {"id": "980534686", "price": 0.13169, "amount": 220.0, "side": "buy", "timestamp": 1765929419973}, {"id": "980534687", "price": 0.13168, "amount": 63.0, "side": "sell", "timestamp": 1765929420033}, {"id": "980534688", "price": 0.13168, "amount": 106.0, "side": "sell", "timestamp": 1765929421099}, {"id": "980534689", "price": 0.13169, "amount": 248.0, "side": "buy", "timestamp": 1765929421317}, {"id": "980534690", "price": 0.13169, "amount": 764.0, "side": "buy", "timestamp": 1765929423267}, {"id": "980534691", "price": 0.13169, "amount": 111.0, "side": "buy", "timestamp": 1765929423584}, {"id": "980534692", "price": 0.13168, "amount": 5798.0, "side": "sell", "timestamp": 1765929424100}, {"id": "980534693", "price": 0.13169, "amount": 59.0, "side": "buy", "timestamp": 1765929424767}, {"id": "980534694", "price": 0.13168, "amount": 52.0, "side": "sell", "timestamp": 1765929425092}, {"id": "980534695", "price": 0.13169, "amount": 355.0, "side": "buy", "timestamp": 1765929425093}, {"id": "980534696", "price": 0.13169, "amount": 41.0, "side": "buy", "timestamp": 1765929425243}, {"id": "980534697", "price": 0.13168, "amount": 50.0, "side": "sell", "timestamp": 1765929425340}, {"id": "980534698", "price": 0.13169, "amount": 6064.0, "side": "buy", "timestamp": 1765929425941}, {"id": "980534699", "price": 0.13169, "amount": 419.0, "side": "buy", "timestamp": 1765929426764}, {"id": "980534700", "price": 0.13168, "amount": 106.0, "side": "sell", "timestamp": 1765929427151}, {"id": "980534701", "price": 0.13168, "amount": 228.0, "side": "sell", "timestamp": 1765929428673}, {"id": "980534702", "price": 0.13168, "amount": 112.0, "side": "sell", "timestamp": 1765929429750}, {"id": "980534703", "price": 0.13169, "amount": 412.0, "side": "buy", "timestamp": 1765929429995}, {"id": "980534704", "price": 0.13168, "amount": 106.0, "side": "sell", "timestamp": 1765929430167}, {"id": "980534705", "price": 0.13169, "amount": 422.0, "side": "buy", "timestamp": 1765929430708}, {"id": "980534706", "price": 0.13168, "amount": 106.0, "side": "sell", "timestamp": 1765929433181}, {"id": "980534707", "price": 0.13168, "amount": 71.0, "side": "sell", "timestamp": 1765929433876}, {"id": "980534708", "price": 0.13169, "amount": 57.0, "side": "buy", "timestamp": 1765929434973}, {"id": "980534709", "price": 0.13168, "amount": 153.0, "side": "sell", "timestamp": 1765929435336}, {"id": "980534710", "price": 0.13168, "amount": 106.0, "side": "sell", "timestamp": 1765929436036}, {"id": "980534711", "price": 0.13169, "amount": 653.0, "side": "buy", "timestamp": 1765929437784}, {"id": "980534759", "price": 0.13171, "amount": 106.0, "side": "sell", "timestamp": 1765929469078}, {"id": "980534760", "price": 0.13172, "amount": 5314.0, "side": "buy", "timestamp": 1765929470254}, {"id": "980534761", "price": 0.13172, "amount": 54236.0, "side": "buy", "timestamp": 1765929471967}, {"id": "980534762", "price": 0.13171, "amount": 106.0, "side": "sell", "timestamp": 1765929472107}, {"id": "980534763", "price": 0.13171, "amount": 106.0, "side": "sell", "timestamp": 1765929475120}, {"id": "980534764", "price": 0.13171, "amount": 270.0, "side": "sell", "timestamp": 1765929475288}, {"id": "980534765", "price": 0.13171, "amount": 2.0, "side": "sell", "timestamp": 1765929475448}, {"id": "980534766", "price": 0.13171, "amount": 2.0, "side": "sell", "timestamp": 1765929475701}, {"id": "980534767", "price": 0.13171, "amount": 45217.0, "side": "sell", "timestamp": 1765929475860}, {"id": "980534768", "price": 0.1317, "amount": 32559.0, "side": "sell", "timestamp": 1765929475892}, {"id": "980534769", "price": 0.13169, "amount": 47749.0, "side": "sell", "timestamp": 1765929476016}, {"id": "980534770", "price": 0.13169, "amount": 542.0, "side": "buy", "timestamp": 1765929477141}, {"id": "980534771", "price": 0.13168, "amount": 19511.0, "side": "sell", "timestamp": 1765929477437}, {"id": "980534772", "price": 0.13167, "amount": 2183.0, "side": "sell", "timestamp": 1765929477595}, {"id": "980534773", "price": 0.13167, "amount": 21925.0, "side": "buy", "timestamp": 1765929477631}, {"id": "980534774", "price": 0.13166, "amount": 10798.0, "side": "sell", "timestamp": 1765929478331}, {"id": "980534775", "price": 0.13165, "amount": 75.0, "side": "sell", "timestamp": 1765929479210}, {"id": "980534776", "price": 0.13165, "amount": 172.0, "side": "sell", "timestamp": 1765929479345}, {"id": "980534777", "price": 0.13166, "amount": 19621.0, "side": "buy", "timestamp": 1765929479421}, {"id": "980534778", "price": 0.13167, "amount": 58.0, "side": "buy", "timestamp": 1765929479565}, {"id": "980534779", "price": 0.13167, "amount": 7818.0, "side": "buy", "timestamp": 1765929480619}, {"id": "980534780", "price": 0.13166, "amount": 106.0, "side": "sell", "timestamp": 1765929481006}, {"id": "980534781", "price": 0.13167, "amount": 6148.0, "side": "buy", "timestamp": 1765929481438}, {"id": "980534782", "price": 0.13167, "amount": 30585.0, "side": "buy", "timestamp": 1765929481878}, {"id": "980534783", "price": 0.13168, "amount": 525.0, "side": "buy", "timestamp": 1765929481885}, {"id": "980534784", "price": 0.13169, "amount": 1164.0, "side": "buy", "timestamp": 1765929482037}, {"id": "980534785", "price": 0.13169, "amount": 322.0, "side": "sell", "timestamp": 1765929482224}, {"id": "980534786", "price": 0.13168, "amount": 182.0, "side": "sell", "timestamp": 1765929483669}, {"id": "980534787", "price": 0.13168, "amount": 106.0, "side": "sell", "timestamp": 1765929484065}, {"id": "980534788", "price": 0.13169, "amount": 244.0, "side": "buy", "timestamp": 1765929484627}, {"id": "980534789", "price": 0.13168, "amount": 56.0, "side": "sell", "timestamp": 1765929484668}, {"id": "980534790", "price": 0.13169, "amount": 48.0, "side": "buy", "timestamp": 1765929484866}, {"id": "980534791", "price": 0.13169, "amount": 91.0, "side": "buy", "timestamp": 1765929485193}, {"id": "980534792", "price": 0.13169, "amount": 14333.0, "side": "buy", "timestamp": 1765929485322}, {"id": "980534793", "price": 0.13169, "amount": 78.0, "side": "buy", "timestamp": 1765929485676}, {"id": "980534794", "price": 0.13169, "amount": 45.0, "side": "buy", "timestamp": 1765929486023}, {"id": "980534795", "price": 0.13169, "amount": 15763.0, "side": "buy", "timestamp": 1765929486143}, {"id": "980534796", "price": 0.1317, "amount": 75.0, "side": "buy", "timestamp": 1765929486870}, {"id": "980534797", "price": 0.13169, "amount": 106.0, "side": "sell", "timestamp": 1765929487135}, {"id": "980534798", "price": 0.1317, "amount": 34416.0, "side": "buy", "timestamp": 1765929487508}, {"id": "980534799", "price": 0.13171, "amount": 28798.0, "side": "buy", "timestamp": 1765929487829}, {"id": "980534800", "price": 0.13172, "amount": 9746.0, "side": "buy", "timestamp": 1765929488487}, {"id": "980534801", "price": 0.13173, "amount": 699.0, "side": "buy", "timestamp": 1765929488590}, {"id": "980534802", "price": 0.13174, "amount": 80.0, "side": "buy", "timestamp": 1765929489136}, {"id": "980534803", "price": 0.13174, "amount": 227.0, "side": "buy", "timestamp": 1765929489446}, {"id": "980534804", "price": 0.13173, "amount": 474.0, "side": "sell", "timestamp": 1765929489451}, {"id": "980534805", "price": 0.13172, "amount": 797.0, "side": "sell", "timestamp": 1765929489451}, {"id": "980534806", "price": 0.13172, "amount": 106.0, "side": "sell", "timestamp": 1765929490162}, {"id": "980534807", "price": 0.13173, "amount": 5063.0, "side": "buy", "timestamp": 1765929490179}, {"id": "980534808", "price": 0.13173, "amount": 792.0, "side": "buy", "timestamp": 1765929490892}, {"id": "980534840", "price": 0.13176, "amount": 18091.0, "side": "buy", "timestamp": 1765929514649}, {"id": "980534841", "price": 0.13176, "amount": 228.0, "side": "buy", "timestamp": 1765929514753}, {"id": "980534842", "price": 0.13175, "amount": 228.0, "side": "sell", "timestamp": 1765929515035}, {"id": "980534843", "price": 0.13176, "amount": 11385.0, "side": "buy", "timestamp": 1765929515112}, {"id": "980534844", "price": 0.13175, "amount": 7025.0, "side": "sell", "timestamp": 1765929515400}, {"id": "980534845", "price": 0.13176, "amount": 32.0, "side": "buy", "timestamp": 1765929515710}, {"id": "980534846", "price": 0.13176, "amount": 57.0, "side": "buy", "timestamp": 1765929516491}, {"id": "980534847", "price": 0.13176, "amount": 23187.0, "side": "buy", "timestamp": 1765929517088}, {"id": "980534848", "price": 0.13175, "amount": 106.0, "side": "sell", "timestamp": 1765929517202}, {"id": "980534849", "price": 0.13176, "amount": 33957.0, "side": "buy", "timestamp": 1765929517342}, {"id": "980534850", "price": 0.13175, "amount": 50.0, "side": "sell", "timestamp": 1765929517591}, {"id": "980534851", "price": 0.13175, "amount": 53.0, "side": "sell", "timestamp": 1765929518115}, {"id": "980534852", "price": 0.13176, "amount": 27.0, "side": "buy", "timestamp": 1765929518860}, {"id": "980534853", "price": 0.13175, "amount": 150.0, "side": "sell", "timestamp": 1765929520020}, {"id": "980534854", "price": 0.13175, "amount": 54.0, "side": "sell", "timestamp": 1765929522106}, {"id": "980534855", "price": 0.13176, "amount": 3616.0, "side": "buy", "timestamp": 1765929523015}, {"id": "980534856", "price": 0.13175, "amount": 106.0, "side": "sell", "timestamp": 1765929523058}, {"id": "980534857", "price": 0.13176, "amount": 55578.0, "side": "buy", "timestamp": 1765929523076}, {"id": "980534858", "price": 0.13177, "amount": 19147.0, "side": "buy", "timestamp": 1765929523324}, {"id": "980534859", "price": 0.13177, "amount": 15445.0, "side": "buy", "timestamp": 1765929524042}, {"id": "980534860", "price": 0.13177, "amount": 6346.0, "side": "sell", "timestamp": 1765929524460}, {"id": "980534861", "price": 0.13178, "amount": 18003.0, "side": "buy", "timestamp": 1765929525389}, {"id": "980534862", "price": 0.13178, "amount": 106.0, "side": "sell", "timestamp": 1765929526020}, {"id": "980534863", "price": 0.13178, "amount": 1009.0, "side": "sell", "timestamp": 1765929527683}, {"id": "980534864", "price": 0.13179, "amount": 360.0, "side": "buy", "timestamp": 1765929528114}, {"id": "980534865", "price": 0.13179, "amount": 1016.0, "side": "buy", "timestamp": 1765929528268}, {"id": "980534866", "price": 0.13179, "amount": 3035.0, "side": "buy", "timestamp": 1765929528776}, {"id": "980534867", "price": 0.13178, "amount": 106.0, "side": "sell", "timestamp": 1765929529061}, {"id": "980534868", "price": 0.13178, "amount": 66.0, "side": "sell", "timestamp": 1765929529164}, {"id": "980534869", "price": 0.13178, "amount": 29809.0, "side": "sell", "timestamp": 1765929529461}, {"id": "980534870", "price": 0.13178, "amount": 938.0, "side": "buy", "timestamp": 1765929530038}, {"id": "980534871", "price": 0.13177, "amount": 36004.0, "side": "sell", "timestamp": 1765929530313}, {"id": "980534872", "price": 0.13177, "amount": 42.0, "side": "buy", "timestamp": 1765929530947}, {"id": "980534873", "price": 0.13176, "amount": 264.0, "side": "sell", "timestamp": 1765929531122}, {"id": "980534874", "price": 0.13177, "amount": 13591.0, "side": "buy", "timestamp": 1765929532040}, {"id": "980534875", "price": 0.13176, "amount": 106.0, "side": "sell", "timestamp": 1765929532178}, {"id": "980534876", "price": 0.13176, "amount": 106.0, "side": "sell", "timestamp": 1765929535196}, {"id": "980534877", "price": 0.13176, "amount": 42581.0, "side": "sell", "timestamp": 1765929536018}, {"id": "980534878", "price": 0.13175, "amount": 464.0, "side": "sell", "timestamp": 1765929537114}, {"id": "980534879", "price": 0.13176, "amount": 816.0, "side": "buy", "timestamp": 1765929537278}, {"id": "980534880", "price": 0.13176, "amount": 16.0, "side": "buy", "timestamp": 1765929537845}, {"id": "980534881", "price": 0.13175, "amount": 106.0, "side": "sell", "timestamp": 1765929538021}, {"id": "980534882", "price": 0.13176, "amount": 50.0, "side": "buy", "timestamp": 1765929539936}, {"id": "980534883", "price": 0.13176, "amount": 656.0, "side": "buy", "timestamp": 1765929540147}, {"id": "980534884", "price": 0.13175, "amount": 6815.0, "side": "sell", "timestamp": 1765929540202}, {"id": "980534885", "price": 0.13175, "amount": 106.0, "side": "sell", "timestamp": 1765929541055}, {"id": "980534886", "price": 0.13175, "amount": 36115.0, "side": "sell", "timestamp": 1765929541397}, {"id": "980534887", "price": 0.13175, "amount": 500.0, "side": "buy", "timestamp": 1765929541821}, {"id": "980534888", "price": 0.13175, "amount": 26.0, "side": "buy", "timestamp": 1765929542564}, {"id": "980534889", "price": 0.13174, "amount": 52.0, "side": "sell", "timestamp": 1765929542916}, {"id": "980534924", "price": 0.13172, "amount": 495.0, "side": "sell", "timestamp": 1765929562372}, {"id": "980534925", "price": 0.13172, "amount": 91.0, "side": "sell", "timestamp": 1765929563679}, {"id": "980534926", "price": 0.13173, "amount": 2098.0, "side": "buy", "timestamp": 1765929563836}, {"id": "980534927", "price": 0.13172, "amount": 438.0, "side": "sell", "timestamp": 1765929564731}, {"id": "980534928", "price": 0.13172, "amount": 372.0, "side": "sell", "timestamp": 1765929564862}, {"id": "980534929", "price": 0.13172, "amount": 14684.0, "side": "sell", "timestamp": 1765929565068}, {"id": "980534930", "price": 0.13171, "amount": 106.0, "side": "sell", "timestamp": 1765929565209}, {"id": "980534931", "price": 0.13172, "amount": 30000.0, "side": "buy", "timestamp": 1765929565237}, {"id": "980534932", "price": 0.13171, "amount": 16690.0, "side": "sell", "timestamp": 1765929565962}, {"id": "980534933", "price": 0.1317, "amount": 106.0, "side": "sell", "timestamp": 1765929568088}, {"id": "980534934", "price": 0.1317, "amount": 51.0, "side": "sell", "timestamp": 1765929568576}, {"id": "980534935", "price": 0.13171, "amount": 514.0, "side": "buy", "timestamp": 1765929569066}, {"id": "980534936", "price": 0.1317, "amount": 487.0, "side": "sell", "timestamp": 1765929569769}, {"id": "980534937", "price": 0.1317, "amount": 567.0, "side": "sell", "timestamp": 1765929569882}, {"id": "980534938", "price": 0.1317, "amount": 106.0, "side": "sell", "timestamp": 1765929571134}, {"id": "980534939", "price": 0.1317, "amount": 38.0, "side": "sell", "timestamp": 1765929571410}, {"id": "980534940", "price": 0.1317, "amount": 3813.0, "side": "sell", "timestamp": 1765929572069}, {"id": "980534941", "price": 0.13171, "amount": 247.0, "side": "buy", "timestamp": 1765929573095}, {"id": "980534942", "price": 0.1317, "amount": 106.0, "side": "sell", "timestamp": 1765929574194}, {"id": "980534943", "price": 0.1317, "amount": 132.0, "side": "sell", "timestamp": 1765929574515}, {"id": "980534944", "price": 0.1317, "amount": 582.0, "side": "sell", "timestamp": 1765929574784}, {"id": "980534945", "price": 0.1317, "amount": 829.0, "side": "sell", "timestamp": 1765929574971}, {"id": "980534946", "price": 0.1317, "amount": 106.0, "side": "sell", "timestamp": 1765929577023}, {"id": "980534947", "price": 0.13171, "amount": 646.0, "side": "buy", "timestamp": 1765929577695}, {"id": "980534948", "price": 0.1317, "amount": 350.0, "side": "sell", "timestamp": 1765929579748}, {"id": "980534949", "price": 0.13171, "amount": 18390.0, "side": "buy", "timestamp": 1765929579979}, {"id": "980534950", "price": 0.1317, "amount": 106.0, "side": "sell", "timestamp": 1765929580051}, {"id": "980534951", "price": 0.13171, "amount": 9407.0, "side": "buy", "timestamp": 1765929580749}, {"id": "980534952", "price": 0.1317, "amount": 7590.0, "side": "sell", "timestamp": 1765929581010}, {"id": "980534953", "price": 0.1317, "amount": 5815.0, "side": "sell", "timestamp": 1765929581152}, {"id": "980534954", "price": 0.1317, "amount": 66.0, "side": "sell", "timestamp": 1765929581299}, {"id": "980534955", "price": 0.13171, "amount": 3.0, "side": "buy", "timestamp": 1765929581445}, {"id": "980534956", "price": 0.13171, "amount": 54865.0, "side": "buy", "timestamp": 1765929582624}, {"id": "980534957", "price": 0.13172, "amount": 16829.0, "side": "buy", "timestamp": 1765929582624}, {"id": "980534958", "price": 0.13171, "amount": 106.0, "side": "sell", "timestamp": 1765929583066}, {"id": "980534959", "price": 0.13172, "amount": 28399.0, "side": "buy", "timestamp": 1765929583653}, {"id": "980534960", "price": 0.13172, "amount": 106.0, "side": "sell", "timestamp": 1765929586083}, {"id": "980534961", "price": 0.13173, "amount": 970.0, "side": "buy", "timestamp": 1765929586764}, {"id": "980534962", "price": 0.13173, "amount": 14495.0, "side": "buy", "timestamp": 1765929586911}, {"id": "980534963", "price": 0.13174, "amount": 77.0, "side": "buy", "timestamp": 1765929588704}, {"id": "980534964", "price": 0.13173, "amount": 106.0, "side": "sell", "timestamp": 1765929589118}, {"id": "980534965", "price": 0.13173, "amount": 5650.0, "side": "sell", "timestamp": 1765929589243}, {"id": "980534966", "price": 0.13174, "amount": 55.0, "side": "buy", "timestamp": 1765929591902}, {"id": "980534967", "price": 0.13173, "amount": 44632.0, "side": "sell", "timestamp": 1765929592132}, {"id": "980534968", "price": 0.13172, "amount": 1415.0, "side": "sell", "timestamp": 1765929592408}, {"id": "980534969", "price": 0.13171, "amount": 60780.0, "side": "sell", "timestamp": 1765929592717}, {"id": "980534970", "price": 0.13171, "amount": 379.0, "side": "buy", "timestamp": 1765929594638}, {"id": "980534971", "price": 0.1317, "amount": 54518.0, "side": "sell", "timestamp": 1765929594641}, {"id": "980534972", "price": 0.1317, "amount": 106.0, "side": "sell", "timestamp": 1765929595182}, {"id": "980534973", "price": 0.1317, "amount": 1000.0, "side": "sell", "timestamp": 1765929595346}]