[{"symbol": "ADAUSDT", "bids": [[0.3732, 85284.0], [0.3731, 87460.0], [0.373, 190054.0], [0.3729, 233455.0], [0.3728, 307548.0], [0.3727, 160754.0], [0.3726, 258840.0], [0.3725, 157146.0], [0.3724, 184665.0], [0.3723, 179071.0], [0.3722, 317066.0], [0.3721, 285056.0], [0.372, 135880.0], [0.3719, 165467.0], [0.3718, 199271.0], [0.3717, 130784.0], [0.3716, 204301.0], [0.3715, 240666.0], [0.3714, 119580.0], [0.3713, 180144.0]], "asks": [[0.3733, 117498.0], [0.3734, 161179.0], [0.3735, 199725.0], [0.3736, 318430.0], [0.3737, 193468.0], [0.3738, 236633.0], [0.3739, 190762.0], [0.374, 517163.0], [0.3741, 182375.0], [0.3742, 175502.0], [0.3743, 156031.0], [0.3744, 177292.0], [0.3745, 231222.0], [0.3746, 249793.0], [0.3747, 125035.0], [0.3748, 100872.0], [0.3749, 187701.0], [0.375, 134087.0], [0.3751, 71489.0], [0.3752, 202661.0]], "timestamp": "2025-12-19T17:38:21.693218+00:00"}, {"symbol": "ADAUSDT", "bids": [[0.3728, 104206.0], [0.3727, 126752.0], [0.3726, 190120.0], [0.3725, 213217.0], [0.3724, 256076.0], [0.3723, 272346.0], [0.3722, 188716.0], [0.3721, 314894.0], [0.372, 139968.0], [0.3719, 147768.0], [0.3718, 180935.0], [0.3717, 206146.0], [0.3716, 336794.0], [0.3715, 174971.0], [0.3714, 210755.0], [0.3713, 204102.0], [0.3712, 229932.0], [0.3711, 276536.0], [0.371, 401223.0], [0.3709, 445925.0]], "asks": [[0.3729, 151816.0], [0.373, 166582.0], [0.3731, 207486.0], [0.3732, 267347.0], [0.3733, 192739.0], [0.3734, 231538.0], [0.3735, 228172.0], [0.3736, 149111.0], [0.3737, 237127.0], [0.3738, 231813.0], [0.3739, 221693.0], [0.374, 258138.0], [0.3741, 101173.0], [0.3742, 148185.0], [0.3743, 185534.0], [0.3744, 128249.0], [0.3745, 133393.0], [0.3746, 122070.0], [0.3747, 183101.0], [0.3748, 69796.0]], "timestamp": "2025-12-19T17:39:15.145735+00:00"}, {"symbol": "ADAUSDT", "bids": [[0.3727, 89165.0], [0.3726, 135436.0], [0.3725, 212568.0], [0.3724, 161667.0], [0.3723, 257701.0], [0.3722, 206102.0], [0.3721, 340924.0], [0.372, 235578.0], [0.3719, 136959.0], [0.3718, 161575.0], [0.3717, 161910.0], [0.3716, 177585.0], [0.3715, 225768.0], [0.3714, 159217.0], [0.3713, 162148.0], [0.3712, 192425.0], [0.3711, 291126.0], [0.371, 266332.0], [0.3709, 252737.0], [0.3708, 209696.0]], "asks": [[0.3728, 215830.0], [0.3729, 207890.0], [0.373, 217174.0], [0.3731, 305545.0], [0.3732, 198444.0], [0.3733, 187872.0], [0.3734, 263675.0], [0.3735, 454249.0], [0.3736, 225947.0], [0.3737, 159544.0], [0.3738, 222779.0], [0.3739, 146381.0], [0.374, 119056.0], [0.3741, 144101.0], [0.3742, 241631.0], [0.3743, 130170.0], [0.3744, 162556.0], [0.3745, 149644.0], [0.3746, 116201.0], [0.3747, 96311.0]], "timestamp": "2025-12-19T17:40:07.984490+00:00"}, {"symbol": "ADAUSDT", "bids": [[0.3724, 90471.0], [0.3723, 216882.0], [0.3722, 241465.0], [0.3721, 350088.0], [0.372, 278297.0], [0.3719, 257163.0], [0.3718, 208928.0], [0.3717, 141911.0], [0.3716, 188906.0], [0.3715, 194114.0], [0.3714, 161259.0], [0.3713, 338942.0], [0.3712, 211457.0], [0.3711, 154719.0], [0.371, 145017.0], [0.3709, 143498.0], [0.3708, 140214.0], [0.3707, 147044.0], [0.3706, 399532.0], [0.3705, 463845.0]], "asks": [[0.3725, 9761.0], [0.3726, 200323.0], [0.3727, 212796.0], [0.3728, 272521.0], [0.3729, 176211.0], [0.373, 214317.0], [0.3731, 231962.0], [0.3732, 236443.0], [0.3733, 175050.0], [0.3734, 190849.0], [0.3735, 246140.0], [0.3736, 132459.0], [0.3737, 142247.0], [0.3738, 196949.0], [0.3739, 210465.0], [0.374, 132033.0], [0.3741, 111517.0], [0.3742, 129298.0], [0.3743, 186792.0], [0.3744, 189675.0]], "timestamp": "2025-12-19T17:41:00.805922+00:00"}, {"symbol": "ADAUSDT", "bids": [[0.3715, 12352.0], [0.3714, 42406.0], [0.3713, 159651.0], [0.3712, 180063.0], [0.3711, 221685.0], [0.371, 218326.0], [0.3709, 130583.0], [0.3708, 141141.0], [0.3707, 134803.0], [0.3706, 191920.0], [0.3705, 263550.0], [0.3704, 366052.0], [0.3703, 191178.0], [0.3702, 215718.0], [0.3701, 247092.0], [0.37, 141386.0], [0.3699, 338540.0], [0.3698, 316176.0], [0.3697, 300826.0], [0.3696, 402355.0]], "asks": [[0.3716, 130559.0], [0.3717, 125419.0], [0.3718, 235192.0], [0.3719, 241134.0], [0.372, 193732.0], [0.3721, 203480.0], [0.3722, 250004.0], [0.3723, 179338.0], [0.3724, 221555.0], [0.3725, 177198.0], [0.3726, 212729.0], [0.3727, 127310.0], [0.3728, 176090.0], [0.3729, 155482.0], [0.373, 170966.0], [0.3731, 170734.0], [0.3732, 111601.0], [0.3733, 84538.0], [0.3734, 111995.0], [0.3735, 79887.0]], "timestamp": "2025-12-19T17:41:53.356048+00:00"}, {"symbol": "ADAUSDT", "bids": [[0.3723, 4948.0], [0.3722, 171114.0], [0.3721, 244097.0], [0.372, 241842.0], [0.3719, 353893.0], [0.3718, 307659.0], [0.3717, 231190.0], [0.3716, 206709.0], [0.3715, 161931.0], [0.3714, 126743.0], [0.3713, 137937.0], [0.3712, 146483.0], [0.3711, 138644.0], [0.371, 159300.0], [0.3709, 232163.0], [0.3708, 258116.0], [0.3707, 176814.0], [0.3706, 238579.0], [0.3705, 232109.0], [0.3704, 352691.0]], "asks": [[0.3724, 168493.0], [0.3725, 142297.0], [0.3726, 224300.0], [0.3727, 228868.0], [0.3728, 155735.0], [0.3729, 193909.0], [0.373, 217750.0], [0.3731, 220772.0], [0.3732, 210041.0], [0.3733, 150536.0], [0.3734, 176574.0], [0.3735, 173852.0], [0.3736, 217313.0], [0.3737, 132648.0], [0.3738, 154230.0], [0.3739, 235843.0], [0.374, 97702.0], [0.3741, 78634.0], [0.3742, 120767.0], [0.3743, 130881.0]], "timestamp": "2025-12-19T17:42:46.398933+00:00"}, {"symbol": "ADAUSDT", "bids": [[0.3723, 145513.0], [0.3722, 157550.0], [0.3721, 194043.0], [0.372, 279392.0], [0.3719, 215200.0], [0.3718, 168264.0], [0.3717, 168785.0], [0.3716, 229072.0], [0.3715, 150031.0], [0.3714, 114494.0], [0.3713, 140343.0], [0.3712, 136814.0], [0.3711, 267453.0], [0.371, 191461.0], [0.3709, 315026.0], [0.3708, 164503.0], [0.3707, 166652.0], [0.3706, 227892.0], [0.3705, 369288.0], [0.3704, 231058.0]], "asks": [[0.3724, 126243.0], [0.3725, 110429.0], [0.3726, 124281.0], [0.3727, 173634.0], [0.3728, 264158.0], [0.3729, 207954.0], [0.373, 205479.0], [0.3731, 177277.0], [0.3732, 221621.0], [0.3733, 140385.0], [0.3734, 195094.0], [0.3735, 144482.0], [0.3736, 230295.0], [0.3737, 178674.0], [0.3738, 155510.0], [0.3739, 88303.0], [0.374, 118755.0], [0.3741, 152059.0], [0.3742, 111704.0], [0.3743, 95602.0]], "timestamp": "2025-12-19T17:43:39.135597+00:00"}, {"symbol": "ADAUSDT", "bids": [[0.3723, 75100.0], [0.3722, 130837.0], [0.3721, 191916.0], [0.372, 237829.0], [0.3719, 317049.0], [0.3718, 236964.0], [0.3717, 148633.0], [0.3716, 184036.0], [0.3715, 192166.0], [0.3714, 125440.0], [0.3713, 157109.0], [0.3712, 264976.0], [0.3711, 304744.0], [0.371, 174564.0], [0.3709, 218862.0], [0.3708, 142441.0], [0.3707, 217891.0], [0.3706, 300622.0], [0.3705, 369470.0], [0.3704, 192664.0]], "asks": [[0.3724, 144100.0], [0.3725, 209507.0], [0.3726, 255560.0], [0.3727, 244654.0], [0.3728, 195195.0], [0.3729, 235572.0], [0.373, 282759.0], [0.3731, 174688.0], [0.3732, 166938.0], [0.3733, 165911.0], [0.3734, 186714.0], [0.3735, 153539.0], [0.3736, 332014.0], [0.3737, 137548.0], [0.3738, 166875.0], [0.3739, 100122.0], [0.374, 107408.0], [0.3741, 79547.0], [0.3742, 85103.0], [0.3743, 93330.0]], "timestamp": "2025-12-19T17:44:31.970434+00:00"}, {"symbol": "ADAUSDT", "bids": [[0.3706, 20604.0], [0.3705, 132726.0], [0.3704, 178788.0], [0.3703, 143035.0], [0.3702, 200944.0], [0.3701, 126914.0], [0.37, 229273.0], [0.3699, 142055.0], [0.3698, 142204.0], [0.3697, 156246.0], [0.3696, 110126.0], [0.3695, 132498.0], [0.3694, 301893.0], [0.3693, 141887.0], [0.3692, 235969.0], [0.3691, 195542.0], [0.369, 205446.0], [0.3689, 151094.0], [0.3688, 196618.0], [0.3687, 319592.0]], "asks": [[0.3707, 219520.0], [0.3708, 205942.0], [0.3709, 305928.0], [0.371, 377437.0], [0.3711, 291891.0], [0.3712, 314628.0], [0.3713, 379543.0], [0.3714, 250986.0], [0.3715, 234927.0], [0.3716, 265338.0], [0.3717, 163682.0], [0.3718, 121715.0], [0.3719, 115183.0], [0.372, 149767.0], [0.3721, 143938.0], [0.3722, 81247.0], [0.3723, 79676.0], [0.3724, 108241.0], [0.3725, 172577.0], [0.3726, 89062.0]], "timestamp": "2025-12-19T17:45:24.815167+00:00"}, {"symbol": "ADAUSDT", "bids": [[0.3706, 73171.0], [0.3705, 177268.0], [0.3704, 220452.0], [0.3703, 195768.0], [0.3702, 206401.0], [0.3701, 187954.0], [0.37, 256169.0], [0.3699, 171057.0], [0.3698, 138927.0], [0.3697, 123696.0], [0.3696, 115640.0], [0.3695, 158909.0], [0.3694, 230074.0], [0.3693, 148249.0], [0.3692, 244431.0], [0.3691, 233723.0], [0.369, 163615.0], [0.3689, 85211.0], [0.3688, 140283.0], [0.3687, 109545.0]], "asks": [[0.3707, 186694.0], [0.3708, 223746.0], [0.3709, 279995.0], [0.371, 372344.0], [0.3711, 187580.0], [0.3712, 260052.0], [0.3713, 245758.0], [0.3714, 187693.0], [0.3715, 227441.0], [0.3716, 327160.0], [0.3717, 164980.0], [0.3718, 136869.0], [0.3719, 101009.0], [0.372, 204291.0], [0.3721, 115531.0], [0.3722, 128515.0], [0.3723, 131300.0], [0.3724, 92288.0], [0.3725, 219556.0], [0.3726, 71117.0]], "timestamp": "2025-12-19T17:46:18.065647+00:00"}, {"symbol": "ADAUSDT", "bids": [[0.3702, 114296.0], [0.3701, 203180.0], [0.37, 239161.0], [0.3699, 215700.0], [0.3698, 303475.0], [0.3697, 177808.0], [0.3696, 212846.0], [0.3695, 245647.0], [0.3694, 222828.0], [0.3693, 179786.0], [0.3692, 189005.0], [0.3691, 193002.0], [0.369, 168799.0], [0.3689, 326808.0], [0.3688, 171486.0], [0.3687, 194503.0], [0.3686, 138063.0], [0.3685, 209160.0], [0.3684, 151010.0], [0.3683, 84219.0]], "asks": [[0.3703, 1010.0], [0.3704, 203674.0], [0.3705, 242991.0], [0.3706, 205205.0], [0.3707, 613462.0], [0.3708, 265136.0], [0.3709, 210570.0], [0.371, 168607.0], [0.3711, 174913.0], [0.3712, 185235.0], [0.3713, 205200.0], [0.3714, 233945.0], [0.3715, 120545.0], [0.3716, 194490.0], [0.3717, 127856.0], [0.3718, 99513.0], [0.3719, 89354.0], [0.372, 139670.0], [0.3721, 92940.0], [0.3722, 72241.0]], "timestamp": "2025-12-19T17:47:11.311805+00:00"}, {"symbol": "ADAUSDT", "bids": [[0.3711, 3431.0], [0.371, 170058.0], [0.3709, 254143.0], [0.3708, 193922.0], [0.3707, 264596.0], [0.3706, 224064.0], [0.3705, 256535.0], [0.3704, 183385.0], [0.3703, 208219.0], [0.3702, 185234.0], [0.3701, 251008.0], [0.37, 145948.0], [0.3699, 127742.0], [0.3698, 135994.0], [0.3697, 165361.0], [0.3696, 154489.0], [0.3695, 227004.0], [0.3694, 100446.0], [0.3693, 157187.0], [0.3692, 104345.0]], "asks": [[0.3712, 147774.0], [0.3713, 158607.0], [0.3714, 189961.0], [0.3715, 227419.0], [0.3716, 162635.0], [0.3717, 162948.0], [0.3718, 250652.0], [0.3719, 157714.0], [0.372, 222049.0], [0.3721, 223469.0], [0.3722, 235288.0], [0.3723, 136449.0], [0.3724, 148613.0], [0.3725, 84450.0], [0.3726, 108581.0], [0.3727, 56349.0], [0.3728, 88189.0], [0.3729, 110586.0], [0.373, 178781.0], [0.3731, 108498.0]], "timestamp": "2025-12-19T17:48:04.816300+00:00"}, {"symbol": "ADAUSDT", "bids": [[0.3717, 145948.0], [0.3716, 177621.0], [0.3715, 201181.0], [0.3714, 285023.0], [0.3713, 158697.0], [0.3712, 207018.0], [0.3711, 143848.0], [0.371, 228484.0], [0.3709, 163208.0], [0.3708, 189537.0], [0.3707, 179128.0], [0.3706, 123465.0], [0.3705, 142029.0], [0.3704, 190312.0], [0.3703, 228853.0], [0.3702, 167863.0], [0.3701, 107468.0], [0.37, 160428.0], [0.3699, 125642.0], [0.3698, 124186.0]], "asks": [[0.3718, 75344.0], [0.3719, 69781.0], [0.372, 212511.0], [0.3721, 195690.0], [0.3722, 293872.0], [0.3723, 146661.0], [0.3724, 238482.0], [0.3725, 142528.0], [0.3726, 150452.0], [0.3727, 185174.0], [0.3728, 214600.0], [0.3729, 288190.0], [0.373, 161997.0], [0.3731, 95989.0], [0.3732, 90985.0], [0.3733, 152308.0], [0.3734, 150370.0], [0.3735, 80902.0], [0.3736, 160822.0], [0.3737, 193792.0]], "timestamp": "2025-12-19T17:48:57.809509+00:00"}, {"symbol": "ADAUSDT", "bids": [[0.3721, 101293.0], [0.372, 136385.0], [0.3719, 160941.0], [0.3718, 239121.0], [0.3717, 242271.0], [0.3716, 175333.0], [0.3715, 275709.0], [0.3714, 180271.0], [0.3713, 128750.0], [0.3712, 157725.0], [0.3711, 95833.0], [0.371, 146617.0], [0.3709, 260619.0], [0.3708, 169690.0], [0.3707, 147168.0], [0.3706, 145544.0], [0.3705, 104251.0], [0.3704, 160562.0], [0.3703, 174148.0], [0.3702, 227993.0]], "asks": [[0.3722, 153492.0], [0.3723, 186632.0], [0.3724, 269069.0], [0.3725, 241045.0], [0.3726, 185477.0], [0.3727, 177453.0], [0.3728, 245041.0], [0.3729, 161879.0], [0.373, 237831.0], [0.3731, 156266.0], [0.3732, 147106.0], [0.3733, 164605.0], [0.3734, 233064.0], [0.3735, 67881.0], [0.3736, 106828.0], [0.3737, 156210.0], [0.3738, 149611.0], [0.3739, 132916.0], [0.374, 44738.0], [0.3741, 70516.0]], "timestamp": "2025-12-19T17:49:50.736030+00:00"}, {"symbol": "ADAUSDT", "bids": [[0.372, 148979.0], [0.3719, 111651.0], [0.3718, 205202.0], [0.3717, 260191.0], [0.3716, 352791.0], [0.3715, 177841.0], [0.3714, 181367.0], [0.3713, 142079.0], [0.3712, 133913.0], [0.3711, 130686.0], [0.371, 139962.0], [0.3709, 267971.0], [0.3708, 154166.0], [0.3707, 167920.0], [0.3706, 152882.0], [0.3705, 103990.0], [0.3704, 155571.0], [0.3703, 170082.0], [0.3702, 232329.0], [0.3701, 138163.0]], "asks": [[0.3721, 75901.0], [0.3722, 154979.0], [0.3723, 320532.0], [0.3724, 211558.0], [0.3725, 289473.0], [0.3726, 204847.0], [0.3727, 166844.0], [0.3728, 271143.0], [0.3729, 227166.0], [0.373, 202090.0], [0.3731, 208892.0], [0.3732, 176121.0], [0.3733, 252533.0], [0.3734, 110160.0], [0.3735, 76428.0], [0.3736, 123506.0], [0.3737, 142562.0], [0.3738, 110947.0], [0.3739, 60438.0], [0.374, 45025.0]], "timestamp": "2025-12-19T17:50:44.203916+00:00"}, {"symbol": "ADAUSDT", "bids": [[0.3726, 49000.0], [0.3725, 159454.0], [0.3724, 249231.0], [0.3723, 214855.0], [0.3722, 286508.0], [0.3721, 180655.0], [0.372, 238673.0], [0.3719, 121922.0], [0.3718, 164915.0], [0.3717, 96808.0], [0.3716, 127409.0], [0.3715, 146786.0], [0.3714, 164202.0], [0.3713, 235322.0], [0.3712, 146795.0], [0.3711, 150863.0], [0.371, 127485.0], [0.3709, 209973.0], [0.3708, 136700.0], [0.3707, 125640.0]], "asks": [[0.3727, 79982.0], [0.3728, 187406.0], [0.3729, 261962.0], [0.373, 308721.0], [0.3731, 218673.0], [0.3732, 244031.0], [0.3733, 168764.0], [0.3734, 218189.0], [0.3735, 175700.0], [0.3736, 227422.0], [0.3737, 175141.0], [0.3738, 193883.0], [0.3739, 129156.0], [0.374, 112194.0], [0.3741, 205892.0], [0.3742, 129952.0], [0.3743, 78821.0], [0.3744, 176331.0], [0.3745, 115155.0], [0.3746, 107159.0]], "timestamp": "2025-12-19T17:51:37.350597+00:00"}, {"symbol": "ADAUSDT", "bids": [[0.3726, 151301.0], [0.3725, 311757.0], [0.3724, 336883.0], [0.3723, 303985.0], [0.3722, 303619.0], [0.3721, 183498.0], [0.372, 204132.0], [0.3719, 167209.0], [0.3718, 145552.0], [0.3717, 141167.0], [0.3716, 155658.0], [0.3715, 290306.0], [0.3714, 173009.0], [0.3713, 103571.0], [0.3712, 153407.0], [0.3711, 137500.0], [0.371, 119473.0], [0.3709, 154991.0], [0.3708, 191571.0], [0.3707, 133015.0]], "asks": [[0.3727, 110245.0], [0.3728, 162055.0], [0.3729, 202202.0], [0.373, 160170.0], [0.3731, 258119.0], [0.3732, 223163.0], [0.3733, 177969.0], [0.3734, 184501.0], [0.3735, 151746.0], [0.3736, 217489.0], [0.3737, 164138.0], [0.3738, 162618.0], [0.3739, 209260.0], [0.374, 206359.0], [0.3741, 168084.0], [0.3742, 105233.0], [0.3743, 72317.0], [0.3744, 92912.0], [0.3745, 126824.0], [0.3746, 165607.0]], "timestamp": "2025-12-19T17:52:30.496590+00:00"}, {"symbol": "ADAUSDT", "bids": [[0.3718, 68539.0], [0.3717, 176912.0], [0.3716, 239331.0], [0.3715, 198339.0], [0.3714, 340522.0], [0.3713, 162915.0], [0.3712, 186533.0], [0.3711, 217446.0], [0.371, 174589.0], [0.3709, 151863.0], [0.3708, 195073.0], [0.3707, 263317.0], [0.3706, 102001.0], [0.3705, 110800.0], [0.3704, 173805.0], [0.3703, 213669.0], [0.3702, 170956.0], [0.3701, 119501.0], [0.37, 228035.0], [0.3699, 187834.0]], "asks": [[0.3719, 198469.0], [0.372, 208158.0], [0.3721, 249750.0], [0.3722, 289152.0], [0.3723, 190257.0], [0.3724, 276765.0], [0.3725, 232479.0], [0.3726, 192470.0], [0.3727, 164538.0], [0.3728, 209722.0], [0.3729, 143365.0], [0.373, 258994.0], [0.3731, 130797.0], [0.3732, 196513.0], [0.3733, 143440.0], [0.3734, 99455.0], [0.3735, 102558.0], [0.3736, 81361.0], [0.3737, 110965.0], [0.3738, 174571.0]], "timestamp": "2025-12-19T17:53:23.950288+00:00"}, {"symbol": "ADAUSDT", "bids": [[0.3717, 93349.0], [0.3716, 184504.0], [0.3715, 348869.0], [0.3714, 258319.0], [0.3713, 278595.0], [0.3712, 205313.0], [0.3711, 249762.0], [0.371, 152680.0], [0.3709, 134174.0], [0.3708, 174062.0], [0.3707, 167485.0], [0.3706, 237603.0], [0.3705, 111666.0], [0.3704, 139881.0], [0.3703, 189147.0], [0.3702, 154822.0], [0.3701, 83481.0], [0.37, 166390.0], [0.3699, 271564.0], [0.3698, 234381.0]], "asks": [[0.3718, 121076.0], [0.3719, 188792.0], [0.372, 218114.0], [0.3721, 230689.0], [0.3722, 298049.0], [0.3723, 205023.0], [0.3724, 281185.0], [0.3725, 204142.0], [0.3726, 152830.0], [0.3727, 158585.0], [0.3728, 157470.0], [0.3729, 148447.0], [0.373, 244618.0], [0.3731, 176925.0], [0.3732, 174897.0], [0.3733, 165884.0], [0.3734, 125729.0], [0.3735, 104296.0], [0.3736, 133799.0], [0.3737, 75359.0]], "timestamp": "2025-12-19T17:54:17.696028+00:00"}, {"symbol": "ADAUSDT", "bids": [[0.3717, 21472.0], [0.3716, 186499.0], [0.3715, 364351.0], [0.3714, 200372.0], [0.3713, 281013.0], [0.3712, 182541.0], [0.3711, 212603.0], [0.371, 272621.0], [0.3709, 154586.0], [0.3708, 229048.0], [0.3707, 298244.0], [0.3706, 175368.0], [0.3705, 126684.0], [0.3704, 169091.0], [0.3703, 188870.0], [0.3702, 154408.0], [0.3701, 91369.0], [0.37, 193970.0], [0.3699, 317305.0], [0.3698, 323726.0]], "asks": [[0.3718, 163327.0], [0.3719, 186413.0], [0.372, 248996.0], [0.3721, 229000.0], [0.3722, 290473.0], [0.3723, 217012.0], [0.3724, 286261.0], [0.3725, 207890.0], [0.3726, 148543.0], [0.3727, 145172.0], [0.3728, 149775.0], [0.3729, 152107.0], [0.373, 304346.0], [0.3731, 188218.0], [0.3732, 162023.0], [0.3733, 150910.0], [0.3734, 108693.0], [0.3735, 181184.0], [0.3736, 207861.0], [0.3737, 129543.0]], "timestamp": "2025-12-19T17:55:11.164824+00:00"}, {"symbol": "ADAUSDT", "bids": [[0.3716, 183329.0], [0.3715, 175232.0], [0.3714, 246317.0], [0.3713, 211900.0], [0.3712, 298095.0], [0.3711, 243744.0], [0.371, 179079.0], [0.3709, 161481.0], [0.3708, 199395.0], [0.3707, 256771.0], [0.3706, 266693.0], [0.3705, 228966.0], [0.3704, 156622.0], [0.3703, 201807.0], [0.3702, 144278.0], [0.3701, 160427.0], [0.37, 216846.0], [0.3699, 325323.0], [0.3698, 324235.0], [0.3697, 192573.0]], "asks": [[0.3717, 204564.0], [0.3718, 204809.0], [0.3719, 254545.0], [0.372, 345989.0], [0.3721, 225550.0], [0.3722, 231250.0], [0.3723, 218822.0], [0.3724, 265459.0], [0.3725, 147596.0], [0.3726, 176414.0], [0.3727, 174969.0], [0.3728, 287003.0], [0.3729, 129069.0], [0.373, 128169.0], [0.3731, 189778.0], [0.3732, 181549.0], [0.3733, 132649.0], [0.3734, 108855.0], [0.3735, 173154.0], [0.3736, 207847.0]], "timestamp": "2025-12-19T17:56:04.089556+00:00"}, {"symbol": "ADAUSDT", "bids": [[0.3717, 68280.0], [0.3716, 184673.0], [0.3715, 301980.0], [0.3714, 268878.0], [0.3713, 189183.0], [0.3712, 195339.0], [0.3711, 231801.0], [0.371, 160406.0], [0.3709, 197662.0], [0.3708, 169280.0], [0.3707, 279763.0], [0.3706, 298722.0], [0.3705, 180793.0], [0.3704, 234089.0], [0.3703, 393127.0], [0.3702, 127816.0], [0.3701, 99648.0], [0.37, 145061.0], [0.3699, 275805.0], [0.3698, 226822.0]], "asks": [[0.3718, 107117.0], [0.3719, 166793.0], [0.372, 227822.0], [0.3721, 270680.0], [0.3722, 205620.0], [0.3723, 211686.0], [0.3724, 309274.0], [0.3725, 170826.0], [0.3726, 201115.0], [0.3727, 181275.0], [0.3728, 169381.0], [0.3729, 268242.0], [0.373, 147678.0], [0.3731, 162318.0], [0.3732, 239674.0], [0.3733, 178584.0], [0.3734, 108843.0], [0.3735, 178749.0], [0.3736, 141813.0], [0.3737, 129559.0]], "timestamp": "2025-12-19T17:56:57.049042+00:00"}, {"symbol": "ADAUSDT", "bids": [[0.3717, 87300.0], [0.3716, 201814.0], [0.3715, 301291.0], [0.3714, 194449.0], [0.3713, 315264.0], [0.3712, 266983.0], [0.3711, 181963.0], [0.371, 165258.0], [0.3709, 187937.0], [0.3708, 193596.0], [0.3707, 250074.0], [0.3706, 308834.0], [0.3705, 190559.0], [0.3704, 234347.0], [0.3703, 365657.0], [0.3702, 154595.0], [0.3701, 91191.0], [0.37, 154957.0], [0.3699, 284157.0], [0.3698, 227128.0]], "asks": [[0.3718, 156944.0], [0.3719, 210045.0], [0.372, 258469.0], [0.3721, 306505.0], [0.3722, 217153.0], [0.3723, 226535.0], [0.3724, 306605.0], [0.3725, 164832.0], [0.3726, 241331.0], [0.3727, 167352.0], [0.3728, 144006.0], [0.3729, 150466.0], [0.373, 265124.0], [0.3731, 156713.0], [0.3732, 239169.0], [0.3733, 181152.0], [0.3734, 108586.0], [0.3735, 170719.0], [0.3736, 141813.0], [0.3737, 124151.0]], "timestamp": "2025-12-19T17:57:50.194290+00:00"}, {"symbol": "ADAUSDT", "bids": [[0.3707, 636.0], [0.3706, 78094.0], [0.3705, 112412.0], [0.3704, 144091.0], [0.3703, 200276.0], [0.3702, 136193.0], [0.3701, 121017.0], [0.37, 169992.0], [0.3699, 119453.0], [0.3698, 130572.0], [0.3697, 133690.0], [0.3696, 146593.0], [0.3695, 181536.0], [0.3694, 407585.0], [0.3693, 157136.0], [0.3692, 173223.0], [0.3691, 188565.0], [0.369, 199085.0], [0.3689, 294826.0], [0.3688, 89333.0]], "asks": [[0.3708, 135673.0], [0.3709, 108301.0], [0.371, 80480.0], [0.3711, 118391.0], [0.3712, 201737.0], [0.3713, 270413.0], [0.3714, 138825.0], [0.3715, 147527.0], [0.3716, 135729.0], [0.3717, 147353.0], [0.3718, 151409.0], [0.3719, 167719.0], [0.372, 220885.0], [0.3721, 128898.0], [0.3722, 160367.0], [0.3723, 136411.0], [0.3724, 126567.0], [0.3725, 133298.0], [0.3726, 143962.0], [0.3727, 89203.0]], "timestamp": "2025-12-19T17:58:43.239359+00:00"}, {"symbol": "ADAUSDT", "bids": [[0.3692, 1323.0], [0.3691, 323048.0], [0.369, 123164.0], [0.3689, 108639.0], [0.3688, 89064.0], [0.3687, 99855.0], [0.3686, 137919.0], [0.3685, 195107.0], [0.3684, 128919.0], [0.3683, 101927.0], [0.3682, 132002.0], [0.3681, 268705.0], [0.368, 92614.0], [0.3679, 117673.0], [0.3678, 162846.0], [0.3677, 160789.0], [0.3676, 140046.0], [0.3675, 135164.0], [0.3674, 203350.0], [0.3673, 737507.0]], "asks": [[0.3693, 61823.0], [0.3694, 121856.0], [0.3695, 160095.0], [0.3696, 195333.0], [0.3697, 219663.0], [0.3698, 173587.0], [0.3699, 256055.0], [0.37, 230879.0], [0.3701, 204888.0], [0.3702, 173765.0], [0.3703, 153032.0], [0.3704, 102168.0], [0.3705, 146366.0], [0.3706, 117402.0], [0.3707, 82165.0], [0.3708, 44472.0], [0.3709, 79877.0], [0.371, 88409.0], [0.3711, 167194.0], [0.3712, 40443.0]], "timestamp": "2025-12-19T17:59:36.179449+00:00"}, {"symbol": "ADAUSDT", "bids": [[0.3699, 89614.0], [0.3698, 144162.0], [0.3697, 196141.0], [0.3696, 247091.0], [0.3695, 301562.0], [0.3694, 242028.0], [0.3693, 260611.0], [0.3692, 216431.0], [0.3691, 119108.0], [0.369, 216478.0], [0.3689, 196293.0], [0.3688, 217864.0], [0.3687, 228002.0], [0.3686, 117977.0], [0.3685, 137655.0], [0.3684, 150397.0], [0.3683, 179550.0], [0.3682, 190920.0], [0.3681, 150240.0], [0.368, 217558.0]], "asks": [[0.37, 138959.0], [0.3701, 192827.0], [0.3702, 181086.0], [0.3703, 202074.0], [0.3704, 263558.0], [0.3705, 226357.0], [0.3706, 139729.0], [0.3707, 176219.0], [0.3708, 173421.0], [0.3709, 260164.0], [0.371, 132535.0], [0.3711, 130427.0], [0.3712, 146586.0], [0.3713, 116108.0], [0.3714, 117378.0], [0.3715, 72197.0], [0.3716, 70979.0], [0.3717, 149673.0], [0.3718, 117047.0], [0.3719, 206821.0]], "timestamp": "2025-12-19T18:00:30.249212+00:00"}, {"symbol": "ADAUSDT", "bids": [[0.3692, 129119.0], [0.3691, 186625.0], [0.369, 270548.0], [0.3689, 213740.0], [0.3688, 273503.0], [0.3687, 182167.0], [0.3686, 169201.0], [0.3685, 213411.0], [0.3684, 231395.0], [0.3683, 222575.0], [0.3682, 184032.0], [0.3681, 146899.0], [0.368, 266435.0], [0.3679, 157556.0], [0.3678, 151881.0], [0.3677, 99492.0], [0.3676, 93746.0], [0.3675, 225228.0], [0.3674, 211504.0], [0.3673, 402405.0]], "asks": [[0.3693, 114434.0], [0.3694, 195586.0], [0.3695, 202643.0], [0.3696, 203521.0], [0.3697, 314999.0], [0.3698, 205549.0], [0.3699, 248812.0], [0.37, 193640.0], [0.3701, 186871.0], [0.3702, 129175.0], [0.3703, 173771.0], [0.3704, 168973.0], [0.3705, 237714.0], [0.3706, 138136.0], [0.3707, 113879.0], [0.3708, 110398.0], [0.3709, 112942.0], [0.371, 87299.0], [0.3711, 178610.0], [0.3712, 82127.0]], "timestamp": "2025-12-19T18:01:23.395516+00:00"}, {"symbol": "ADAUSDT", "bids": [[0.3702, 128384.0], [0.3701, 166070.0], [0.37, 308633.0], [0.3699, 240301.0], [0.3698, 305003.0], [0.3697, 325191.0], [0.3696, 234966.0], [0.3695, 162832.0], [0.3694, 131396.0], [0.3693, 123049.0], [0.3692, 133306.0], [0.3691, 129601.0], [0.369, 139155.0], [0.3689, 116581.0], [0.3688, 303834.0], [0.3687, 126123.0], [0.3686, 157031.0], [0.3685, 110073.0], [0.3684, 174368.0], [0.3683, 206802.0]], "asks": [[0.3703, 88964.0], [0.3704, 142097.0], [0.3705, 167156.0], [0.3706, 198476.0], [0.3707, 267660.0], [0.3708, 214356.0], [0.3709, 212509.0], [0.371, 174266.0], [0.3711, 167845.0], [0.3712, 198514.0], [0.3713, 245122.0], [0.3714, 141315.0], [0.3715, 89490.0], [0.3716, 108651.0], [0.3717, 81075.0], [0.3718, 104367.0], [0.3719, 82752.0], [0.372, 136597.0], [0.3721, 92005.0], [0.3722, 161068.0]], "timestamp": "2025-12-19T18:02:16.233408+00:00"}, {"symbol": "ADAUSDT", "bids": [[0.37, 114217.0], [0.3699, 247519.0], [0.3698, 337426.0], [0.3697, 142808.0], [0.3696, 290522.0], [0.3695, 253730.0], [0.3694, 156261.0], [0.3693, 134237.0], [0.3692, 141011.0], [0.3691, 145370.0], [0.369, 160193.0], [0.3689, 232780.0], [0.3688, 172888.0], [0.3687, 150480.0], [0.3686, 130437.0], [0.3685, 131253.0], [0.3684, 125832.0], [0.3683, 262106.0], [0.3682, 82745.0], [0.3681, 114906.0]], "asks": [[0.3701, 118469.0], [0.3702, 108993.0], [0.3703, 159484.0], [0.3704, 209374.0], [0.3705, 271949.0], [0.3706, 184568.0], [0.3707, 176120.0], [0.3708, 211165.0], [0.3709, 232476.0], [0.371, 167399.0], [0.3711, 147333.0], [0.3712, 199491.0], [0.3713, 288918.0], [0.3714, 172810.0], [0.3715, 144819.0], [0.3716, 93113.0], [0.3717, 44247.0], [0.3718, 60061.0], [0.3719, 101921.0], [0.372, 275901.0]], "timestamp": "2025-12-19T18:03:09.482053+00:00"}, {"symbol": "ADAUSDT", "bids": [[0.3697, 93577.0], [0.3696, 230722.0], [0.3695, 106757.0], [0.3694, 211891.0], [0.3693, 260030.0], [0.3692, 254931.0], [0.3691, 144359.0], [0.369, 157447.0], [0.3689, 172943.0], [0.3688, 174064.0], [0.3687, 150554.0], [0.3686, 196651.0], [0.3685, 256367.0], [0.3684, 182852.0], [0.3683, 223947.0], [0.3682, 163140.0], [0.3681, 153706.0], [0.368, 198317.0], [0.3679, 252695.0], [0.3678, 196322.0]], "asks": [[0.3698, 130156.0], [0.3699, 189462.0], [0.37, 264184.0], [0.3701, 289338.0], [0.3702, 167851.0], [0.3703, 217679.0], [0.3704, 255771.0], [0.3705, 197006.0], [0.3706, 204065.0], [0.3707, 148894.0], [0.3708, 144846.0], [0.3709, 348990.0], [0.371, 103652.0], [0.3711, 176463.0], [0.3712, 148647.0], [0.3713, 89452.0], [0.3714, 149270.0], [0.3715, 80014.0], [0.3716, 136285.0], [0.3717, 51290.0]], "timestamp": "2025-12-19T18:04:03.652878+00:00"}, {"symbol": "ADAUSDT", "bids": [[0.3696, 121726.0], [0.3695, 145428.0], [0.3694, 258360.0], [0.3693, 189083.0], [0.3692, 271115.0], [0.3691, 226205.0], [0.369, 151733.0], [0.3689, 142239.0], [0.3688, 228287.0], [0.3687, 140714.0], [0.3686, 136434.0], [0.3685, 134820.0], [0.3684, 279533.0], [0.3683, 154350.0], [0.3682, 96322.0], [0.3681, 170448.0], [0.368, 187920.0], [0.3679, 248524.0], [0.3678, 367936.0], [0.3677, 188612.0]], "asks": [[0.3697, 147895.0], [0.3698, 248656.0], [0.3699, 295214.0], [0.37, 251559.0], [0.3701, 290642.0], [0.3702, 163815.0], [0.3703, 229314.0], [0.3704, 201703.0], [0.3705, 234551.0], [0.3706, 206842.0], [0.3707, 142050.0], [0.3708, 130611.0], [0.3709, 198772.0], [0.371, 222772.0], [0.3711, 116611.0], [0.3712, 184362.0], [0.3713, 132313.0], [0.3714, 85592.0], [0.3715, 117100.0], [0.3716, 215489.0]], "timestamp": "2025-12-19T18:04:56.799008+00:00"}, {"symbol": "ADAUSDT", "bids": [[0.3699, 113444.0], [0.3698, 193129.0], [0.3697, 251239.0], [0.3696, 278365.0], [0.3695, 444857.0], [0.3694, 189344.0], [0.3693, 147659.0], [0.3692, 130012.0], [0.3691, 118698.0], [0.369, 121226.0], [0.3689, 139978.0], [0.3688, 314889.0], [0.3687, 211384.0], [0.3686, 124113.0], [0.3685, 115494.0], [0.3684, 197073.0], [0.3683, 270310.0], [0.3682, 176523.0], [0.3681, 105427.0], [0.368, 82001.0]], "asks": [[0.37, 3508.0], [0.3701, 151259.0], [0.3702, 238122.0], [0.3703, 208680.0], [0.3704, 326036.0], [0.3705, 191396.0], [0.3706, 226167.0], [0.3707, 210674.0], [0.3708, 199135.0], [0.3709, 146183.0], [0.371, 170654.0], [0.3711, 234257.0], [0.3712, 246330.0], [0.3713, 93429.0], [0.3714, 191290.0], [0.3715, 114884.0], [0.3716, 75724.0], [0.3717, 141322.0], [0.3718, 230240.0], [0.3719, 159048.0]], "timestamp": "2025-12-19T18:05:49.945710+00:00"}, {"symbol": "ADAUSDT", "bids": [[0.3702, 131398.0], [0.3701, 179205.0], [0.37, 215276.0], [0.3699, 321118.0], [0.3698, 267263.0], [0.3697, 220866.0], [0.3696, 184733.0], [0.3695, 275596.0], [0.3694, 182183.0], [0.3693, 99325.0], [0.3692, 126190.0], [0.3691, 228726.0], [0.369, 121570.0], [0.3689, 125505.0], [0.3688, 181859.0], [0.3687, 163151.0], [0.3686, 170076.0], [0.3685, 146322.0], [0.3684, 161158.0], [0.3683, 150311.0]], "asks": [[0.3703, 91445.0], [0.3704, 183526.0], [0.3705, 275234.0], [0.3706, 205328.0], [0.3707, 320561.0], [0.3708, 200276.0], [0.3709, 245294.0], [0.371, 185201.0], [0.3711, 181137.0], [0.3712, 246027.0], [0.3713, 219060.0], [0.3714, 161812.0], [0.3715, 86302.0], [0.3716, 92391.0], [0.3717, 130125.0], [0.3718, 266463.0], [0.3719, 126878.0], [0.372, 100716.0], [0.3721, 71387.0], [0.3722, 169402.0]], "timestamp": "2025-12-19T18:06:42.785971+00:00"}, {"symbol": "ADAUSDT", "bids": [[0.37, 119597.0], [0.3699, 143586.0], [0.3698, 227883.0], [0.3697, 268503.0], [0.3696, 193706.0], [0.3695, 292716.0], [0.3694, 277263.0], [0.3693, 138624.0], [0.3692, 131997.0], [0.3691, 122631.0], [0.369, 253173.0], [0.3689, 158576.0], [0.3688, 223938.0], [0.3687, 156997.0], [0.3686, 153816.0], [0.3685, 186042.0], [0.3684, 235185.0], [0.3683, 253220.0], [0.3682, 77817.0], [0.3681, 167152.0]], "asks": [[0.3701, 153178.0], [0.3702, 210384.0], [0.3703, 287490.0], [0.3704, 265936.0], [0.3705, 317554.0], [0.3706, 227558.0], [0.3707, 248223.0], [0.3708, 219105.0], [0.3709, 284488.0], [0.371, 206920.0], [0.3711, 228291.0], [0.3712, 368591.0], [0.3713, 160954.0], [0.3714, 121007.0], [0.3715, 104363.0], [0.3716, 72626.0], [0.3717, 101861.0], [0.3718, 184876.0], [0.3719, 150916.0], [0.372, 173627.0]], "timestamp": "2025-12-19T18:07:36.239670+00:00"}, {"symbol": "ADAUSDT", "bids": [[0.3699, 2784.0], [0.3698, 168136.0], [0.3697, 164143.0], [0.3696, 190286.0], [0.3695, 391269.0], [0.3694, 263132.0], [0.3693, 146997.0], [0.3692, 119605.0], [0.3691, 93813.0], [0.369, 152222.0], [0.3689, 210711.0], [0.3688, 278766.0], [0.3687, 156825.0], [0.3686, 196307.0], [0.3685, 201683.0], [0.3684, 181407.0], [0.3683, 157379.0], [0.3682, 127400.0], [0.3681, 243640.0], [0.368, 224581.0]], "asks": [[0.37, 199417.0], [0.3701, 249792.0], [0.3702, 364878.0], [0.3703, 377795.0], [0.3704, 193959.0], [0.3705, 293274.0], [0.3706, 232715.0], [0.3707, 258425.0], [0.3708, 230112.0], [0.3709, 232995.0], [0.371, 166501.0], [0.3711, 201923.0], [0.3712, 188698.0], [0.3713, 219676.0], [0.3714, 154743.0], [0.3715, 72744.0], [0.3716, 78542.0], [0.3717, 97891.0], [0.3718, 193121.0], [0.3719, 157175.0]], "timestamp": "2025-12-19T18:08:29.796813+00:00"}, {"symbol": "ADAUSDT", "bids": [[0.3697, 86792.0], [0.3696, 137218.0], [0.3695, 364239.0], [0.3694, 189789.0], [0.3693, 339741.0], [0.3692, 146478.0], [0.3691, 121100.0], [0.369, 187472.0], [0.3689, 205685.0], [0.3688, 174074.0], [0.3687, 303870.0], [0.3686, 290084.0], [0.3685, 136219.0], [0.3684, 160913.0], [0.3683, 129317.0], [0.3682, 96816.0], [0.3681, 170873.0], [0.368, 260915.0], [0.3679, 446711.0], [0.3678, 317795.0]], "asks": [[0.3698, 135912.0], [0.3699, 168253.0], [0.37, 212253.0], [0.3701, 305994.0], [0.3702, 381693.0], [0.3703, 237753.0], [0.3704, 204995.0], [0.3705, 276890.0], [0.3706, 192119.0], [0.3707, 258199.0], [0.3708, 208448.0], [0.3709, 145278.0], [0.371, 147580.0], [0.3711, 201584.0], [0.3712, 218424.0], [0.3713, 99492.0], [0.3714, 121061.0], [0.3715, 136672.0], [0.3716, 107056.0], [0.3717, 99355.0]], "timestamp": "2025-12-19T18:09:23.555139+00:00"}, {"symbol": "ADAUSDT", "bids": [[0.37, 118155.0], [0.3699, 187001.0], [0.3698, 306484.0], [0.3697, 233245.0], [0.3696, 269901.0], [0.3695, 315034.0], [0.3694, 157312.0], [0.3693, 216748.0], [0.3692, 143310.0], [0.3691, 142371.0], [0.369, 169079.0], [0.3689, 165172.0], [0.3688, 196928.0], [0.3687, 301959.0], [0.3686, 268482.0], [0.3685, 155393.0], [0.3684, 161774.0], [0.3683, 204544.0], [0.3682, 56673.0], [0.3681, 120428.0]], "asks": [[0.3701, 134427.0], [0.3702, 197976.0], [0.3703, 232545.0], [0.3704, 202541.0], [0.3705, 312836.0], [0.3706, 187704.0], [0.3707, 266577.0], [0.3708, 267050.0], [0.3709, 227364.0], [0.371, 201420.0], [0.3711, 234384.0], [0.3712, 167347.0], [0.3713, 206447.0], [0.3714, 125067.0], [0.3715, 160467.0], [0.3716, 124333.0], [0.3717, 103067.0], [0.3718, 207927.0], [0.3719, 226969.0], [0.372, 191716.0]], "timestamp": "2025-12-19T18:10:16.686391+00:00"}, {"symbol": "ADAUSDT", "bids": [[0.3703, 222893.0], [0.3702, 210187.0], [0.3701, 204120.0], [0.37, 248268.0], [0.3699, 247437.0], [0.3698, 199464.0], [0.3697, 145214.0], [0.3696, 179806.0], [0.3695, 365167.0], [0.3694, 147326.0], [0.3693, 132849.0], [0.3692, 103265.0], [0.3691, 112267.0], [0.369, 161645.0], [0.3689, 201759.0], [0.3688, 169237.0], [0.3687, 272743.0], [0.3686, 200197.0], [0.3685, 142409.0], [0.3684, 262156.0]], "asks": [[0.3704, 56830.0], [0.3705, 131287.0], [0.3706, 215724.0], [0.3707, 182449.0], [0.3708, 226879.0], [0.3709, 248383.0], [0.371, 243789.0], [0.3711, 219114.0], [0.3712, 143770.0], [0.3713, 211970.0], [0.3714, 159672.0], [0.3715, 195258.0], [0.3716, 179640.0], [0.3717, 225304.0], [0.3718, 156575.0], [0.3719, 179671.0], [0.372, 125988.0], [0.3721, 63150.0], [0.3722, 96171.0], [0.3723, 94420.0]], "timestamp": "2025-12-19T18:11:09.835328+00:00"}, {"symbol": "ADAUSDT", "bids": [[0.3701, 102753.0], [0.37, 102819.0], [0.3699, 162275.0], [0.3698, 284136.0], [0.3697, 175739.0], [0.3696, 279793.0], [0.3695, 221399.0], [0.3694, 137090.0], [0.3693, 159909.0], [0.3692, 139454.0], [0.3691, 146380.0], [0.369, 302643.0], [0.3689, 164087.0], [0.3688, 212842.0], [0.3687, 261105.0], [0.3686, 252189.0], [0.3685, 125652.0], [0.3684, 279487.0], [0.3683, 229230.0], [0.3682, 149544.0]], "asks": [[0.3702, 130682.0], [0.3703, 206960.0], [0.3704, 293595.0], [0.3705, 287647.0], [0.3706, 290075.0], [0.3707, 232505.0], [0.3708, 250450.0], [0.3709, 245251.0], [0.371, 294822.0], [0.3711, 278522.0], [0.3712, 182048.0], [0.3713, 163183.0], [0.3714, 225026.0], [0.3715, 154309.0], [0.3716, 132688.0], [0.3717, 128516.0], [0.3718, 115100.0], [0.3719, 108322.0], [0.372, 115877.0], [0.3721, 272636.0]], "timestamp": "2025-12-19T18:12:02.482069+00:00"}, {"symbol": "ADAUSDT", "bids": [[0.37, 114885.0], [0.3699, 172075.0], [0.3698, 263847.0], [0.3697, 240966.0], [0.3696, 182770.0], [0.3695, 349669.0], [0.3694, 122807.0], [0.3693, 108737.0], [0.3692, 139123.0], [0.3691, 167267.0], [0.369, 172733.0], [0.3689, 231684.0], [0.3688, 209602.0], [0.3687, 187345.0], [0.3686, 197660.0], [0.3685, 122343.0], [0.3684, 177663.0], [0.3683, 78605.0], [0.3682, 186002.0], [0.3681, 476567.0]], "asks": [[0.3701, 11677.0], [0.3702, 131062.0], [0.3703, 268588.0], [0.3704, 184812.0], [0.3705, 251747.0], [0.3706, 206541.0], [0.3707, 275431.0], [0.3708, 192677.0], [0.3709, 277851.0], [0.371, 241684.0], [0.3711, 229334.0], [0.3712, 147506.0], [0.3713, 153996.0], [0.3714, 233722.0], [0.3715, 200040.0], [0.3716, 167944.0], [0.3717, 70008.0], [0.3718, 82846.0], [0.3719, 135750.0], [0.372, 130558.0]], "timestamp": "2025-12-19T18:12:55.731118+00:00"}, {"symbol": "ADAUSDT", "bids": [[0.37, 125186.0], [0.3699, 174313.0], [0.3698, 261518.0], [0.3697, 171005.0], [0.3696, 388531.0], [0.3695, 281007.0], [0.3694, 122568.0], [0.3693, 97081.0], [0.3692, 170569.0], [0.3691, 162847.0], [0.369, 172748.0], [0.3689, 235408.0], [0.3688, 191339.0], [0.3687, 255772.0], [0.3686, 223221.0], [0.3685, 173312.0], [0.3684, 313557.0], [0.3683, 175841.0], [0.3682, 136000.0], [0.3681, 376608.0]], "asks": [[0.3701, 156537.0], [0.3702, 148607.0], [0.3703, 281120.0], [0.3704, 279936.0], [0.3705, 200650.0], [0.3706, 223063.0], [0.3707, 224049.0], [0.3708, 261799.0], [0.3709, 296978.0], [0.371, 242586.0], [0.3711, 271754.0], [0.3712, 127551.0], [0.3713, 179211.0], [0.3714, 233499.0], [0.3715, 172610.0], [0.3716, 90439.0], [0.3717, 75044.0], [0.3718, 100435.0], [0.3719, 143782.0], [0.372, 200457.0]], "timestamp": "2025-12-19T18:13:48.571977+00:00"}, {"symbol": "ADAUSDT", "bids": [[0.3701, 96032.0], [0.37, 134259.0], [0.3699, 279738.0], [0.3698, 272476.0], [0.3697, 225731.0], [0.3696, 379032.0], [0.3695, 254432.0], [0.3694, 133952.0], [0.3693, 109221.0], [0.3692, 171637.0], [0.3691, 139831.0], [0.369, 221536.0], [0.3689, 280258.0], [0.3688, 242229.0], [0.3687, 235809.0], [0.3686, 183182.0], [0.3685, 167495.0], [0.3684, 185588.0], [0.3683, 203540.0], [0.3682, 177114.0]], "asks": [[0.3702, 124605.0], [0.3703, 170473.0], [0.3704, 175548.0], [0.3705, 172051.0], [0.3706, 257342.0], [0.3707, 201066.0], [0.3708, 242246.0], [0.3709, 192767.0], [0.371, 212257.0], [0.3711, 252721.0], [0.3712, 142010.0], [0.3713, 223911.0], [0.3714, 210927.0], [0.3715, 214709.0], [0.3716, 143009.0], [0.3717, 107861.0], [0.3718, 84191.0], [0.3719, 129129.0], [0.372, 165745.0], [0.3721, 266213.0]], "timestamp": "2025-12-19T18:14:42.023704+00:00"}, {"symbol": "ADAUSDT", "bids": [[0.37, 106491.0], [0.3699, 209281.0], [0.3698, 208053.0], [0.3697, 236376.0], [0.3696, 366207.0], [0.3695, 280107.0], [0.3694, 170772.0], [0.3693, 149189.0], [0.3692, 169428.0], [0.3691, 164552.0], [0.369, 301288.0], [0.3689, 119556.0], [0.3688, 214448.0], [0.3687, 218090.0], [0.3686, 172438.0], [0.3685, 252741.0], [0.3684, 159658.0], [0.3683, 117546.0], [0.3682, 185236.0], [0.3681, 187963.0]], "asks": [[0.3701, 126264.0], [0.3702, 173110.0], [0.3703, 285108.0], [0.3704, 183732.0], [0.3705, 248793.0], [0.3706, 193942.0], [0.3707, 188087.0], [0.3708, 249152.0], [0.3709, 244156.0], [0.371, 212732.0], [0.3711, 216876.0], [0.3712, 136612.0], [0.3713, 159608.0], [0.3714, 216921.0], [0.3715, 192011.0], [0.3716, 139198.0], [0.3717, 113823.0], [0.3718, 75882.0], [0.3719, 129063.0], [0.372, 163564.0]], "timestamp": "2025-12-19T18:15:35.171569+00:00"}, {"symbol": "ADAUSDT", "bids": [[0.3715, 207955.0], [0.3714, 305568.0], [0.3713, 343359.0], [0.3712, 226474.0], [0.3711, 288556.0], [0.371, 178537.0], [0.3709, 313638.0], [0.3708, 156071.0], [0.3707, 153149.0], [0.3706, 135672.0], [0.3705, 140203.0], [0.3704, 146401.0], [0.3703, 213178.0], [0.3702, 150639.0], [0.3701, 128064.0], [0.37, 159692.0], [0.3699, 227688.0], [0.3698, 272946.0], [0.3697, 74786.0], [0.3696, 137773.0]], "asks": [[0.3716, 98561.0], [0.3717, 169687.0], [0.3718, 209606.0], [0.3719, 259903.0], [0.372, 203075.0], [0.3721, 197138.0], [0.3722, 187195.0], [0.3723, 235033.0], [0.3724, 134718.0], [0.3725, 146725.0], [0.3726, 147278.0], [0.3727, 115234.0], [0.3728, 178416.0], [0.3729, 117116.0], [0.373, 93163.0], [0.3731, 196204.0], [0.3732, 84924.0], [0.3733, 71891.0], [0.3734, 70665.0], [0.3735, 150622.0]], "timestamp": "2025-12-19T18:16:27.889659+00:00"}, {"symbol": "ADAUSDT", "bids": [[0.3705, 111855.0], [0.3704, 306186.0], [0.3703, 231447.0], [0.3702, 204387.0], [0.3701, 272619.0], [0.37, 206408.0], [0.3699, 116370.0], [0.3698, 178385.0], [0.3697, 257290.0], [0.3696, 224243.0], [0.3695, 390540.0], [0.3694, 222049.0], [0.3693, 204115.0], [0.3692, 315940.0], [0.3691, 336334.0], [0.369, 167096.0], [0.3689, 161493.0], [0.3688, 295607.0], [0.3687, 116713.0], [0.3686, 399870.0]], "asks": [[0.3706, 130157.0], [0.3707, 151804.0], [0.3708, 219188.0], [0.3709, 202842.0], [0.371, 296803.0], [0.3711, 185104.0], [0.3712, 156851.0], [0.3713, 223264.0], [0.3714, 227738.0], [0.3715, 238861.0], [0.3716, 224438.0], [0.3717, 180018.0], [0.3718, 82628.0], [0.3719, 211162.0], [0.372, 119038.0], [0.3721, 124050.0], [0.3722, 167111.0], [0.3723, 206789.0], [0.3724, 76706.0], [0.3725, 90336.0]], "timestamp": "2025-12-19T18:17:21.155713+00:00"}, {"symbol": "ADAUSDT", "bids": [[0.3704, 194736.0], [0.3703, 222902.0], [0.3702, 368152.0], [0.3701, 320910.0], [0.37, 323031.0], [0.3699, 358164.0], [0.3698, 213042.0], [0.3697, 115592.0], [0.3696, 173173.0], [0.3695, 171231.0], [0.3694, 165122.0], [0.3693, 127532.0], [0.3692, 268282.0], [0.3691, 179797.0], [0.369, 308367.0], [0.3689, 114299.0], [0.3688, 109298.0], [0.3687, 128220.0], [0.3686, 174773.0], [0.3685, 174859.0]], "asks": [[0.3705, 4378.0], [0.3706, 85822.0], [0.3707, 152423.0], [0.3708, 250867.0], [0.3709, 169311.0], [0.371, 269422.0], [0.3711, 156397.0], [0.3712, 116648.0], [0.3713, 163283.0], [0.3714, 214616.0], [0.3715, 212697.0], [0.3716, 136785.0], [0.3717, 332713.0], [0.3718, 149023.0], [0.3719, 125647.0], [0.372, 145706.0], [0.3721, 183306.0], [0.3722, 129494.0], [0.3723, 135758.0], [0.3724, 142590.0]], "timestamp": "2025-12-19T18:18:15.941814+00:00"}, {"symbol": "ADAUSDT", "bids": [[0.3709, 201239.0], [0.3708, 205167.0], [0.3707, 312879.0], [0.3706, 196933.0], [0.3705, 336538.0], [0.3704, 257180.0], [0.3703, 274939.0], [0.3702, 275588.0], [0.3701, 207724.0], [0.37, 135011.0], [0.3699, 140829.0], [0.3698, 267955.0], [0.3697, 161072.0], [0.3696, 305688.0], [0.3695, 183902.0], [0.3694, 288877.0], [0.3693, 317434.0], [0.3692, 202100.0], [0.3691, 115694.0], [0.369, 288213.0]], "asks": [[0.371, 108133.0], [0.3711, 170957.0], [0.3712, 228833.0], [0.3713, 186519.0], [0.3714, 250090.0], [0.3715, 188049.0], [0.3716, 152303.0], [0.3717, 166345.0], [0.3718, 198913.0], [0.3719, 220086.0], [0.372, 228902.0], [0.3721, 174888.0], [0.3722, 205643.0], [0.3723, 93948.0], [0.3724, 98331.0], [0.3725, 189079.0], [0.3726, 83114.0], [0.3727, 165895.0], [0.3728, 216732.0], [0.3729, 84200.0]], "timestamp": "2025-12-19T18:19:09.598762+00:00"}, {"symbol": "ADAUSDT", "bids": [[0.3719, 141529.0], [0.3718, 178819.0], [0.3717, 282561.0], [0.3716, 280138.0], [0.3715, 373111.0], [0.3714, 296278.0], [0.3713, 213455.0], [0.3712, 204922.0], [0.3711, 259205.0], [0.371, 135628.0], [0.3709, 209442.0], [0.3708, 114363.0], [0.3707, 150480.0], [0.3706, 116520.0], [0.3705, 202168.0], [0.3704, 354224.0], [0.3703, 240839.0], [0.3702, 143016.0], [0.3701, 115830.0], [0.37, 143720.0]], "asks": [[0.372, 2006.0], [0.3721, 72797.0], [0.3722, 142634.0], [0.3723, 269813.0], [0.3724, 172017.0], [0.3725, 197734.0], [0.3726, 118053.0], [0.3727, 134644.0], [0.3728, 267106.0], [0.3729, 222777.0], [0.373, 166136.0], [0.3731, 203585.0], [0.3732, 133390.0], [0.3733, 106397.0], [0.3734, 193293.0], [0.3735, 130414.0], [0.3736, 207192.0], [0.3737, 173929.0], [0.3738, 166240.0], [0.3739, 92148.0]], "timestamp": "2025-12-19T18:20:02.745431+00:00"}, {"symbol": "ADAUSDT", "bids": [[0.3718, 87098.0], [0.3717, 137212.0], [0.3716, 291945.0], [0.3715, 292324.0], [0.3714, 339145.0], [0.3713, 229513.0], [0.3712, 156880.0], [0.3711, 261585.0], [0.371, 108283.0], [0.3709, 173352.0], [0.3708, 136637.0], [0.3707, 280112.0], [0.3706, 130850.0], [0.3705, 205659.0], [0.3704, 190457.0], [0.3703, 221818.0], [0.3702, 314172.0], [0.3701, 115269.0], [0.37, 103910.0], [0.3699, 263795.0]], "asks": [[0.3719, 134399.0], [0.372, 181107.0], [0.3721, 323906.0], [0.3722, 320067.0], [0.3723, 200196.0], [0.3724, 211282.0], [0.3725, 239920.0], [0.3726, 270779.0], [0.3727, 159536.0], [0.3728, 246619.0], [0.3729, 245408.0], [0.373, 169634.0], [0.3731, 240848.0], [0.3732, 144423.0], [0.3733, 151368.0], [0.3734, 163187.0], [0.3735, 191701.0], [0.3736, 106296.0], [0.3737, 76207.0], [0.3738, 100321.0]], "timestamp": "2025-12-19T18:20:55.585224+00:00"}, {"symbol": "ADAUSDT", "bids": [[0.3721, 139894.0], [0.372, 220194.0], [0.3719, 182468.0], [0.3718, 227185.0], [0.3717, 361384.0], [0.3716, 211649.0], [0.3715, 286603.0], [0.3714, 148831.0], [0.3713, 134948.0], [0.3712, 141908.0], [0.3711, 208451.0], [0.371, 254334.0], [0.3709, 127346.0], [0.3708, 173521.0], [0.3707, 194597.0], [0.3706, 258450.0], [0.3705, 269005.0], [0.3704, 192728.0], [0.3703, 224964.0], [0.3702, 202432.0]], "asks": [[0.3722, 130317.0], [0.3723, 193845.0], [0.3724, 200625.0], [0.3725, 267019.0], [0.3726, 247091.0], [0.3727, 206662.0], [0.3728, 174212.0], [0.3729, 247633.0], [0.373, 174737.0], [0.3731, 164349.0], [0.3732, 162645.0], [0.3733, 259265.0], [0.3734, 105317.0], [0.3735, 170078.0], [0.3736, 134236.0], [0.3737, 69500.0], [0.3738, 63189.0], [0.3739, 80301.0], [0.374, 155031.0], [0.3741, 136587.0]], "timestamp": "2025-12-19T18:21:49.037925+00:00"}, {"symbol": "ADAUSDT", "bids": [[0.3719, 121029.0], [0.3718, 200905.0], [0.3717, 241926.0], [0.3716, 330842.0], [0.3715, 260016.0], [0.3714, 242752.0], [0.3713, 145665.0], [0.3712, 151205.0], [0.3711, 208093.0], [0.371, 157007.0], [0.3709, 299180.0], [0.3708, 272274.0], [0.3707, 141745.0], [0.3706, 170020.0], [0.3705, 330426.0], [0.3704, 220204.0], [0.3703, 195648.0], [0.3702, 236292.0], [0.3701, 256077.0], [0.37, 102468.0]], "asks": [[0.372, 96280.0], [0.3721, 182095.0], [0.3722, 213866.0], [0.3723, 277968.0], [0.3724, 350018.0], [0.3725, 179001.0], [0.3726, 226238.0], [0.3727, 279717.0], [0.3728, 178462.0], [0.3729, 203515.0], [0.373, 154679.0], [0.3731, 140148.0], [0.3732, 163775.0], [0.3733, 218597.0], [0.3734, 177679.0], [0.3735, 111657.0], [0.3736, 103354.0], [0.3737, 88811.0], [0.3738, 74534.0], [0.3739, 149676.0]], "timestamp": "2025-12-19T18:22:41.979291+00:00"}, {"symbol": "ADAUSDT", "bids": [[0.3716, 155679.0], [0.3715, 142520.0], [0.3714, 218652.0], [0.3713, 298505.0], [0.3712, 180483.0], [0.3711, 283068.0], [0.371, 133554.0], [0.3709, 160468.0], [0.3708, 167636.0], [0.3707, 206827.0], [0.3706, 300201.0], [0.3705, 196772.0], [0.3704, 212228.0], [0.3703, 100590.0], [0.3702, 159731.0], [0.3701, 226522.0], [0.37, 264571.0], [0.3699, 153582.0], [0.3698, 207862.0], [0.3697, 154125.0]], "asks": [[0.3717, 94014.0], [0.3718, 197071.0], [0.3719, 243601.0], [0.372, 278379.0], [0.3721, 299030.0], [0.3722, 178723.0], [0.3723, 227546.0], [0.3724, 207597.0], [0.3725, 142690.0], [0.3726, 229804.0], [0.3727, 200148.0], [0.3728, 186756.0], [0.3729, 186631.0], [0.373, 181509.0], [0.3731, 199002.0], [0.3732, 90073.0], [0.3733, 134534.0], [0.3734, 156898.0], [0.3735, 178081.0], [0.3736, 154848.0]], "timestamp": "2025-12-19T18:23:34.818145+00:00"}, {"symbol": "ADAUSDT", "bids": [[0.3718, 154642.0], [0.3717, 170934.0], [0.3716, 316246.0], [0.3715, 327085.0], [0.3714, 343095.0], [0.3713, 183012.0], [0.3712, 267518.0], [0.3711, 171354.0], [0.371, 147443.0], [0.3709, 266557.0], [0.3708, 322760.0], [0.3707, 232727.0], [0.3706, 263705.0], [0.3705, 309395.0], [0.3704, 120942.0], [0.3703, 103219.0], [0.3702, 176948.0], [0.3701, 142185.0], [0.37, 329611.0], [0.3699, 159833.0]], "asks": [[0.3719, 125239.0], [0.372, 94206.0], [0.3721, 227042.0], [0.3722, 231068.0], [0.3723, 171311.0], [0.3724, 200161.0], [0.3725, 153658.0], [0.3726, 293957.0], [0.3727, 233592.0], [0.3728, 158833.0], [0.3729, 224154.0], [0.373, 182809.0], [0.3731, 308962.0], [0.3732, 127657.0], [0.3733, 142141.0], [0.3734, 168662.0], [0.3735, 122509.0], [0.3736, 186074.0], [0.3737, 183950.0], [0.3738, 80940.0]], "timestamp": "2025-12-19T18:24:28.153041+00:00"}, {"symbol": "ADAUSDT", "bids": [[0.372, 161684.0], [0.3719, 177450.0], [0.3718, 299184.0], [0.3717, 376736.0], [0.3716, 265509.0], [0.3715, 288578.0], [0.3714, 142044.0], [0.3713, 152674.0], [0.3712, 225303.0], [0.3711, 153743.0], [0.371, 166519.0], [0.3709, 311136.0], [0.3708, 309923.0], [0.3707, 173687.0], [0.3706, 133191.0], [0.3705, 312522.0], [0.3704, 139933.0], [0.3703, 111216.0], [0.3702, 186689.0], [0.3701, 225622.0]], "asks": [[0.3721, 74244.0], [0.3722, 89209.0], [0.3723, 196316.0], [0.3724, 216170.0], [0.3725, 232868.0], [0.3726, 226079.0], [0.3727, 181344.0], [0.3728, 219329.0], [0.3729, 236438.0], [0.373, 191689.0], [0.3731, 296276.0], [0.3732, 150135.0], [0.3733, 172666.0], [0.3734, 176119.0], [0.3735, 169012.0], [0.3736, 176437.0], [0.3737, 113958.0], [0.3738, 144897.0], [0.3739, 136165.0], [0.374, 178283.0]], "timestamp": "2025-12-19T18:25:21.315989+00:00"}, {"symbol": "ADAUSDT", "bids": [[0.3719, 152313.0], [0.3718, 189467.0], [0.3717, 273269.0], [0.3716, 285240.0], [0.3715, 477803.0], [0.3714, 225222.0], [0.3713, 188365.0], [0.3712, 135491.0], [0.3711, 189594.0], [0.371, 237056.0], [0.3709, 199329.0], [0.3708, 397050.0], [0.3707, 131906.0], [0.3706, 133326.0], [0.3705, 300931.0], [0.3704, 166941.0], [0.3703, 110096.0], [0.3702, 187558.0], [0.3701, 231698.0], [0.37, 160191.0]], "asks": [[0.372, 123814.0], [0.3721, 198836.0], [0.3722, 162916.0], [0.3723, 167656.0], [0.3724, 261518.0], [0.3725, 179300.0], [0.3726, 309946.0], [0.3727, 172292.0], [0.3728, 180155.0], [0.3729, 228728.0], [0.373, 196876.0], [0.3731, 134932.0], [0.3732, 155933.0], [0.3733, 230385.0], [0.3734, 194159.0], [0.3735, 168942.0], [0.3736, 176433.0], [0.3737, 95584.0], [0.3738, 74534.0], [0.3739, 146532.0]], "timestamp": "2025-12-19T18:26:14.871659+00:00"}, {"symbol": "ADAUSDT", "bids": [[0.3725, 98301.0], [0.3724, 136455.0], [0.3723, 281256.0], [0.3722, 357855.0], [0.3721, 224708.0], [0.372, 143808.0], [0.3719, 144207.0], [0.3718, 135263.0], [0.3717, 121294.0], [0.3716, 140970.0], [0.3715, 280770.0], [0.3714, 119920.0], [0.3713, 258358.0], [0.3712, 174622.0], [0.3711, 191936.0], [0.371, 162208.0], [0.3709, 278649.0], [0.3708, 118636.0], [0.3707, 180964.0], [0.3706, 270258.0]], "asks": [[0.3726, 131646.0], [0.3727, 182425.0], [0.3728, 309860.0], [0.3729, 297815.0], [0.373, 309902.0], [0.3731, 250269.0], [0.3732, 217504.0], [0.3733, 228711.0], [0.3734, 174275.0], [0.3735, 200231.0], [0.3736, 147971.0], [0.3737, 222060.0], [0.3738, 116704.0], [0.3739, 124181.0], [0.374, 121075.0], [0.3741, 186480.0], [0.3742, 101658.0], [0.3743, 47530.0], [0.3744, 143867.0], [0.3745, 78213.0]], "timestamp": "2025-12-19T18:27:08.019998+00:00"}, {"symbol": "ADAUSDT", "bids": [[0.3724, 181958.0], [0.3723, 224360.0], [0.3722, 237302.0], [0.3721, 262839.0], [0.372, 263684.0], [0.3719, 167986.0], [0.3718, 224249.0], [0.3717, 157020.0], [0.3716, 143065.0], [0.3715, 153241.0], [0.3714, 171924.0], [0.3713, 273375.0], [0.3712, 304701.0], [0.3711, 150868.0], [0.371, 194179.0], [0.3709, 294664.0], [0.3708, 187054.0], [0.3707, 246811.0], [0.3706, 322142.0], [0.3705, 289360.0]], "asks": [[0.3725, 181973.0], [0.3726, 188034.0], [0.3727, 245024.0], [0.3728, 225188.0], [0.3729, 296575.0], [0.373, 187003.0], [0.3731, 306753.0], [0.3732, 221209.0], [0.3733, 224731.0], [0.3734, 189283.0], [0.3735, 196059.0], [0.3736, 263386.0], [0.3737, 209835.0], [0.3738, 143056.0], [0.3739, 146490.0], [0.374, 162345.0], [0.3741, 84734.0], [0.3742, 77471.0], [0.3743, 120055.0], [0.3744, 162079.0]], "timestamp": "2025-12-19T18:28:01.062398+00:00"}, {"symbol": "ADAUSDT", "bids": [[0.3721, 152136.0], [0.372, 115620.0], [0.3719, 206834.0], [0.3718, 245361.0], [0.3717, 159450.0], [0.3716, 230987.0], [0.3715, 158927.0], [0.3714, 123485.0], [0.3713, 160501.0], [0.3712, 150297.0], [0.3711, 169301.0], [0.371, 203467.0], [0.3709, 286320.0], [0.3708, 219206.0], [0.3707, 252062.0], [0.3706, 140614.0], [0.3705, 144086.0], [0.3704, 386745.0], [0.3703, 741594.0], [0.3702, 222667.0]], "asks": [[0.3722, 147254.0], [0.3723, 121416.0], [0.3724, 194409.0], [0.3725, 310089.0], [0.3726, 253323.0], [0.3727, 245707.0], [0.3728, 317463.0], [0.3729, 221865.0], [0.373, 177835.0], [0.3731, 213124.0], [0.3732, 190614.0], [0.3733, 276627.0], [0.3734, 270964.0], [0.3735, 152705.0], [0.3736, 130980.0], [0.3737, 122116.0], [0.3738, 103084.0], [0.3739, 130570.0], [0.374, 228157.0], [0.3741, 79652.0]], "timestamp": "2025-12-19T18:28:53.799516+00:00"}, {"symbol": "ADAUSDT", "bids": [[0.3723, 98073.0], [0.3722, 171970.0], [0.3721, 272802.0], [0.372, 216510.0], [0.3719, 242026.0], [0.3718, 234402.0], [0.3717, 157535.0], [0.3716, 163151.0], [0.3715, 176627.0], [0.3714, 317838.0], [0.3713, 228829.0], [0.3712, 302970.0], [0.3711, 134418.0], [0.371, 243515.0], [0.3709, 124423.0], [0.3708, 200911.0], [0.3707, 247176.0], [0.3706, 236092.0], [0.3705, 231125.0], [0.3704, 281981.0]], "asks": [[0.3724, 111505.0], [0.3725, 183153.0], [0.3726, 280223.0], [0.3727, 340426.0], [0.3728, 247378.0], [0.3729, 246180.0], [0.373, 282635.0], [0.3731, 221771.0], [0.3732, 185957.0], [0.3733, 290320.0], [0.3734, 180161.0], [0.3735, 150391.0], [0.3736, 236843.0], [0.3737, 129411.0], [0.3738, 138453.0], [0.3739, 157336.0], [0.374, 239387.0], [0.3741, 78464.0], [0.3742, 160685.0], [0.3743, 205980.0]], "timestamp": "2025-12-19T18:29:46.947232+00:00"}, {"symbol": "ADAUSDT", "bids": [[0.3725, 197640.0], [0.3724, 222155.0], [0.3723, 362366.0], [0.3722, 371994.0], [0.3721, 300921.0], [0.372, 248572.0], [0.3719, 149876.0], [0.3718, 128547.0], [0.3717, 131680.0], [0.3716, 202210.0], [0.3715, 352780.0], [0.3714, 402509.0], [0.3713, 170984.0], [0.3712, 178948.0], [0.3711, 219337.0], [0.371, 138473.0], [0.3709, 141825.0], [0.3708, 145258.0], [0.3707, 281945.0], [0.3706, 237640.0]], "asks": [[0.3726, 113237.0], [0.3727, 177982.0], [0.3728, 224310.0], [0.3729, 205073.0], [0.373, 263630.0], [0.3731, 212980.0], [0.3732, 182035.0], [0.3733, 260718.0], [0.3734, 157464.0], [0.3735, 219457.0], [0.3736, 291638.0], [0.3737, 177616.0], [0.3738, 153595.0], [0.3739, 151996.0], [0.374, 254991.0], [0.3741, 114503.0], [0.3742, 199977.0], [0.3743, 69214.0], [0.3744, 203594.0], [0.3745, 97313.0]], "timestamp": "2025-12-19T18:30:40.092100+00:00"}, {"symbol": "ADAUSDT", "bids": [[0.3723, 133069.0], [0.3722, 172235.0], [0.3721, 315532.0], [0.372, 322694.0], [0.3719, 217884.0], [0.3718, 151169.0], [0.3717, 151712.0], [0.3716, 167182.0], [0.3715, 292827.0], [0.3714, 181594.0], [0.3713, 341380.0], [0.3712, 198275.0], [0.3711, 246095.0], [0.371, 119057.0], [0.3709, 175573.0], [0.3708, 201923.0], [0.3707, 335188.0], [0.3706, 246259.0], [0.3705, 120984.0], [0.3704, 276536.0]], "asks": [[0.3724, 69635.0], [0.3725, 217246.0], [0.3726, 277565.0], [0.3727, 293687.0], [0.3728, 295067.0], [0.3729, 191035.0], [0.373, 234424.0], [0.3731, 204087.0], [0.3732, 221219.0], [0.3733, 221536.0], [0.3734, 186681.0], [0.3735, 193068.0], [0.3736, 166387.0], [0.3737, 147917.0], [0.3738, 237726.0], [0.3739, 138779.0], [0.374, 241812.0], [0.3741, 96305.0], [0.3742, 196736.0], [0.3743, 67400.0]], "timestamp": "2025-12-19T18:31:32.624203+00:00"}, {"symbol": "ADAUSDT", "bids": [[0.3718, 89478.0], [0.3717, 138049.0], [0.3716, 287260.0], [0.3715, 230203.0], [0.3714, 234338.0], [0.3713, 128031.0], [0.3712, 170867.0], [0.3711, 260350.0], [0.371, 139515.0], [0.3709, 216410.0], [0.3708, 363898.0], [0.3707, 311877.0], [0.3706, 111041.0], [0.3705, 181797.0], [0.3704, 366469.0], [0.3703, 101037.0], [0.3702, 193810.0], [0.3701, 199665.0], [0.37, 130238.0], [0.3699, 296681.0]], "asks": [[0.3719, 139932.0], [0.372, 183288.0], [0.3721, 275493.0], [0.3722, 299689.0], [0.3723, 372507.0], [0.3724, 181362.0], [0.3725, 211000.0], [0.3726, 193684.0], [0.3727, 286894.0], [0.3728, 221685.0], [0.3729, 207852.0], [0.373, 198077.0], [0.3731, 171817.0], [0.3732, 194759.0], [0.3733, 164330.0], [0.3734, 100918.0], [0.3735, 224249.0], [0.3736, 203760.0], [0.3737, 113382.0], [0.3738, 160270.0]], "timestamp": "2025-12-19T18:32:25.872711+00:00"}, {"symbol": "ADAUSDT", "bids": [[0.3716, 72218.0], [0.3715, 118952.0], [0.3714, 286282.0], [0.3713, 190347.0], [0.3712, 334966.0], [0.3711, 192876.0], [0.371, 203894.0], [0.3709, 173594.0], [0.3708, 157902.0], [0.3707, 164447.0], [0.3706, 269129.0], [0.3705, 278721.0], [0.3704, 185903.0], [0.3703, 161704.0], [0.3702, 215234.0], [0.3701, 281732.0], [0.37, 235727.0], [0.3699, 301312.0], [0.3698, 331635.0], [0.3697, 349272.0]], "asks": [[0.3717, 120979.0], [0.3718, 162067.0], [0.3719, 294951.0], [0.372, 319539.0], [0.3721, 330281.0], [0.3722, 303645.0], [0.3723, 197308.0], [0.3724, 201905.0], [0.3725, 261681.0], [0.3726, 191672.0], [0.3727, 223915.0], [0.3728, 142417.0], [0.3729, 147143.0], [0.373, 226413.0], [0.3731, 164062.0], [0.3732, 229930.0], [0.3733, 128925.0], [0.3734, 116512.0], [0.3735, 166283.0], [0.3736, 87916.0]], "timestamp": "2025-12-19T18:33:19.426208+00:00"}, {"symbol": "ADAUSDT", "bids": [[0.3712, 166042.0], [0.3711, 186108.0], [0.371, 244538.0], [0.3709, 305736.0], [0.3708, 171172.0], [0.3707, 214199.0], [0.3706, 306820.0], [0.3705, 162052.0], [0.3704, 141807.0], [0.3703, 169463.0], [0.3702, 232002.0], [0.3701, 146886.0], [0.37, 136855.0], [0.3699, 162474.0], [0.3698, 227534.0], [0.3697, 156526.0], [0.3696, 232016.0], [0.3695, 337275.0], [0.3694, 113654.0], [0.3693, 340572.0]], "asks": [[0.3713, 121476.0], [0.3714, 188245.0], [0.3715, 264995.0], [0.3716, 278898.0], [0.3717, 300759.0], [0.3718, 196941.0], [0.3719, 237632.0], [0.372, 307988.0], [0.3721, 225262.0], [0.3722, 195498.0], [0.3723, 169198.0], [0.3724, 213561.0], [0.3725, 214696.0], [0.3726, 139019.0], [0.3727, 156112.0], [0.3728, 144844.0], [0.3729, 141251.0], [0.373, 129531.0], [0.3731, 130104.0], [0.3732, 233079.0]], "timestamp": "2025-12-19T18:34:13.087483+00:00"}, {"symbol": "ADAUSDT", "bids": [[0.3712, 132984.0], [0.3711, 173163.0], [0.371, 234800.0], [0.3709, 306554.0], [0.3708, 168585.0], [0.3707, 145573.0], [0.3706, 254160.0], [0.3705, 132696.0], [0.3704, 142943.0], [0.3703, 217781.0], [0.3702, 252520.0], [0.3701, 163970.0], [0.37, 196582.0], [0.3699, 163496.0], [0.3698, 259306.0], [0.3697, 114847.0], [0.3696, 196671.0], [0.3695, 250542.0], [0.3694, 243425.0], [0.3693, 299320.0]], "asks": [[0.3713, 1865.0], [0.3714, 178581.0], [0.3715, 204811.0], [0.3716, 290046.0], [0.3717, 228173.0], [0.3718, 270043.0], [0.3719, 225332.0], [0.372, 222590.0], [0.3721, 213831.0], [0.3722, 193712.0], [0.3723, 186281.0], [0.3724, 162267.0], [0.3725, 230023.0], [0.3726, 139641.0], [0.3727, 182471.0], [0.3728, 112935.0], [0.3729, 168920.0], [0.373, 146201.0], [0.3731, 126198.0], [0.3732, 212723.0]], "timestamp": "2025-12-19T18:35:06.131287+00:00"}, {"symbol": "ADAUSDT", "bids": [[0.3715, 67801.0], [0.3714, 183207.0], [0.3713, 319791.0], [0.3712, 273765.0], [0.3711, 401282.0], [0.371, 155390.0], [0.3709, 180209.0], [0.3708, 170803.0], [0.3707, 158393.0], [0.3706, 199664.0], [0.3705, 377030.0], [0.3704, 126110.0], [0.3703, 215207.0], [0.3702, 275739.0], [0.3701, 218866.0], [0.37, 120854.0], [0.3699, 166206.0], [0.3698, 183948.0], [0.3697, 101381.0], [0.3696, 156940.0]], "asks": [[0.3716, 129186.0], [0.3717, 126423.0], [0.3718, 188648.0], [0.3719, 307782.0], [0.372, 221440.0], [0.3721, 210310.0], [0.3722, 245990.0], [0.3723, 166150.0], [0.3724, 188138.0], [0.3725, 213602.0], [0.3726, 200691.0], [0.3727, 368071.0], [0.3728, 139465.0], [0.3729, 179027.0], [0.373, 194948.0], [0.3731, 147318.0], [0.3732, 134986.0], [0.3733, 122969.0], [0.3734, 143227.0], [0.3735, 215072.0]], "timestamp": "2025-12-19T18:35:59.891720+00:00"}, {"symbol": "ADAUSDT", "bids": [[0.3709, 85185.0], [0.3708, 94568.0], [0.3707, 252069.0], [0.3706, 260800.0], [0.3705, 216522.0], [0.3704, 128776.0], [0.3703, 163874.0], [0.3702, 175230.0], [0.3701, 280621.0], [0.37, 155106.0], [0.3699, 103351.0], [0.3698, 216119.0], [0.3697, 223475.0], [0.3696, 235951.0], [0.3695, 288696.0], [0.3694, 129194.0], [0.3693, 383739.0], [0.3692, 242119.0], [0.3691, 240372.0], [0.369, 365290.0]], "asks": [[0.371, 134798.0], [0.3711, 250294.0], [0.3712, 282994.0], [0.3713, 340759.0], [0.3714, 205938.0], [0.3715, 279195.0], [0.3716, 215755.0], [0.3717, 244813.0], [0.3718, 245026.0], [0.3719, 213234.0], [0.372, 214152.0], [0.3721, 137282.0], [0.3722, 122508.0], [0.3723, 135385.0], [0.3724, 244205.0], [0.3725, 111871.0], [0.3726, 101271.0], [0.3727, 142953.0], [0.3728, 129917.0], [0.3729, 126889.0]], "timestamp": "2025-12-19T18:36:52.711889+00:00"}, {"symbol": "ADAUSDT", "bids": [[0.3711, 84525.0], [0.371, 245808.0], [0.3709, 312428.0], [0.3708, 317234.0], [0.3707, 271572.0], [0.3706, 260493.0], [0.3705, 265820.0], [0.3704, 140760.0], [0.3703, 136674.0], [0.3702, 164568.0], [0.3701, 304626.0], [0.37, 113238.0], [0.3699, 100770.0], [0.3698, 144530.0], [0.3697, 135009.0], [0.3696, 229133.0], [0.3695, 302523.0], [0.3694, 211869.0], [0.3693, 194584.0], [0.3692, 188459.0]], "asks": [[0.3712, 96945.0], [0.3713, 180636.0], [0.3714, 215287.0], [0.3715, 347136.0], [0.3716, 250650.0], [0.3717, 193264.0], [0.3718, 287537.0], [0.3719, 230820.0], [0.372, 258458.0], [0.3721, 180359.0], [0.3722, 221386.0], [0.3723, 142256.0], [0.3724, 157035.0], [0.3725, 216091.0], [0.3726, 129865.0], [0.3727, 122897.0], [0.3728, 140439.0], [0.3729, 168441.0], [0.373, 247260.0], [0.3731, 237706.0]], "timestamp": "2025-12-19T18:37:45.469354+00:00"}, {"symbol": "ADAUSDT", "bids": [[0.371, 156428.0], [0.3709, 221882.0], [0.3708, 303331.0], [0.3707, 213022.0], [0.3706, 266101.0], [0.3705, 203534.0], [0.3704, 144632.0], [0.3703, 139578.0], [0.3702, 189583.0], [0.3701, 189072.0], [0.37, 129734.0], [0.3699, 277332.0], [0.3698, 164454.0], [0.3697, 183997.0], [0.3696, 194402.0], [0.3695, 288630.0], [0.3694, 174371.0], [0.3693, 205427.0], [0.3692, 200786.0], [0.3691, 316705.0]], "asks": [[0.3711, 172177.0], [0.3712, 182942.0], [0.3713, 341341.0], [0.3714, 333720.0], [0.3715, 294634.0], [0.3716, 241600.0], [0.3717, 241575.0], [0.3718, 217477.0], [0.3719, 211301.0], [0.372, 210835.0], [0.3721, 192303.0], [0.3722, 155223.0], [0.3723, 216549.0], [0.3724, 143888.0], [0.3725, 133765.0], [0.3726, 196726.0], [0.3727, 125358.0], [0.3728, 144283.0], [0.3729, 254443.0], [0.373, 170221.0]], "timestamp": "2025-12-19T18:38:38.614098+00:00"}, {"symbol": "ADAUSDT", "bids": [[0.3712, 71830.0], [0.3711, 197394.0], [0.371, 316301.0], [0.3709, 239901.0], [0.3708, 354332.0], [0.3707, 197023.0], [0.3706, 246132.0], [0.3705, 155563.0], [0.3704, 224557.0], [0.3703, 189298.0], [0.3702, 175678.0], [0.3701, 316758.0], [0.37, 113682.0], [0.3699, 107080.0], [0.3698, 151250.0], [0.3697, 176868.0], [0.3696, 217253.0], [0.3695, 275282.0], [0.3694, 211860.0], [0.3693, 198311.0]], "asks": [[0.3713, 131276.0], [0.3714, 141054.0], [0.3715, 333147.0], [0.3716, 327234.0], [0.3717, 208464.0], [0.3718, 252658.0], [0.3719, 274562.0], [0.372, 185715.0], [0.3721, 216193.0], [0.3722, 177528.0], [0.3723, 229702.0], [0.3724, 138088.0], [0.3725, 177738.0], [0.3726, 300038.0], [0.3727, 162906.0], [0.3728, 145993.0], [0.3729, 168200.0], [0.373, 170251.0], [0.3731, 164987.0], [0.3732, 233846.0]], "timestamp": "2025-12-19T18:39:31.863143+00:00"}, {"symbol": "ADAUSDT", "bids": [[0.3712, 136227.0], [0.3711, 184963.0], [0.371, 357598.0], [0.3709, 240487.0], [0.3708, 365032.0], [0.3707, 262602.0], [0.3706, 138866.0], [0.3705, 160090.0], [0.3704, 159993.0], [0.3703, 194365.0], [0.3702, 291318.0], [0.3701, 241749.0], [0.37, 279125.0], [0.3699, 270259.0], [0.3698, 144675.0], [0.3697, 208351.0], [0.3696, 239891.0], [0.3695, 125614.0], [0.3694, 127006.0], [0.3693, 251650.0]], "asks": [[0.3713, 89099.0], [0.3714, 258374.0], [0.3715, 291615.0], [0.3716, 218940.0], [0.3717, 337795.0], [0.3718, 297421.0], [0.3719, 235367.0], [0.372, 216823.0], [0.3721, 229929.0], [0.3722, 231549.0], [0.3723, 172489.0], [0.3724, 223479.0], [0.3725, 169080.0], [0.3726, 198296.0], [0.3727, 150009.0], [0.3728, 165054.0], [0.3729, 176283.0], [0.373, 170267.0], [0.3731, 158859.0], [0.3732, 162812.0]], "timestamp": "2025-12-19T18:40:25.331368+00:00"}, {"symbol": "ADAUSDT", "bids": [[0.371, 127204.0], [0.3709, 174545.0], [0.3708, 333556.0], [0.3707, 202974.0], [0.3706, 330311.0], [0.3705, 150875.0], [0.3704, 242040.0], [0.3703, 139051.0], [0.3702, 194458.0], [0.3701, 195514.0], [0.37, 141448.0], [0.3699, 264902.0], [0.3698, 164260.0], [0.3697, 195945.0], [0.3696, 194224.0], [0.3695, 282404.0], [0.3694, 110510.0], [0.3693, 230815.0], [0.3692, 406337.0], [0.3691, 257352.0]], "asks": [[0.3711, 75562.0], [0.3712, 109389.0], [0.3713, 212788.0], [0.3714, 220681.0], [0.3715, 309380.0], [0.3716, 168810.0], [0.3717, 271391.0], [0.3718, 322713.0], [0.3719, 236854.0], [0.372, 236256.0], [0.3721, 214713.0], [0.3722, 169053.0], [0.3723, 248350.0], [0.3724, 135200.0], [0.3725, 140475.0], [0.3726, 161069.0], [0.3727, 124047.0], [0.3728, 134901.0], [0.3729, 170968.0], [0.373, 172902.0]], "timestamp": "2025-12-19T18:41:18.464499+00:00"}, {"symbol": "ADAUSDT", "bids": [[0.3709, 72398.0], [0.3708, 179888.0], [0.3707, 269483.0], [0.3706, 205552.0], [0.3705, 347652.0], [0.3704, 177576.0], [0.3703, 152268.0], [0.3702, 157792.0], [0.3701, 242577.0], [0.37, 151929.0], [0.3699, 190670.0], [0.3698, 308574.0], [0.3697, 239724.0], [0.3696, 194208.0], [0.3695, 291536.0], [0.3694, 137572.0], [0.3693, 230572.0], [0.3692, 405852.0], [0.3691, 256024.0], [0.369, 367414.0]], "asks": [[0.371, 169243.0], [0.3711, 211413.0], [0.3712, 268960.0], [0.3713, 303667.0], [0.3714, 206724.0], [0.3715, 234530.0], [0.3716, 149888.0], [0.3717, 243752.0], [0.3718, 262326.0], [0.3719, 207584.0], [0.372, 172288.0], [0.3721, 207673.0], [0.3722, 131866.0], [0.3723, 280592.0], [0.3724, 121036.0], [0.3725, 98823.0], [0.3726, 191364.0], [0.3727, 109859.0], [0.3728, 85487.0], [0.3729, 184435.0]], "timestamp": "2025-12-19T18:42:11.301961+00:00"}, {"symbol": "ADAUSDT", "bids": [[0.3713, 108052.0], [0.3712, 232379.0], [0.3711, 341028.0], [0.371, 278990.0], [0.3709, 241998.0], [0.3708, 374536.0], [0.3707, 354685.0], [0.3706, 239023.0], [0.3705, 219671.0], [0.3704, 211839.0], [0.3703, 324895.0], [0.3702, 101193.0], [0.3701, 130555.0], [0.37, 169720.0], [0.3699, 193418.0], [0.3698, 291161.0], [0.3697, 282373.0], [0.3696, 163895.0], [0.3695, 192153.0], [0.3694, 130333.0]], "asks": [[0.3714, 89686.0], [0.3715, 112645.0], [0.3716, 221663.0], [0.3717, 271758.0], [0.3718, 216098.0], [0.3719, 206539.0], [0.372, 214314.0], [0.3721, 215756.0], [0.3722, 142083.0], [0.3723, 172704.0], [0.3724, 153465.0], [0.3725, 173499.0], [0.3726, 348197.0], [0.3727, 131169.0], [0.3728, 83298.0], [0.3729, 200139.0], [0.373, 179589.0], [0.3731, 234314.0], [0.3732, 232318.0], [0.3733, 248739.0]], "timestamp": "2025-12-19T18:43:04.345945+00:00"}, {"symbol": "ADAUSDT", "bids": [[0.3708, 170918.0], [0.3707, 187991.0], [0.3706, 279232.0], [0.3705, 180655.0], [0.3704, 290087.0], [0.3703, 141775.0], [0.3702, 114156.0], [0.3701, 139618.0], [0.37, 157119.0], [0.3699, 280058.0], [0.3698, 256755.0], [0.3697, 221110.0], [0.3696, 158416.0], [0.3695, 152726.0], [0.3694, 210586.0], [0.3693, 428540.0], [0.3692, 127709.0], [0.3691, 178798.0], [0.369, 285316.0], [0.3689, 435307.0]], "asks": [[0.3709, 91640.0], [0.371, 169121.0], [0.3711, 239501.0], [0.3712, 212243.0], [0.3713, 253441.0], [0.3714, 198132.0], [0.3715, 183873.0], [0.3716, 136472.0], [0.3717, 210633.0], [0.3718, 164441.0], [0.3719, 215715.0], [0.372, 225498.0], [0.3721, 173545.0], [0.3722, 144923.0], [0.3723, 162150.0], [0.3724, 202910.0], [0.3725, 118816.0], [0.3726, 189629.0], [0.3727, 94315.0], [0.3728, 64391.0]], "timestamp": "2025-12-19T18:43:57.492273+00:00"}, {"symbol": "ADAUSDT", "bids": [[0.3713, 165368.0], [0.3712, 227572.0], [0.3711, 362093.0], [0.371, 223596.0], [0.3709, 344727.0], [0.3708, 245167.0], [0.3707, 221100.0], [0.3706, 211864.0], [0.3705, 155545.0], [0.3704, 113576.0], [0.3703, 139152.0], [0.3702, 239749.0], [0.3701, 137362.0], [0.37, 224508.0], [0.3699, 115464.0], [0.3698, 178051.0], [0.3697, 141064.0], [0.3696, 158521.0], [0.3695, 353697.0], [0.3694, 164150.0]], "asks": [[0.3714, 69625.0], [0.3715, 127865.0], [0.3716, 197469.0], [0.3717, 265992.0], [0.3718, 162576.0], [0.3719, 200493.0], [0.372, 150606.0], [0.3721, 253801.0], [0.3722, 229926.0], [0.3723, 225795.0], [0.3724, 218327.0], [0.3725, 146668.0], [0.3726, 223352.0], [0.3727, 156933.0], [0.3728, 86886.0], [0.3729, 170424.0], [0.373, 250015.0], [0.3731, 241082.0], [0.3732, 128613.0], [0.3733, 189498.0]], "timestamp": "2025-12-19T18:44:50.536439+00:00"}, {"symbol": "ADAUSDT", "bids": [[0.3711, 107779.0], [0.371, 136126.0], [0.3709, 303259.0], [0.3708, 263723.0], [0.3707, 312155.0], [0.3706, 141008.0], [0.3705, 259988.0], [0.3704, 113667.0], [0.3703, 161366.0], [0.3702, 165664.0], [0.3701, 175084.0], [0.37, 254384.0], [0.3699, 134394.0], [0.3698, 282340.0], [0.3697, 145159.0], [0.3696, 210572.0], [0.3695, 255940.0], [0.3694, 137057.0], [0.3693, 208156.0], [0.3692, 203343.0]], "asks": [[0.3712, 176273.0], [0.3713, 203512.0], [0.3714, 201832.0], [0.3715, 279285.0], [0.3716, 158344.0], [0.3717, 174946.0], [0.3718, 209035.0], [0.3719, 299586.0], [0.372, 144833.0], [0.3721, 214060.0], [0.3722, 156636.0], [0.3723, 133939.0], [0.3724, 133724.0], [0.3725, 201228.0], [0.3726, 194359.0], [0.3727, 102921.0], [0.3728, 68775.0], [0.3729, 161933.0], [0.373, 288446.0], [0.3731, 87944.0]], "timestamp": "2025-12-19T18:45:44.690152+00:00"}, {"symbol": "ADAUSDT", "bids": [[0.3764, 136229.0], [0.3763, 149788.0], [0.3762, 230775.0], [0.3761, 327895.0], [0.376, 106655.0], [0.3759, 90608.0], [0.3758, 74906.0], [0.3757, 195109.0], [0.3756, 225037.0], [0.3755, 169407.0], [0.3754, 165378.0], [0.3753, 114330.0], [0.3752, 292149.0], [0.3751, 130376.0], [0.375, 199803.0], [0.3749, 138922.0], [0.3748, 208615.0], [0.3747, 681499.0], [0.3746, 555183.0], [0.3745, 193923.0]], "asks": [[0.3765, 80372.0], [0.3766, 194408.0], [0.3767, 238368.0], [0.3768, 278638.0], [0.3769, 157414.0], [0.377, 138172.0], [0.3771, 175915.0], [0.3772, 253594.0], [0.3773, 166480.0], [0.3774, 199275.0], [0.3775, 152007.0], [0.3776, 100802.0], [0.3777, 112085.0], [0.3778, 228089.0], [0.3779, 126709.0], [0.378, 65922.0], [0.3781, 116102.0], [0.3782, 151716.0], [0.3783, 144777.0], [0.3784, 113041.0]], "timestamp": "2025-12-19T22:12:45.316237+00:00"}, {"symbol": "ADAUSDT", "bids": [[0.3759, 45692.0], [0.3758, 155750.0], [0.3757, 185388.0], [0.3756, 226141.0], [0.3755, 219987.0], [0.3754, 91851.0], [0.3753, 113146.0], [0.3752, 171663.0], [0.3751, 182071.0], [0.375, 160104.0], [0.3749, 201560.0], [0.3748, 133465.0], [0.3747, 86952.0], [0.3746, 170121.0], [0.3745, 204356.0], [0.3744, 224792.0], [0.3743, 152043.0], [0.3742, 180312.0], [0.3741, 278235.0], [0.374, 375621.0]], "asks": [[0.376, 156888.0], [0.3761, 173979.0], [0.3762, 176158.0], [0.3763, 187799.0], [0.3764, 280147.0], [0.3765, 186575.0], [0.3766, 253386.0], [0.3767, 191409.0], [0.3768, 193872.0], [0.3769, 125142.0], [0.377, 125171.0], [0.3771, 106263.0], [0.3772, 173865.0], [0.3773, 216176.0], [0.3774, 172005.0], [0.3775, 116790.0], [0.3776, 116660.0], [0.3777, 76821.0], [0.3778, 178037.0], [0.3779, 187901.0]], "timestamp": "2025-12-19T22:13:38.666856+00:00"}, {"symbol": "ADAUSDT", "bids": [[0.3763, 163768.0], [0.3762, 205360.0], [0.3761, 326522.0], [0.376, 199281.0], [0.3759, 190021.0], [0.3758, 156185.0], [0.3757, 253085.0], [0.3756, 120438.0], [0.3755, 161421.0], [0.3754, 157459.0], [0.3753, 107500.0], [0.3752, 205746.0], [0.3751, 118206.0], [0.375, 146299.0], [0.3749, 131810.0], [0.3748, 201413.0], [0.3747, 106079.0], [0.3746, 94142.0], [0.3745, 189765.0], [0.3744, 163303.0]], "asks": [[0.3764, 55342.0], [0.3765, 127526.0], [0.3766, 245717.0], [0.3767, 161323.0], [0.3768, 206861.0], [0.3769, 145114.0], [0.377, 163729.0], [0.3771, 125706.0], [0.3772, 141083.0], [0.3773, 156592.0], [0.3774, 273319.0], [0.3775, 226611.0], [0.3776, 144010.0], [0.3777, 74762.0], [0.3778, 153494.0], [0.3779, 215001.0], [0.378, 124695.0], [0.3781, 140877.0], [0.3782, 74904.0], [0.3783, 290516.0]], "timestamp": "2025-12-19T22:14:32.426665+00:00"}, {"symbol": "ADAUSDT", "bids": [[0.3769, 130141.0], [0.3768, 177733.0], [0.3767, 237024.0], [0.3766, 258815.0], [0.3765, 177194.0], [0.3764, 153409.0], [0.3763, 189310.0], [0.3762, 246792.0], [0.3761, 126467.0], [0.376, 152037.0], [0.3759, 123527.0], [0.3758, 64452.0], [0.3757, 115486.0], [0.3756, 260582.0], [0.3755, 127455.0], [0.3754, 207784.0], [0.3753, 251334.0], [0.3752, 107016.0], [0.3751, 220092.0], [0.375, 180013.0]], "asks": [[0.377, 45291.0], [0.3771, 118939.0], [0.3772, 174851.0], [0.3773, 185090.0], [0.3774, 124857.0], [0.3775, 130591.0], [0.3776, 143295.0], [0.3777, 158917.0], [0.3778, 106446.0], [0.3779, 139987.0], [0.378, 154777.0], [0.3781, 263989.0], [0.3782, 135628.0], [0.3783, 98589.0], [0.3784, 239507.0], [0.3785, 151139.0], [0.3786, 182440.0], [0.3787, 116864.0], [0.3788, 171730.0], [0.3789, 305981.0]], "timestamp": "2025-12-19T22:15:25.981800+00:00"}, {"symbol": "ADAUSDT", "bids": [[0.3765, 191780.0], [0.3764, 216788.0], [0.3763, 262111.0], [0.3762, 297150.0], [0.3761, 219827.0], [0.376, 158414.0], [0.3759, 129826.0], [0.3758, 153141.0], [0.3757, 100552.0], [0.3756, 134684.0], [0.3755, 228800.0], [0.3754, 165653.0], [0.3753, 248467.0], [0.3752, 113296.0], [0.3751, 150971.0], [0.375, 219033.0], [0.3749, 156056.0], [0.3748, 367759.0], [0.3747, 126520.0], [0.3746, 210223.0]], "asks": [[0.3766, 32669.0], [0.3767, 109599.0], [0.3768, 182979.0], [0.3769, 236170.0], [0.377, 144977.0], [0.3771, 137584.0], [0.3772, 202586.0], [0.3773, 119041.0], [0.3774, 191728.0], [0.3775, 213275.0], [0.3776, 163802.0], [0.3777, 140997.0], [0.3778, 97237.0], [0.3779, 121978.0], [0.378, 102827.0], [0.3781, 208487.0], [0.3782, 118983.0], [0.3783, 64074.0], [0.3784, 194576.0], [0.3785, 139800.0]], "timestamp": "2025-12-19T22:16:19.640014+00:00"}, {"symbol": "ADAUSDT", "bids": [[0.3766, 133664.0], [0.3765, 155743.0], [0.3764, 175984.0], [0.3763, 207500.0], [0.3762, 337476.0], [0.3761, 146612.0], [0.376, 251208.0], [0.3759, 167417.0], [0.3758, 81247.0], [0.3757, 100779.0], [0.3756, 115337.0], [0.3755, 116492.0], [0.3754, 293348.0], [0.3753, 248435.0], [0.3752, 86407.0], [0.3751, 159162.0], [0.375, 210936.0], [0.3749, 156280.0], [0.3748, 282829.0], [0.3747, 228255.0]], "asks": [[0.3767, 105566.0], [0.3768, 200653.0], [0.3769, 209017.0], [0.377, 229977.0], [0.3771, 157969.0], [0.3772, 239722.0], [0.3773, 124734.0], [0.3774, 132503.0], [0.3775, 152432.0], [0.3776, 204873.0], [0.3777, 149739.0], [0.3778, 200655.0], [0.3779, 104042.0], [0.378, 92856.0], [0.3781, 139231.0], [0.3782, 47771.0], [0.3783, 64074.0], [0.3784, 200901.0], [0.3785, 142452.0], [0.3786, 176625.0]], "timestamp": "2025-12-19T22:17:17.906997+00:00"}, {"symbol": "ADAUSDT", "bids": [[0.3765, 241207.0], [0.3764, 191350.0], [0.3763, 229490.0], [0.3762, 248507.0], [0.3761, 246990.0], [0.376, 234093.0], [0.3759, 127933.0], [0.3758, 81837.0], [0.3757, 134941.0], [0.3756, 159487.0], [0.3755, 116735.0], [0.3754, 293270.0], [0.3753, 248674.0], [0.3752, 86228.0], [0.3751, 151050.0], [0.375, 210166.0], [0.3749, 164249.0], [0.3748, 283496.0], [0.3747, 228194.0], [0.3746, 200239.0]], "asks": [[0.3766, 59455.0], [0.3767, 120247.0], [0.3768, 217503.0], [0.3769, 318482.0], [0.377, 144432.0], [0.3771, 117747.0], [0.3772, 185391.0], [0.3773, 105833.0], [0.3774, 243430.0], [0.3775, 136771.0], [0.3776, 233585.0], [0.3777, 151538.0], [0.3778, 190181.0], [0.3779, 100630.0], [0.378, 118980.0], [0.3781, 92868.0], [0.3782, 47771.0], [0.3783, 64074.0], [0.3784, 200917.0], [0.3785, 142340.0]], "timestamp": "2025-12-19T22:18:11.769916+00:00"}, {"symbol": "ADAUSDT", "bids": [[0.3768, 762.0], [0.3767, 152594.0], [0.3766, 243258.0], [0.3765, 253733.0], [0.3764, 339198.0], [0.3763, 165778.0], [0.3762, 178809.0], [0.3761, 128640.0], [0.376, 120735.0], [0.3759, 204314.0], [0.3758, 211236.0], [0.3757, 151230.0], [0.3756, 89297.0], [0.3755, 100320.0], [0.3754, 192683.0], [0.3753, 274667.0], [0.3752, 99931.0], [0.3751, 149841.0], [0.375, 293741.0], [0.3749, 120800.0]], "asks": [[0.3769, 140661.0], [0.377, 125127.0], [0.3771, 158695.0], [0.3772, 299892.0], [0.3773, 138207.0], [0.3774, 273639.0], [0.3775, 125614.0], [0.3776, 128330.0], [0.3777, 132653.0], [0.3778, 136919.0], [0.3779, 106780.0], [0.378, 247836.0], [0.3781, 109785.0], [0.3782, 108369.0], [0.3783, 72650.0], [0.3784, 236017.0], [0.3785, 135895.0], [0.3786, 120822.0], [0.3787, 116864.0], [0.3788, 204060.0]], "timestamp": "2025-12-19T22:19:04.595891+00:00"}, {"symbol": "ADAUSDT", "bids": [[0.3766, 135451.0], [0.3765, 181987.0], [0.3764, 218117.0], [0.3763, 239406.0], [0.3762, 233125.0], [0.3761, 151293.0], [0.376, 234874.0], [0.3759, 174980.0], [0.3758, 79057.0], [0.3757, 154567.0], [0.3756, 89476.0], [0.3755, 113318.0], [0.3754, 239636.0], [0.3753, 120515.0], [0.3752, 117605.0], [0.3751, 124305.0], [0.375, 246852.0], [0.3749, 437140.0], [0.3748, 192775.0], [0.3747, 125956.0]], "asks": [[0.3767, 103918.0], [0.3768, 128134.0], [0.3769, 206786.0], [0.377, 224124.0], [0.3771, 139447.0], [0.3772, 225338.0], [0.3773, 174609.0], [0.3774, 251228.0], [0.3775, 125633.0], [0.3776, 145340.0], [0.3777, 141535.0], [0.3778, 259037.0], [0.3779, 80258.0], [0.378, 112381.0], [0.3781, 103486.0], [0.3782, 81123.0], [0.3783, 93346.0], [0.3784, 224395.0], [0.3785, 133219.0], [0.3786, 118065.0]], "timestamp": "2025-12-19T22:19:59.109406+00:00"}, {"symbol": "ADAUSDT", "bids": [[0.3764, 122571.0], [0.3763, 162544.0], [0.3762, 226044.0], [0.3761, 188637.0], [0.376, 294854.0], [0.3759, 218798.0], [0.3758, 152831.0], [0.3757, 94356.0], [0.3756, 82360.0], [0.3755, 87956.0], [0.3754, 123044.0], [0.3753, 249220.0], [0.3752, 101908.0], [0.3751, 153564.0], [0.375, 231870.0], [0.3749, 329667.0], [0.3748, 187011.0], [0.3747, 119450.0], [0.3746, 288026.0], [0.3745, 424844.0]], "asks": [[0.3765, 131047.0], [0.3766, 166091.0], [0.3767, 189840.0], [0.3768, 275778.0], [0.3769, 182724.0], [0.377, 174732.0], [0.3771, 186897.0], [0.3772, 198500.0], [0.3773, 140282.0], [0.3774, 190784.0], [0.3775, 145791.0], [0.3776, 163313.0], [0.3777, 182029.0], [0.3778, 141126.0], [0.3779, 59094.0], [0.378, 97337.0], [0.3781, 111330.0], [0.3782, 78007.0], [0.3783, 58947.0], [0.3784, 290787.0]], "timestamp": "2025-12-19T22:20:51.779827+00:00"}, {"symbol": "ADAUSDT", "bids": [[0.3764, 59111.0], [0.3763, 196876.0], [0.3762, 205919.0], [0.3761, 305452.0], [0.376, 257357.0], [0.3759, 272921.0], [0.3758, 165514.0], [0.3757, 92179.0], [0.3756, 81560.0], [0.3755, 87940.0], [0.3754, 110065.0], [0.3753, 241480.0], [0.3752, 122722.0], [0.3751, 153532.0], [0.375, 231580.0], [0.3749, 324333.0], [0.3748, 172354.0], [0.3747, 104279.0], [0.3746, 221334.0], [0.3745, 395093.0]], "asks": [[0.3765, 61047.0], [0.3766, 178067.0], [0.3767, 221056.0], [0.3768, 274750.0], [0.3769, 196354.0], [0.377, 201870.0], [0.3771, 225339.0], [0.3772, 193898.0], [0.3773, 135457.0], [0.3774, 169152.0], [0.3775, 124432.0], [0.3776, 165108.0], [0.3777, 181621.0], [0.3778, 152395.0], [0.3779, 64938.0], [0.378, 97335.0], [0.3781, 111347.0], [0.3782, 77081.0], [0.3783, 62040.0], [0.3784, 342427.0]], "timestamp": "2025-12-19T22:21:44.353719+00:00"}, {"symbol": "ADAUSDT", "bids": [[0.3763, 178575.0], [0.3762, 144132.0], [0.3761, 237399.0], [0.376, 242735.0], [0.3759, 321970.0], [0.3758, 124364.0], [0.3757, 187608.0], [0.3756, 113957.0], [0.3755, 95759.0], [0.3754, 100533.0], [0.3753, 128586.0], [0.3752, 231755.0], [0.3751, 161315.0], [0.375, 231564.0], [0.3749, 334998.0], [0.3748, 172354.0], [0.3747, 91780.0], [0.3746, 125689.0], [0.3745, 490747.0], [0.3744, 181756.0]], "asks": [[0.3764, 51224.0], [0.3765, 157902.0], [0.3766, 192379.0], [0.3767, 214122.0], [0.3768, 267248.0], [0.3769, 192550.0], [0.377, 211686.0], [0.3771, 229128.0], [0.3772, 179835.0], [0.3773, 155577.0], [0.3774, 190667.0], [0.3775, 177931.0], [0.3776, 155229.0], [0.3777, 68567.0], [0.3778, 164377.0], [0.3779, 163338.0], [0.378, 93876.0], [0.3781, 71725.0], [0.3782, 39325.0], [0.3783, 62061.0]], "timestamp": "2025-12-19T22:22:36.953839+00:00"}, {"symbol": "ADAUSDT", "bids": [[0.3764, 152634.0], [0.3763, 217485.0], [0.3762, 229078.0], [0.3761, 271034.0], [0.376, 198553.0], [0.3759, 260279.0], [0.3758, 116987.0], [0.3757, 192001.0], [0.3756, 99406.0], [0.3755, 118874.0], [0.3754, 224740.0], [0.3753, 113612.0], [0.3752, 98448.0], [0.3751, 81510.0], [0.375, 209443.0], [0.3749, 334758.0], [0.3748, 172354.0], [0.3747, 104261.0], [0.3746, 221333.0], [0.3745, 389769.0]], "asks": [[0.3765, 49491.0], [0.3766, 141461.0], [0.3767, 219322.0], [0.3768, 200456.0], [0.3769, 258082.0], [0.377, 172781.0], [0.3771, 199923.0], [0.3772, 267680.0], [0.3773, 125323.0], [0.3774, 146773.0], [0.3775, 132183.0], [0.3776, 178738.0], [0.3777, 176722.0], [0.3778, 163949.0], [0.3779, 160439.0], [0.378, 62601.0], [0.3781, 80394.0], [0.3782, 39799.0], [0.3783, 69106.0], [0.3784, 271884.0]], "timestamp": "2025-12-19T22:23:30.243142+00:00"}, {"symbol": "ADAUSDT", "bids": [[0.3763, 218102.0], [0.3762, 242533.0], [0.3761, 235188.0], [0.376, 189686.0], [0.3759, 295974.0], [0.3758, 207372.0], [0.3757, 197543.0], [0.3756, 132394.0], [0.3755, 110224.0], [0.3754, 97931.0], [0.3753, 114934.0], [0.3752, 363750.0], [0.3751, 81950.0], [0.375, 198658.0], [0.3749, 196961.0], [0.3748, 172354.0], [0.3747, 90161.0], [0.3746, 128341.0], [0.3745, 483446.0], [0.3744, 197779.0]], "asks": [[0.3764, 82602.0], [0.3765, 113668.0], [0.3766, 211543.0], [0.3767, 257571.0], [0.3768, 224143.0], [0.3769, 173778.0], [0.377, 193850.0], [0.3771, 164383.0], [0.3772, 276109.0], [0.3773, 120836.0], [0.3774, 151343.0], [0.3775, 113395.0], [0.3776, 146011.0], [0.3777, 209907.0], [0.3778, 153194.0], [0.3779, 151166.0], [0.378, 66300.0], [0.3781, 79918.0], [0.3782, 39799.0], [0.3783, 69329.0]], "timestamp": "2025-12-19T22:24:24.083375+00:00"}, {"symbol": "ADAUSDT", "bids": [[0.376, 204785.0], [0.3759, 160014.0], [0.3758, 205432.0], [0.3757, 211909.0], [0.3756, 150171.0], [0.3755, 154644.0], [0.3754, 76938.0], [0.3753, 168059.0], [0.3752, 129174.0], [0.3751, 189678.0], [0.375, 230847.0], [0.3749, 124687.0], [0.3748, 164181.0], [0.3747, 48748.0], [0.3746, 100216.0], [0.3745, 270530.0], [0.3744, 234806.0], [0.3743, 340317.0], [0.3742, 169869.0], [0.3741, 166093.0]], "asks": [[0.3761, 65849.0], [0.3762, 110677.0], [0.3763, 152496.0], [0.3764, 177473.0], [0.3765, 223853.0], [0.3766, 156047.0], [0.3767, 173888.0], [0.3768, 192197.0], [0.3769, 157444.0], [0.377, 183146.0], [0.3771, 220974.0], [0.3772, 176364.0], [0.3773, 118011.0], [0.3774, 143884.0], [0.3775, 94005.0], [0.3776, 136782.0], [0.3777, 194964.0], [0.3778, 114438.0], [0.3779, 140673.0], [0.378, 129446.0]], "timestamp": "2025-12-19T22:25:17.750171+00:00"}, {"symbol": "ADAUSDT", "bids": [[0.3767, 39898.0], [0.3766, 207014.0], [0.3765, 249882.0], [0.3764, 260926.0], [0.3763, 229732.0], [0.3762, 136509.0], [0.3761, 218134.0], [0.376, 93263.0], [0.3759, 152632.0], [0.3758, 109443.0], [0.3757, 132650.0], [0.3756, 224547.0], [0.3755, 228672.0], [0.3754, 141614.0], [0.3753, 141101.0], [0.3752, 239989.0], [0.3751, 184232.0], [0.375, 118341.0], [0.3749, 328037.0], [0.3748, 31116.0]], "asks": [[0.3768, 87394.0], [0.3769, 158589.0], [0.377, 197477.0], [0.3771, 181672.0], [0.3772, 136462.0], [0.3773, 158249.0], [0.3774, 167501.0], [0.3775, 160632.0], [0.3776, 172443.0], [0.3777, 146523.0], [0.3778, 197672.0], [0.3779, 91140.0], [0.378, 217653.0], [0.3781, 123509.0], [0.3782, 129128.0], [0.3783, 90459.0], [0.3784, 266950.0], [0.3785, 164258.0], [0.3786, 208666.0], [0.3787, 182020.0]], "timestamp": "2025-12-19T22:26:10.083279+00:00"}, {"symbol": "ADAUSDT", "bids": [[0.3769, 46653.0], [0.3768, 166156.0], [0.3767, 287003.0], [0.3766, 216763.0], [0.3765, 291566.0], [0.3764, 239432.0], [0.3763, 131875.0], [0.3762, 104861.0], [0.3761, 133468.0], [0.376, 87575.0], [0.3759, 183563.0], [0.3758, 146513.0], [0.3757, 240307.0], [0.3756, 109885.0], [0.3755, 185703.0], [0.3754, 86662.0], [0.3753, 140806.0], [0.3752, 247749.0], [0.3751, 182180.0], [0.375, 228634.0]], "asks": [[0.377, 139758.0], [0.3771, 103455.0], [0.3772, 183227.0], [0.3773, 245079.0], [0.3774, 114754.0], [0.3775, 105221.0], [0.3776, 221923.0], [0.3777, 134924.0], [0.3778, 136948.0], [0.3779, 103331.0], [0.378, 124758.0], [0.3781, 201908.0], [0.3782, 208353.0], [0.3783, 85083.0], [0.3784, 209225.0], [0.3785, 75363.0], [0.3786, 235008.0], [0.3787, 184875.0], [0.3788, 126411.0], [0.3789, 190273.0]], "timestamp": "2025-12-19T22:27:03.638282+00:00"}, {"symbol": "ADAUSDT", "bids": [[0.3766, 202892.0], [0.3765, 207824.0], [0.3764, 284505.0], [0.3763, 267793.0], [0.3762, 208558.0], [0.3761, 116516.0], [0.376, 134906.0], [0.3759, 190413.0], [0.3758, 100487.0], [0.3757, 119382.0], [0.3756, 121637.0], [0.3755, 313472.0], [0.3754, 82772.0], [0.3753, 167494.0], [0.3752, 239770.0], [0.3751, 173496.0], [0.375, 142710.0], [0.3749, 254236.0], [0.3748, 183589.0], [0.3747, 107456.0]], "asks": [[0.3767, 73240.0], [0.3768, 137548.0], [0.3769, 158697.0], [0.377, 245047.0], [0.3771, 146320.0], [0.3772, 156585.0], [0.3773, 176924.0], [0.3774, 239610.0], [0.3775, 131045.0], [0.3776, 121869.0], [0.3777, 138152.0], [0.3778, 160848.0], [0.3779, 99948.0], [0.378, 211283.0], [0.3781, 170756.0], [0.3782, 93135.0], [0.3783, 82454.0], [0.3784, 197962.0], [0.3785, 77320.0], [0.3786, 239565.0]], "timestamp": "2025-12-19T22:27:56.579958+00:00"}, {"symbol": "ADAUSDT", "bids": [[0.3767, 149383.0], [0.3766, 236165.0], [0.3765, 270569.0], [0.3764, 224275.0], [0.3763, 231688.0], [0.3762, 115523.0], [0.3761, 114656.0], [0.376, 109561.0], [0.3759, 286003.0], [0.3758, 110735.0], [0.3757, 274490.0], [0.3756, 74934.0], [0.3755, 135096.0], [0.3754, 68930.0], [0.3753, 120563.0], [0.3752, 107409.0], [0.3751, 192800.0], [0.375, 215934.0], [0.3749, 137494.0], [0.3748, 92123.0]], "asks": [[0.3768, 54149.0], [0.3769, 65630.0], [0.377, 149315.0], [0.3771, 165399.0], [0.3772, 176094.0], [0.3773, 216903.0], [0.3774, 117465.0], [0.3775, 134285.0], [0.3776, 113600.0], [0.3777, 150255.0], [0.3778, 130334.0], [0.3779, 92514.0], [0.378, 145725.0], [0.3781, 259205.0], [0.3782, 105422.0], [0.3783, 49402.0], [0.3784, 198705.0], [0.3785, 57902.0], [0.3786, 166846.0], [0.3787, 186103.0]], "timestamp": "2025-12-19T22:28:50.182357+00:00"}, {"symbol": "ADAUSDT", "bids": [[0.3768, 121847.0], [0.3767, 167534.0], [0.3766, 259295.0], [0.3765, 342735.0], [0.3764, 167708.0], [0.3763, 133264.0], [0.3762, 192570.0], [0.3761, 105574.0], [0.376, 121100.0], [0.3759, 178708.0], [0.3758, 262025.0], [0.3757, 142032.0], [0.3756, 66172.0], [0.3755, 130201.0], [0.3754, 79597.0], [0.3753, 135612.0], [0.3752, 244648.0], [0.3751, 239876.0], [0.375, 137531.0], [0.3749, 137029.0]], "asks": [[0.3769, 47500.0], [0.377, 71801.0], [0.3771, 149329.0], [0.3772, 171942.0], [0.3773, 203994.0], [0.3774, 146449.0], [0.3775, 141952.0], [0.3776, 113758.0], [0.3777, 140257.0], [0.3778, 161693.0], [0.3779, 63763.0], [0.378, 147512.0], [0.3781, 275511.0], [0.3782, 124602.0], [0.3783, 66753.0], [0.3784, 193437.0], [0.3785, 58123.0], [0.3786, 157484.0], [0.3787, 112317.0], [0.3788, 180015.0]], "timestamp": "2025-12-19T22:29:44.112238+00:00"}, {"symbol": "ADAUSDT", "bids": [[0.3765, 151431.0], [0.3764, 163207.0], [0.3763, 264006.0], [0.3762, 248986.0], [0.3761, 220234.0], [0.376, 174603.0], [0.3759, 122200.0], [0.3758, 77089.0], [0.3757, 167963.0], [0.3756, 93418.0], [0.3755, 216153.0], [0.3754, 68957.0], [0.3753, 174449.0], [0.3752, 229876.0], [0.3751, 180889.0], [0.375, 150513.0], [0.3749, 236660.0], [0.3748, 82713.0], [0.3747, 91237.0], [0.3746, 114637.0]], "asks": [[0.3766, 86946.0], [0.3767, 174598.0], [0.3768, 203636.0], [0.3769, 242024.0], [0.377, 140646.0], [0.3771, 124360.0], [0.3772, 170976.0], [0.3773, 161779.0], [0.3774, 193351.0], [0.3775, 60753.0], [0.3776, 174963.0], [0.3777, 134925.0], [0.3778, 142134.0], [0.3779, 62501.0], [0.378, 151810.0], [0.3781, 223387.0], [0.3782, 103713.0], [0.3783, 54650.0], [0.3784, 185821.0], [0.3785, 58109.0]], "timestamp": "2025-12-19T22:30:38.375593+00:00"}, {"symbol": "ADAUSDT", "bids": [[0.3765, 134686.0], [0.3764, 177831.0], [0.3763, 254542.0], [0.3762, 205418.0], [0.3761, 289037.0], [0.376, 216535.0], [0.3759, 164065.0], [0.3758, 162482.0], [0.3757, 154745.0], [0.3756, 95199.0], [0.3755, 103192.0], [0.3754, 110170.0], [0.3753, 188945.0], [0.3752, 114656.0], [0.3751, 251749.0], [0.375, 227488.0], [0.3749, 119492.0], [0.3748, 45008.0], [0.3747, 81540.0], [0.3746, 99775.0]], "asks": [[0.3766, 151976.0], [0.3767, 113092.0], [0.3768, 129520.0], [0.3769, 197098.0], [0.377, 149844.0], [0.3771, 124178.0], [0.3772, 189209.0], [0.3773, 133571.0], [0.3774, 201317.0], [0.3775, 112654.0], [0.3776, 161380.0], [0.3777, 95719.0], [0.3778, 270156.0], [0.3779, 137968.0], [0.378, 180372.0], [0.3781, 127887.0], [0.3782, 69301.0], [0.3783, 96450.0], [0.3784, 118334.0], [0.3785, 57398.0]], "timestamp": "2025-12-19T22:31:31.931364+00:00"}, {"symbol": "ADAUSDT", "bids": [[0.3768, 174685.0], [0.3767, 171023.0], [0.3766, 189614.0], [0.3765, 282810.0], [0.3764, 245359.0], [0.3763, 169386.0], [0.3762, 111657.0], [0.3761, 146777.0], [0.376, 214934.0], [0.3759, 150704.0], [0.3758, 312953.0], [0.3757, 109232.0], [0.3756, 101093.0], [0.3755, 112467.0], [0.3754, 230796.0], [0.3753, 186082.0], [0.3752, 110106.0], [0.3751, 167103.0], [0.375, 111004.0], [0.3749, 152393.0]], "asks": [[0.3769, 39364.0], [0.377, 40638.0], [0.3771, 124276.0], [0.3772, 183391.0], [0.3773, 121077.0], [0.3774, 169812.0], [0.3775, 79302.0], [0.3776, 132047.0], [0.3777, 206383.0], [0.3778, 114130.0], [0.3779, 100444.0], [0.378, 122540.0], [0.3781, 164192.0], [0.3782, 197192.0], [0.3783, 79402.0], [0.3784, 119560.0], [0.3785, 65656.0], [0.3786, 101701.0], [0.3787, 103386.0], [0.3788, 129182.0]], "timestamp": "2025-12-19T22:32:25.391985+00:00"}, {"symbol": "ADAUSDT", "bids": [[0.377, 56955.0], [0.3769, 139567.0], [0.3768, 270342.0], [0.3767, 233975.0], [0.3766, 269258.0], [0.3765, 160109.0], [0.3764, 174118.0], [0.3763, 165227.0], [0.3762, 137269.0], [0.3761, 150867.0], [0.376, 144643.0], [0.3759, 240473.0], [0.3758, 183375.0], [0.3757, 121005.0], [0.3756, 84623.0], [0.3755, 107076.0], [0.3754, 250562.0], [0.3753, 292431.0], [0.3752, 201996.0], [0.3751, 106561.0]], "asks": [[0.3771, 124414.0], [0.3772, 97755.0], [0.3773, 164124.0], [0.3774, 158259.0], [0.3775, 106936.0], [0.3776, 130481.0], [0.3777, 156388.0], [0.3778, 82736.0], [0.3779, 62713.0], [0.378, 144876.0], [0.3781, 171450.0], [0.3782, 194227.0], [0.3783, 209330.0], [0.3784, 144382.0], [0.3785, 47028.0], [0.3786, 133993.0], [0.3787, 96871.0], [0.3788, 56627.0], [0.3789, 226679.0], [0.379, 104175.0]], "timestamp": "2025-12-19T22:33:18.634144+00:00"}, {"symbol": "ADAUSDT", "bids": [[0.3771, 148458.0], [0.377, 148742.0], [0.3769, 232498.0], [0.3768, 157606.0], [0.3767, 234331.0], [0.3766, 191380.0], [0.3765, 108839.0], [0.3764, 115145.0], [0.3763, 123951.0], [0.3762, 89476.0], [0.3761, 172298.0], [0.376, 251781.0], [0.3759, 246161.0], [0.3758, 260442.0], [0.3757, 135859.0], [0.3756, 202841.0], [0.3755, 203775.0], [0.3754, 129747.0], [0.3753, 116680.0], [0.3752, 127892.0]], "asks": [[0.3772, 58596.0], [0.3773, 146887.0], [0.3774, 199214.0], [0.3775, 200057.0], [0.3776, 146476.0], [0.3777, 230379.0], [0.3778, 147080.0], [0.3779, 144653.0], [0.378, 115519.0], [0.3781, 188926.0], [0.3782, 144382.0], [0.3783, 78819.0], [0.3784, 129157.0], [0.3785, 53174.0], [0.3786, 87290.0], [0.3787, 206766.0], [0.3788, 81541.0], [0.3789, 106810.0], [0.379, 181005.0], [0.3791, 77081.0]], "timestamp": "2025-12-19T22:34:12.291876+00:00"}, {"symbol": "ADAUSDT", "bids": [[0.3771, 162540.0], [0.377, 158501.0], [0.3769, 222366.0], [0.3768, 238109.0], [0.3767, 137412.0], [0.3766, 150103.0], [0.3765, 82753.0], [0.3764, 126452.0], [0.3763, 127789.0], [0.3762, 144594.0], [0.3761, 246214.0], [0.376, 91715.0], [0.3759, 245693.0], [0.3758, 260183.0], [0.3757, 135859.0], [0.3756, 191146.0], [0.3755, 108342.0], [0.3754, 139650.0], [0.3753, 281037.0], [0.3752, 127627.0]], "asks": [[0.3772, 37940.0], [0.3773, 97425.0], [0.3774, 169983.0], [0.3775, 151798.0], [0.3776, 185832.0], [0.3777, 140340.0], [0.3778, 138020.0], [0.3779, 203970.0], [0.378, 115470.0], [0.3781, 179018.0], [0.3782, 89393.0], [0.3783, 100699.0], [0.3784, 139386.0], [0.3785, 153197.0], [0.3786, 66457.0], [0.3787, 111314.0], [0.3788, 81392.0], [0.3789, 133696.0], [0.379, 184230.0], [0.3791, 58711.0]], "timestamp": "2025-12-19T22:35:07.783063+00:00"}, {"symbol": "ADAUSDT", "bids": [[0.3774, 174188.0], [0.3773, 205122.0], [0.3772, 208113.0], [0.3771, 233667.0], [0.377, 176135.0], [0.3769, 158546.0], [0.3768, 94217.0], [0.3767, 193275.0], [0.3766, 68036.0], [0.3765, 72516.0], [0.3764, 66243.0], [0.3763, 196743.0], [0.3762, 419275.0], [0.3761, 169302.0], [0.376, 112643.0], [0.3759, 107947.0], [0.3758, 170566.0], [0.3757, 109301.0], [0.3756, 160372.0], [0.3755, 126032.0]], "asks": [[0.3775, 43734.0], [0.3776, 42210.0], [0.3777, 126593.0], [0.3778, 154594.0], [0.3779, 91355.0], [0.378, 127758.0], [0.3781, 189531.0], [0.3782, 173704.0], [0.3783, 126808.0], [0.3784, 159221.0], [0.3785, 186686.0], [0.3786, 101744.0], [0.3787, 121800.0], [0.3788, 123504.0], [0.3789, 141039.0], [0.379, 198490.0], [0.3791, 65629.0], [0.3792, 162747.0], [0.3793, 251301.0], [0.3794, 116875.0]], "timestamp": "2025-12-19T22:36:01.349935+00:00"}, {"symbol": "ADAUSDT", "bids": [[0.3772, 145549.0], [0.3771, 166459.0], [0.377, 142565.0], [0.3769, 172435.0], [0.3768, 190365.0], [0.3767, 200762.0], [0.3766, 106834.0], [0.3765, 105236.0], [0.3764, 111512.0], [0.3763, 157078.0], [0.3762, 264338.0], [0.3761, 263283.0], [0.376, 116232.0], [0.3759, 99681.0], [0.3758, 169901.0], [0.3757, 140785.0], [0.3756, 190372.0], [0.3755, 121549.0], [0.3754, 220357.0], [0.3753, 135779.0]], "asks": [[0.3773, 66135.0], [0.3774, 133240.0], [0.3775, 151161.0], [0.3776, 158308.0], [0.3777, 141047.0], [0.3778, 108060.0], [0.3779, 120344.0], [0.378, 237670.0], [0.3781, 175824.0], [0.3782, 83622.0], [0.3783, 86477.0], [0.3784, 143932.0], [0.3785, 174380.0], [0.3786, 105452.0], [0.3787, 105972.0], [0.3788, 97377.0], [0.3789, 141015.0], [0.379, 198490.0], [0.3791, 65939.0], [0.3792, 162707.0]], "timestamp": "2025-12-19T22:36:55.110589+00:00"}, {"symbol": "ADAUSDT", "bids": [[0.3775, 19427.0], [0.3774, 167143.0], [0.3773, 169769.0], [0.3772, 189107.0], [0.3771, 214200.0], [0.377, 162714.0], [0.3769, 110255.0], [0.3768, 78593.0], [0.3767, 159165.0], [0.3766, 134667.0], [0.3765, 112275.0], [0.3764, 207717.0], [0.3763, 222108.0], [0.3762, 250785.0], [0.3761, 164214.0], [0.376, 166995.0], [0.3759, 99723.0], [0.3758, 182076.0], [0.3757, 184437.0], [0.3756, 90031.0]], "asks": [[0.3776, 175363.0], [0.3777, 154190.0], [0.3778, 151355.0], [0.3779, 143540.0], [0.378, 177530.0], [0.3781, 192677.0], [0.3782, 93421.0], [0.3783, 112228.0], [0.3784, 122107.0], [0.3785, 108986.0], [0.3786, 212018.0], [0.3787, 105153.0], [0.3788, 140355.0], [0.3789, 151613.0], [0.379, 214585.0], [0.3791, 67047.0], [0.3792, 98301.0], [0.3793, 191062.0], [0.3794, 119850.0], [0.3795, 295602.0]], "timestamp": "2025-12-19T22:37:48.769003+00:00"}, {"symbol": "ADAUSDT", "bids": [[0.3778, 183404.0], [0.3777, 143657.0], [0.3776, 149301.0], [0.3775, 201431.0], [0.3774, 179096.0], [0.3773, 163898.0], [0.3772, 75344.0], [0.3771, 106524.0], [0.377, 57084.0], [0.3769, 106958.0], [0.3768, 109044.0], [0.3767, 226027.0], [0.3766, 247740.0], [0.3765, 90810.0], [0.3764, 61582.0], [0.3763, 165153.0], [0.3762, 240647.0], [0.3761, 146485.0], [0.376, 174497.0], [0.3759, 206965.0]], "asks": [[0.3779, 159278.0], [0.378, 54958.0], [0.3781, 107913.0], [0.3782, 129085.0], [0.3783, 143419.0], [0.3784, 104586.0], [0.3785, 92405.0], [0.3786, 132144.0], [0.3787, 172055.0], [0.3788, 88098.0], [0.3789, 135855.0], [0.379, 110008.0], [0.3791, 128905.0], [0.3792, 180231.0], [0.3793, 93329.0], [0.3794, 139721.0], [0.3795, 157256.0], [0.3796, 115776.0], [0.3797, 81513.0], [0.3798, 226214.0]], "timestamp": "2025-12-19T22:38:43.344466+00:00"}, {"symbol": "ADAUSDT", "bids": [[0.3776, 19031.0], [0.3775, 109771.0], [0.3774, 227410.0], [0.3773, 140168.0], [0.3772, 139518.0], [0.3771, 144902.0], [0.377, 137967.0], [0.3769, 109643.0], [0.3768, 93727.0], [0.3767, 109551.0], [0.3766, 339950.0], [0.3765, 259373.0], [0.3764, 84223.0], [0.3763, 204712.0], [0.3762, 275409.0], [0.3761, 126981.0], [0.376, 156539.0], [0.3759, 306281.0], [0.3758, 81149.0], [0.3757, 201830.0]], "asks": [[0.3777, 197194.0], [0.3778, 108736.0], [0.3779, 170566.0], [0.378, 187727.0], [0.3781, 148897.0], [0.3782, 173199.0], [0.3783, 118895.0], [0.3784, 185666.0], [0.3785, 88996.0], [0.3786, 143596.0], [0.3787, 141318.0], [0.3788, 87618.0], [0.3789, 218194.0], [0.379, 97386.0], [0.3791, 85788.0], [0.3792, 54532.0], [0.3793, 93517.0], [0.3794, 193734.0], [0.3795, 157003.0], [0.3796, 79952.0]], "timestamp": "2025-12-19T22:39:37.007325+00:00"}, {"symbol": "ADAUSDT", "bids": [[0.3778, 155793.0], [0.3777, 140618.0], [0.3776, 149444.0], [0.3775, 182101.0], [0.3774, 179250.0], [0.3773, 154187.0], [0.3772, 74510.0], [0.3771, 114970.0], [0.377, 110677.0], [0.3769, 241924.0], [0.3768, 93077.0], [0.3767, 128345.0], [0.3766, 346881.0], [0.3765, 64150.0], [0.3764, 94984.0], [0.3763, 201897.0], [0.3762, 137596.0], [0.3761, 144846.0], [0.376, 280382.0], [0.3759, 251677.0]], "asks": [[0.3779, 37297.0], [0.378, 85691.0], [0.3781, 155610.0], [0.3782, 188692.0], [0.3783, 116932.0], [0.3784, 106436.0], [0.3785, 155761.0], [0.3786, 110450.0], [0.3787, 107088.0], [0.3788, 102339.0], [0.3789, 135864.0], [0.379, 196182.0], [0.3791, 100620.0], [0.3792, 73180.0], [0.3793, 102810.0], [0.3794, 226061.0], [0.3795, 207827.0], [0.3796, 113679.0], [0.3797, 95319.0], [0.3798, 230225.0]], "timestamp": "2025-12-19T22:40:30.256161+00:00"}, {"symbol": "ADAUSDT", "bids": [[0.378, 70207.0], [0.3779, 152211.0], [0.3778, 262795.0], [0.3777, 151070.0], [0.3776, 165196.0], [0.3775, 189644.0], [0.3774, 121464.0], [0.3773, 73154.0], [0.3772, 68500.0], [0.3771, 116077.0], [0.377, 141322.0], [0.3769, 422398.0], [0.3768, 143595.0], [0.3767, 158494.0], [0.3766, 198223.0], [0.3765, 84957.0], [0.3764, 137463.0], [0.3763, 200657.0], [0.3762, 260375.0], [0.3761, 130457.0]], "asks": [[0.3781, 70965.0], [0.3782, 66589.0], [0.3783, 111908.0], [0.3784, 183859.0], [0.3785, 109746.0], [0.3786, 118591.0], [0.3787, 135153.0], [0.3788, 188603.0], [0.3789, 126246.0], [0.379, 142175.0], [0.3791, 119630.0], [0.3792, 180705.0], [0.3793, 123499.0], [0.3794, 198167.0], [0.3795, 156499.0], [0.3796, 104072.0], [0.3797, 105837.0], [0.3798, 143368.0], [0.3799, 166986.0], [0.38, 71446.0]], "timestamp": "2025-12-19T22:41:23.248662+00:00"}, {"symbol": "ADAUSDT", "bids": [[0.3777, 159523.0], [0.3776, 159394.0], [0.3775, 137007.0], [0.3774, 150867.0], [0.3773, 166441.0], [0.3772, 185298.0], [0.3771, 132626.0], [0.377, 149851.0], [0.3769, 290604.0], [0.3768, 147841.0], [0.3767, 216671.0], [0.3766, 175445.0], [0.3765, 103550.0], [0.3764, 163551.0], [0.3763, 190824.0], [0.3762, 206947.0], [0.3761, 178862.0], [0.376, 51639.0], [0.3759, 167403.0], [0.3758, 184038.0]], "asks": [[0.3778, 43314.0], [0.3779, 148519.0], [0.378, 165246.0], [0.3781, 154837.0], [0.3782, 176856.0], [0.3783, 171861.0], [0.3784, 172415.0], [0.3785, 118807.0], [0.3786, 146578.0], [0.3787, 144315.0], [0.3788, 93292.0], [0.3789, 104513.0], [0.379, 106696.0], [0.3791, 111452.0], [0.3792, 182175.0], [0.3793, 160477.0], [0.3794, 120687.0], [0.3795, 176836.0], [0.3796, 96457.0], [0.3797, 147603.0]], "timestamp": "2025-12-19T22:42:15.939025+00:00"}, {"symbol": "ADAUSDT", "bids": [[0.3777, 4315.0], [0.3776, 42951.0], [0.3775, 141839.0], [0.3774, 121770.0], [0.3773, 204439.0], [0.3772, 95464.0], [0.3771, 140280.0], [0.377, 195602.0], [0.3769, 309851.0], [0.3768, 125896.0], [0.3767, 89545.0], [0.3766, 203575.0], [0.3765, 230336.0], [0.3764, 176845.0], [0.3763, 190824.0], [0.3762, 165108.0], [0.3761, 148862.0], [0.376, 61972.0], [0.3759, 248077.0], [0.3758, 88771.0]], "asks": [[0.3778, 153600.0], [0.3779, 172959.0], [0.378, 163076.0], [0.3781, 301759.0], [0.3782, 102963.0], [0.3783, 113509.0], [0.3784, 157361.0], [0.3785, 175214.0], [0.3786, 119933.0], [0.3787, 150090.0], [0.3788, 76084.0], [0.3789, 150352.0], [0.379, 149613.0], [0.3791, 187855.0], [0.3792, 82171.0], [0.3793, 160477.0], [0.3794, 120951.0], [0.3795, 150120.0], [0.3796, 82898.0], [0.3797, 88099.0]], "timestamp": "2025-12-19T22:43:09.164013+00:00"}, {"symbol": "ADAUSDT", "bids": [[0.3775, 52027.0], [0.3774, 197880.0], [0.3773, 130274.0], [0.3772, 169900.0], [0.3771, 215876.0], [0.377, 149670.0], [0.3769, 121939.0], [0.3768, 149737.0], [0.3767, 177511.0], [0.3766, 400063.0], [0.3765, 316070.0], [0.3764, 191905.0], [0.3763, 203636.0], [0.3762, 161127.0], [0.3761, 190632.0], [0.376, 59080.0], [0.3759, 151383.0], [0.3758, 101771.0], [0.3757, 305450.0], [0.3756, 243187.0]], "asks": [[0.3776, 20674.0], [0.3777, 120908.0], [0.3778, 115625.0], [0.3779, 167043.0], [0.378, 146436.0], [0.3781, 192541.0], [0.3782, 119387.0], [0.3783, 149611.0], [0.3784, 219412.0], [0.3785, 123945.0], [0.3786, 155239.0], [0.3787, 196690.0], [0.3788, 208685.0], [0.3789, 97766.0], [0.379, 86678.0], [0.3791, 111400.0], [0.3792, 72324.0], [0.3793, 177213.0], [0.3794, 89035.0], [0.3795, 152409.0]], "timestamp": "2025-12-19T22:44:02.743113+00:00"}