[{"id": "547342713", "price": 0.3768, "amount": 132.0, "side": "buy", "timestamp": 1766187688510}, {"id": "547342714", "price": 0.3768, "amount": 59.0, "side": "buy", "timestamp": 1766187689385}, {"id": "547342715", "price": 0.3768, "amount": 2.0, "side": "buy", "timestamp": 1766187690032}, {"id": "547342716", "price": 0.3767, "amount": 13.0, "side": "sell", "timestamp": 1766187691052}, {"id": "547342717", "price": 0.3768, "amount": 1.0, "side": "buy", "timestamp": 1766187692810}, {"id": "547342718", "price": 0.3767, "amount": 19.0, "side": "sell", "timestamp": 1766187694269}, {"id": "547342719", "price": 0.3768, "amount": 4138.0, "side": "buy", "timestamp": 1766187694775}, {"id": "547342720", "price": 0.3768, "amount": 1.0, "side": "buy", "timestamp": 1766187695923}, {"id": "547342721", "price": 0.3768, "amount": 777.0, "side": "buy", "timestamp": 1766187697028}, {"id": "547342722", "price": 0.3767, "amount": 600.0, "side": "sell", "timestamp": 1766187700601}, {"id": "547342723", "price": 0.3768, "amount": 647.0, "side": "buy", "timestamp": 1766187700664}, {"id": "547342724", "price": 0.3768, "amount": 18.0, "side": "buy", "timestamp": 1766187700972}, {"id": "547342725", "price": 0.3768, "amount": 10.0, "side": "buy", "timestamp": 1766187702212}, {"id": "547342726", "price": 0.3768, "amount": 6.0, "side": "buy", "timestamp": 1766187704796}, {"id": "547342727", "price": 0.3768, "amount": 6.0, "side": "buy", "timestamp": 1766187706675}, {"id": "547342728", "price": 0.3767, "amount": 70.0, "side": "sell", "timestamp": 1766187708074}, {"id": "547342729", "price": 0.3768, "amount": 11.0, "side": "buy", "timestamp": 1766187709148}, {"id": "547342730", "price": 0.3767, "amount": 434.0, "side": "sell", "timestamp": 1766187710060}, {"id": "547342731", "price": 0.3767, "amount": 1.0, "side": "sell", "timestamp": 1766187711916}, {"id": "547342732", "price": 0.3768, "amount": 6.0, "side": "buy", "timestamp": 1766187713646}, {"id": "547342733", "price": 0.3768, "amount": 1.0, "side": "buy", "timestamp": 1766187714354}, {"id": "547342734", "price": 0.3768, "amount": 5.0, "side": "buy", "timestamp": 1766187714708}, {"id": "547342735", "price": 0.3768, "amount": 154.0, "side": "buy", "timestamp": 1766187715139}, {"id": "547342736", "price": 0.3768, "amount": 1.0, "side": "buy", "timestamp": 1766187715324}, {"id": "547342737", "price": 0.3768, "amount": 2.0, "side": "buy", "timestamp": 1766187717450}, {"id": "547342738", "price": 0.3768, "amount": 5.0, "side": "buy", "timestamp": 1766187719079}, {"id": "547342739", "price": 0.3768, "amount": 627.0, "side": "buy", "timestamp": 1766187719259}, {"id": "547342740", "price": 0.3767, "amount": 138.0, "side": "sell", "timestamp": 1766187719650}, {"id": "547342741", "price": 0.3768, "amount": 6.0, "side": "buy", "timestamp": 1766187720544}, {"id": "547342742", "price": 0.3768, "amount": 6.0, "side": "buy", "timestamp": 1766187721929}, {"id": "547342743", "price": 0.3767, "amount": 15.0, "side": "sell", "timestamp": 1766187723125}, {"id": "547342744", "price": 0.3768, "amount": 3.0, "side": "buy", "timestamp": 1766187723807}, {"id": "547342745", "price": 0.3768, "amount": 15.0, "side": "buy", "timestamp": 1766187724315}, {"id": "547342746", "price": 0.3768, "amount": 51.0, "side": "buy", "timestamp": 1766187724614}, {"id": "547342747", "price": 0.3768, "amount": 22.0, "side": "buy", "timestamp": 1766187724814}, {"id": "547342748", "price": 0.3768, "amount": 47.0, "side": "buy", "timestamp": 1766187725043}, {"id": "547342749", "price": 0.3768, "amount": 14.0, "side": "buy", "timestamp": 1766187725272}, {"id": "547342750", "price": 0.3767, "amount": 172.0, "side": "sell", "timestamp": 1766187725941}, {"id": "547342751", "price": 0.3768, "amount": 5.0, "side": "buy", "timestamp": 1766187726643}, {"id": "547342752", "price": 0.3768, "amount": 1.0, "side": "buy", "timestamp": 1766187727292}, {"id": "547342753", "price": 0.3768, "amount": 777.0, "side": "buy", "timestamp": 1766187730797}, {"id": "547342754", "price": 0.3768, "amount": 26.0, "side": "buy", "timestamp": 1766187732281}, {"id": "547342755", "price": 0.3768, "amount": 4.0, "side": "buy", "timestamp": 1766187734581}, {"id": "547342756", "price": 0.3768, "amount": 7.0, "side": "buy", "timestamp": 1766187735005}, {"id": "547342757", "price": 0.3768, "amount": 895.0, "side": "buy", "timestamp": 1766187735931}, {"id": "547342758", "price": 0.3768, "amount": 15.0, "side": "buy", "timestamp": 1766187739947}, {"id": "547342759", "price": 0.3768, "amount": 1.0, "side": "buy", "timestamp": 1766187742828}, {"id": "547342760", "price": 0.3768, "amount": 6.0, "side": "buy", "timestamp": 1766187743122}, {"id": "547342761", "price": 0.3768, "amount": 53838.0, "side": "buy", "timestamp": 1766187747632}, {"id": "547342762", "price": 0.3769, "amount": 28686.0, "side": "buy", "timestamp": 1766187747635}, {"id": "547342765", "price": 0.3768, "amount": 15.0, "side": "sell", "timestamp": 1766187748001}, {"id": "547342766", "price": 0.3769, "amount": 28.0, "side": "buy", "timestamp": 1766187749842}, {"id": "547342767", "price": 0.3768, "amount": 16.0, "side": "sell", "timestamp": 1766187752489}, {"id": "547342768", "price": 0.3768, "amount": 154.0, "side": "sell", "timestamp": 1766187752691}, {"id": "547342769", "price": 0.3769, "amount": 627.0, "side": "buy", "timestamp": 1766187753393}, {"id": "547342770", "price": 0.3769, "amount": 15.0, "side": "buy", "timestamp": 1766187753540}, {"id": "547342771", "price": 0.3768, "amount": 32.0, "side": "sell", "timestamp": 1766187755689}, {"id": "547342772", "price": 0.3769, "amount": 13254.0, "side": "buy", "timestamp": 1766187756332}, {"id": "547342773", "price": 0.3769, "amount": 11083.0, "side": "buy", "timestamp": 1766187757108}, {"id": "547342774", "price": 0.377, "amount": 10679.0, "side": "buy", "timestamp": 1766187758498}, {"id": "547342775", "price": 0.3771, "amount": 6.0, "side": "buy", "timestamp": 1766187759185}, {"id": "547342776", "price": 0.3771, "amount": 5.0, "side": "buy", "timestamp": 1766187760494}, {"id": "547342777", "price": 0.377, "amount": 56.0, "side": "sell", "timestamp": 1766187761523}, {"id": "547342778", "price": 0.3771, "amount": 5174.0, "side": "buy", "timestamp": 1766187761547}, {"id": "547342779", "price": 0.3771, "amount": 1076.0, "side": "sell", "timestamp": 1766187762487}, {"id": "547342780", "price": 0.3771, "amount": 120.0, "side": "sell", "timestamp": 1766187762643}, {"id": "547342781", "price": 0.3771, "amount": 27.0, "side": "buy", "timestamp": 1766187764553}, {"id": "547342782", "price": 0.3772, "amount": 777.0, "side": "buy", "timestamp": 1766187765287}, {"id": "547342783", "price": 0.3772, "amount": 13.0, "side": "buy", "timestamp": 1766187766305}, {"id": "547342784", "price": 0.3771, "amount": 23.0, "side": "sell", "timestamp": 1766187772516}, {"id": "547342785", "price": 0.3772, "amount": 10.0, "side": "buy", "timestamp": 1766187773234}, {"id": "547342786", "price": 0.3772, "amount": 17.0, "side": "buy", "timestamp": 1766187773812}, {"id": "547342787", "price": 0.3771, "amount": 29.0, "side": "sell", "timestamp": 1766187774445}, {"id": "547342788", "price": 0.3771, "amount": 29.0, "side": "sell", "timestamp": 1766187776805}, {"id": "547342789", "price": 0.3772, "amount": 3.0, "side": "buy", "timestamp": 1766187777193}, {"id": "547342790", "price": 0.3772, "amount": 4.0, "side": "buy", "timestamp": 1766187778860}, {"id": "547342791", "price": 0.3772, "amount": 11.0, "side": "buy", "timestamp": 1766187779127}, {"id": "547342792", "price": 0.3771, "amount": 179.0, "side": "sell", "timestamp": 1766187780218}, {"id": "547342793", "price": 0.3771, "amount": 91038.0, "side": "sell", "timestamp": 1766187782089}, {"id": "547342794", "price": 0.3771, "amount": 5.0, "side": "buy", "timestamp": 1766187782521}, {"id": "547342795", "price": 0.377, "amount": 54.0, "side": "sell", "timestamp": 1766187784477}, {"id": "547342796", "price": 0.3771, "amount": 16.0, "side": "buy", "timestamp": 1766187785618}, {"id": "547342797", "price": 0.3771, "amount": 29.0, "side": "buy", "timestamp": 1766187785953}, {"id": "547342798", "price": 0.3771, "amount": 198.0, "side": "buy", "timestamp": 1766187786796}, {"id": "547342799", "price": 0.3771, "amount": 21.0, "side": "buy", "timestamp": 1766187787191}, {"id": "547342800", "price": 0.377, "amount": 21789.0, "side": "sell", "timestamp": 1766187787822}, {"id": "547342801", "price": 0.3771, "amount": 2.0, "side": "buy", "timestamp": 1766187787834}, {"id": "547342802", "price": 0.3771, "amount": 99.0, "side": "buy", "timestamp": 1766187788338}, {"id": "547342803", "price": 0.377, "amount": 7370.0, "side": "sell", "timestamp": 1766187789380}, {"id": "547342804", "price": 0.3769, "amount": 35.0, "side": "sell", "timestamp": 1766187789699}, {"id": "547342805", "price": 0.377, "amount": 4.0, "side": "buy", "timestamp": 1766187790189}, {"id": "547342806", "price": 0.3769, "amount": 32.0, "side": "sell", "timestamp": 1766187791682}, {"id": "547342807", "price": 0.377, "amount": 13.0, "side": "buy", "timestamp": 1766187793101}, {"id": "547342808", "price": 0.377, "amount": 118.0, "side": "buy", "timestamp": 1766187793837}, {"id": "547342809", "price": 0.3769, "amount": 2347.0, "side": "sell", "timestamp": 1766187795228}, {"id": "547342810", "price": 0.3769, "amount": 56.0, "side": "sell", "timestamp": 1766187795391}, {"id": "547342811", "price": 0.377, "amount": 53.0, "side": "buy", "timestamp": 1766187795567}, {"id": "547342812", "price": 0.377, "amount": 5.0, "side": "buy", "timestamp": 1766187796868}, {"id": "547342813", "price": 0.377, "amount": 36.0, "side": "buy", "timestamp": 1766187797021}, {"id": "547342814", "price": 0.377, "amount": 50.0, "side": "buy", "timestamp": 1766187801507}, {"id": "547342820", "price": 0.3769, "amount": 2632.0, "side": "sell", "timestamp": 1766187806580}, {"id": "547342821", "price": 0.3769, "amount": 32702.0, "side": "sell", "timestamp": 1766187806785}, {"id": "547342822", "price": 0.3768, "amount": 31.0, "side": "sell", "timestamp": 1766187806997}, {"id": "547342823", "price": 0.3768, "amount": 598.0, "side": "sell", "timestamp": 1766187807576}, {"id": "547342824", "price": 0.3769, "amount": 588.0, "side": "buy", "timestamp": 1766187808243}, {"id": "547342825", "price": 0.3769, "amount": 5.0, "side": "buy", "timestamp": 1766187809421}, {"id": "547342826", "price": 0.3769, "amount": 1.0, "side": "buy", "timestamp": 1766187810603}, {"id": "547342827", "price": 0.3768, "amount": 6268.0, "side": "sell", "timestamp": 1766187810612}, {"id": "547342828", "price": 0.3768, "amount": 6.0, "side": "buy", "timestamp": 1766187811911}, {"id": "547342829", "price": 0.3768, "amount": 5376.0, "side": "buy", "timestamp": 1766187814264}, {"id": "547342830", "price": 0.3768, "amount": 1.0, "side": "buy", "timestamp": 1766187815103}, {"id": "547342831", "price": 0.3768, "amount": 1375.0, "side": "buy", "timestamp": 1766187815433}, {"id": "547342832", "price": 0.3768, "amount": 1.0, "side": "buy", "timestamp": 1766187816501}, {"id": "547342833", "price": 0.3768, "amount": 5.0, "side": "buy", "timestamp": 1766187819898}, {"id": "547342834", "price": 0.3768, "amount": 1888.0, "side": "buy", "timestamp": 1766187822440}, {"id": "547342835", "price": 0.3768, "amount": 4.0, "side": "buy", "timestamp": 1766187827167}, {"id": "547342836", "price": 0.3768, "amount": 32.0, "side": "buy", "timestamp": 1766187827682}, {"id": "547342837", "price": 0.3768, "amount": 4.0, "side": "buy", "timestamp": 1766187829120}, {"id": "547342838", "price": 0.3768, "amount": 14.0, "side": "buy", "timestamp": 1766187829836}, {"id": "547342839", "price": 0.3768, "amount": 11.0, "side": "buy", "timestamp": 1766187830887}, {"id": "547342840", "price": 0.3768, "amount": 60.0, "side": "buy", "timestamp": 1766187832462}, {"id": "547342841", "price": 0.3767, "amount": 33139.0, "side": "sell", "timestamp": 1766187833237}, {"id": "547342842", "price": 0.3767, "amount": 56.0, "side": "sell", "timestamp": 1766187833464}, {"id": "547342843", "price": 0.3768, "amount": 2.0, "side": "buy", "timestamp": 1766187836591}, {"id": "547342844", "price": 0.3767, "amount": 32.0, "side": "sell", "timestamp": 1766187836760}, {"id": "547342845", "price": 0.3767, "amount": 152.0, "side": "sell", "timestamp": 1766187837016}, {"id": "547342846", "price": 0.3768, "amount": 1.0, "side": "buy", "timestamp": 1766187837440}, {"id": "547342847", "price": 0.3768, "amount": 3.0, "side": "buy", "timestamp": 1766187838054}, {"id": "547342848", "price": 0.3767, "amount": 17.0, "side": "sell", "timestamp": 1766187839107}, {"id": "547342849", "price": 0.3767, "amount": 18.0, "side": "sell", "timestamp": 1766187839311}, {"id": "547342850", "price": 0.3768, "amount": 6.0, "side": "buy", "timestamp": 1766187841193}, {"id": "547342851", "price": 0.3768, "amount": 28.0, "side": "buy", "timestamp": 1766187841882}, {"id": "547342852", "price": 0.3768, "amount": 6.0, "side": "buy", "timestamp": 1766187843108}, {"id": "547342853", "price": 0.3768, "amount": 4.0, "side": "buy", "timestamp": 1766187845199}, {"id": "547342854", "price": 0.3768, "amount": 19.0, "side": "buy", "timestamp": 1766187845668}, {"id": "547342855", "price": 0.3768, "amount": 25.0, "side": "buy", "timestamp": 1766187845870}, {"id": "547342856", "price": 0.3768, "amount": 32.0, "side": "buy", "timestamp": 1766187846048}, {"id": "547342857", "price": 0.3768, "amount": 33.0, "side": "buy", "timestamp": 1766187846258}, {"id": "547342858", "price": 0.3768, "amount": 3.0, "side": "buy", "timestamp": 1766187846372}, {"id": "547342859", "price": 0.3767, "amount": 402.0, "side": "sell", "timestamp": 1766187848193}, {"id": "547342860", "price": 0.3768, "amount": 1.0, "side": "buy", "timestamp": 1766187848398}, {"id": "547342861", "price": 0.3767, "amount": 26.0, "side": "sell", "timestamp": 1766187849470}, {"id": "547342862", "price": 0.3768, "amount": 6.0, "side": "buy", "timestamp": 1766187850926}, {"id": "547342863", "price": 0.3768, "amount": 6.0, "side": "buy", "timestamp": 1766187851818}, {"id": "547342864", "price": 0.3767, "amount": 895.0, "side": "sell", "timestamp": 1766187852945}, {"id": "547342865", "price": 0.3768, "amount": 402.0, "side": "buy", "timestamp": 1766187854873}, {"id": "547342866", "price": 0.3767, "amount": 5321.0, "side": "sell", "timestamp": 1766187855064}, {"id": "547342867", "price": 0.3768, "amount": 2.0, "side": "buy", "timestamp": 1766187855262}, {"id": "547342868", "price": 0.3767, "amount": 133.0, "side": "sell", "timestamp": 1766187856449}, {"id": "547342869", "price": 0.3768, "amount": 6.0, "side": "buy", "timestamp": 1766187857447}, {"id": "547342865", "price": 0.3768, "amount": 402.0, "side": "buy", "timestamp": 1766187854873}, {"id": "547342866", "price": 0.3767, "amount": 5321.0, "side": "sell", "timestamp": 1766187855064}, {"id": "547342867", "price": 0.3768, "amount": 2.0, "side": "buy", "timestamp": 1766187855262}, {"id": "547342868", "price": 0.3767, "amount": 133.0, "side": "sell", "timestamp": 1766187856449}, {"id": "547342869", "price": 0.3768, "amount": 6.0, "side": "buy", "timestamp": 1766187857447}, {"id": "547342870", "price": 0.3768, "amount": 145.0, "side": "buy", "timestamp": 1766187857929}, {"id": "547342871", "price": 0.3767, "amount": 64.0, "side": "sell", "timestamp": 1766187860449}, {"id": "547342872", "price": 0.3768, "amount": 1.0, "side": "buy", "timestamp": 1766187860570}, {"id": "547342873", "price": 0.3767, "amount": 32.0, "side": "sell", "timestamp": 1766187863658}, {"id": "547342874", "price": 0.3768, "amount": 6.0, "side": "buy", "timestamp": 1766187864301}, {"id": "547342875", "price": 0.3767, "amount": 1723.0, "side": "sell", "timestamp": 1766187864329}, {"id": "547342876", "price": 0.3767, "amount": 236.0, "side": "sell", "timestamp": 1766187866647}, {"id": "547342877", "price": 0.3768, "amount": 10.0, "side": "buy", "timestamp": 1766187866685}, {"id": "547342878", "price": 0.3767, "amount": 4.0, "side": "sell", "timestamp": 1766187867251}, {"id": "547342879", "price": 0.3768, "amount": 193.0, "side": "buy", "timestamp": 1766187869669}, {"id": "547342880", "price": 0.3768, "amount": 41.0, "side": "buy", "timestamp": 1766187871078}, {"id": "547342881", "price": 0.3767, "amount": 797.0, "side": "sell", "timestamp": 1766187872130}, {"id": "547342882", "price": 0.3767, "amount": 16.0, "side": "sell", "timestamp": 1766187873294}, {"id": "547342883", "price": 0.3768, "amount": 6.0, "side": "buy", "timestamp": 1766187874261}, {"id": "547342884", "price": 0.3767, "amount": 1829.0, "side": "sell", "timestamp": 1766187874697}, {"id": "547342885", "price": 0.3767, "amount": 2515.0, "side": "sell", "timestamp": 1766187881540}, {"id": "547342886", "price": 0.3768, "amount": 11.0, "side": "buy", "timestamp": 1766187881730}, {"id": "547342887", "price": 0.3767, "amount": 700.0, "side": "sell", "timestamp": 1766187882864}, {"id": "547342888", "price": 0.3767, "amount": 21.0, "side": "sell", "timestamp": 1766187885767}, {"id": "547342889", "price": 0.3768, "amount": 28.0, "side": "buy", "timestamp": 1766187885799}, {"id": "547342890", "price": 0.3767, "amount": 3857.0, "side": "sell", "timestamp": 1766187887196}, {"id": "547342891", "price": 0.3766, "amount": 14.0, "side": "sell", "timestamp": 1766187890040}, {"id": "547342892", "price": 0.3767, "amount": 7082.0, "side": "buy", "timestamp": 1766187896538}, {"id": "547342893", "price": 0.3767, "amount": 11.0, "side": "buy", "timestamp": 1766187897307}, {"id": "547342894", "price": 0.3767, "amount": 27.0, "side": "buy", "timestamp": 1766187897793}, {"id": "547342895", "price": 0.3766, "amount": 62.0, "side": "sell", "timestamp": 1766187898268}, {"id": "547342896", "price": 0.3766, "amount": 4138.0, "side": "sell", "timestamp": 1766187898568}, {"id": "547342897", "price": 0.3766, "amount": 35.0, "side": "sell", "timestamp": 1766187899066}, {"id": "547342898", "price": 0.3767, "amount": 32.0, "side": "buy", "timestamp": 1766187899672}, {"id": "547342899", "price": 0.3767, "amount": 5.0, "side": "buy", "timestamp": 1766187900380}, {"id": "547342900", "price": 0.3767, "amount": 368.0, "side": "buy", "timestamp": 1766187901565}, {"id": "547342901", "price": 0.3767, "amount": 12.0, "side": "buy", "timestamp": 1766187903115}, {"id": "547342902", "price": 0.3767, "amount": 6.0, "side": "buy", "timestamp": 1766187903769}, {"id": "547342903", "price": 0.3767, "amount": 16.0, "side": "buy", "timestamp": 1766187904428}, {"id": "547342904", "price": 0.3767, "amount": 26337.0, "side": "buy", "timestamp": 1766187904623}, {"id": "547342905", "price": 0.3768, "amount": 18.0, "side": "buy", "timestamp": 1766187904826}, {"id": "547342906", "price": 0.3768, "amount": 62969.0, "side": "buy", "timestamp": 1766187905550}, {"id": "547342907", "price": 0.3769, "amount": 19.0, "side": "buy", "timestamp": 1766187905626}, {"id": "547342908", "price": 0.3769, "amount": 44.0, "side": "buy", "timestamp": 1766187906017}, {"id": "547342909", "price": 0.3769, "amount": 13863.0, "side": "buy", "timestamp": 1766187907049}, {"id": "547342910", "price": 0.3769, "amount": 17052.0, "side": "buy", "timestamp": 1766187907319}, {"id": "547342911", "price": 0.3769, "amount": 30.0, "side": "buy", "timestamp": 1766187909180}, {"id": "547342912", "price": 0.3769, "amount": 2.0, "side": "buy", "timestamp": 1766187909283}, {"id": "547342913", "price": 0.3768, "amount": 203.0, "side": "sell", "timestamp": 1766187911356}, {"id": "547342914", "price": 0.3769, "amount": 4.0, "side": "buy", "timestamp": 1766187911903}, {"id": "547342912", "price": 0.3769, "amount": 2.0, "side": "buy", "timestamp": 1766187909283}, {"id": "547342913", "price": 0.3768, "amount": 203.0, "side": "sell", "timestamp": 1766187911356}, {"id": "547342914", "price": 0.3769, "amount": 4.0, "side": "buy", "timestamp": 1766187911903}, {"id": "547342915", "price": 0.3768, "amount": 7784.0, "side": "sell", "timestamp": 1766187915116}, {"id": "547342916", "price": 0.3768, "amount": 63.0, "side": "buy", "timestamp": 1766187917624}, {"id": "547342917", "price": 0.3768, "amount": 3.0, "side": "buy", "timestamp": 1766187918512}, {"id": "547342918", "price": 0.3768, "amount": 4.0, "side": "buy", "timestamp": 1766187918814}, {"id": "547342919", "price": 0.3768, "amount": 29.0, "side": "buy", "timestamp": 1766187920319}, {"id": "547342920", "price": 0.3767, "amount": 17023.0, "side": "sell", "timestamp": 1766187920368}, {"id": "547342921", "price": 0.3767, "amount": 67.0, "side": "buy", "timestamp": 1766187920913}, {"id": "547342922", "price": 0.3766, "amount": 12733.0, "side": "sell", "timestamp": 1766187921381}, {"id": "547342923", "price": 0.3767, "amount": 17.0, "side": "buy", "timestamp": 1766187922904}, {"id": "547342924", "price": 0.3767, "amount": 780.0, "side": "buy", "timestamp": 1766187923301}, {"id": "547342925", "price": 0.3767, "amount": 915.0, "side": "buy", "timestamp": 1766187923426}, {"id": "547342926", "price": 0.3767, "amount": 6.0, "side": "buy", "timestamp": 1766187925211}, {"id": "547342927", "price": 0.3767, "amount": 15.0, "side": "buy", "timestamp": 1766187926302}, {"id": "547342928", "price": 0.3767, "amount": 26.0, "side": "buy", "timestamp": 1766187929961}, {"id": "547342929", "price": 0.3767, "amount": 2.0, "side": "buy", "timestamp": 1766187930330}, {"id": "547342930", "price": 0.3767, "amount": 7.0, "side": "buy", "timestamp": 1766187931700}, {"id": "547342931", "price": 0.3767, "amount": 12.0, "side": "buy", "timestamp": 1766187932396}, {"id": "547342932", "price": 0.3767, "amount": 21.0, "side": "buy", "timestamp": 1766187933319}, {"id": "547342933", "price": 0.3767, "amount": 26577.0, "side": "buy", "timestamp": 1766187935243}, {"id": "547342934", "price": 0.3768, "amount": 4.0, "side": "buy", "timestamp": 1766187935346}, {"id": "547342935", "price": 0.3768, "amount": 32.0, "side": "buy", "timestamp": 1766187935942}, {"id": "547342936", "price": 0.3767, "amount": 24.0, "side": "sell", "timestamp": 1766187936035}, {"id": "547342937", "price": 0.3768, "amount": 2.0, "side": "buy", "timestamp": 1766187936799}, {"id": "547342938", "price": 0.3767, "amount": 224.0, "side": "sell", "timestamp": 1766187937591}, {"id": "547342939", "price": 0.3768, "amount": 14.0, "side": "buy", "timestamp": 1766187939324}, {"id": "547342940", "price": 0.3767, "amount": 470.0, "side": "sell", "timestamp": 1766187939980}, {"id": "547342941", "price": 0.3767, "amount": 1344.0, "side": "sell", "timestamp": 1766187940301}, {"id": "547342942", "price": 0.3767, "amount": 16.0, "side": "buy", "timestamp": 1766187942294}, {"id": "547342943", "price": 0.3767, "amount": 9.0, "side": "buy", "timestamp": 1766187944421}, {"id": "547342944", "price": 0.3767, "amount": 24.0, "side": "buy", "timestamp": 1766187948358}, {"id": "547342945", "price": 0.3767, "amount": 4.0, "side": "buy", "timestamp": 1766187953490}, {"id": "547342946", "price": 0.3766, "amount": 4149.0, "side": "sell", "timestamp": 1766187954488}, {"id": "547342947", "price": 0.3766, "amount": 27.0, "side": "sell", "timestamp": 1766187957442}, {"id": "547342948", "price": 0.3767, "amount": 2.0, "side": "buy", "timestamp": 1766187958123}, {"id": "547342949", "price": 0.3767, "amount": 1.0, "side": "buy", "timestamp": 1766187958980}, {"id": "547342950", "price": 0.3766, "amount": 271.0, "side": "sell", "timestamp": 1766187963192}, {"id": "547342951", "price": 0.3766, "amount": 60015.0, "side": "sell", "timestamp": 1766187964414}, {"id": "547342952", "price": 0.3767, "amount": 53.0, "side": "buy", "timestamp": 1766187964508}, {"id": "547342953", "price": 0.3767, "amount": 18.0, "side": "buy", "timestamp": 1766187964713}, {"id": "547342954", "price": 0.3767, "amount": 49.0, "side": "buy", "timestamp": 1766187965038}, {"id": "547342955", "price": 0.3766, "amount": 41.0, "side": "sell", "timestamp": 1766187965247}, {"id": "547342956", "price": 0.3767, "amount": 15.0, "side": "buy", "timestamp": 1766187965635}, {"id": "547342957", "price": 0.3766, "amount": 647.0, "side": "sell", "timestamp": 1766187966158}, {"id": "547342958", "price": 0.3767, "amount": 777.0, "side": "buy", "timestamp": 1766187968868}, {"id": "547342959", "price": 0.3767, "amount": 7.0, "side": "buy", "timestamp": 1766187970566}, {"id": "547342960", "price": 0.3767, "amount": 490.0, "side": "buy", "timestamp": 1766187971173}, {"id": "547342961", "price": 0.3767, "amount": 51.0, "side": "buy", "timestamp": 1766187971632}, {"id": "547342965", "price": 0.3767, "amount": 12.0, "side": "buy", "timestamp": 1766187973979}, {"id": "547342966", "price": 0.3767, "amount": 6.0, "side": "buy", "timestamp": 1766187974276}, {"id": "547342967", "price": 0.3767, "amount": 34.0, "side": "buy", "timestamp": 1766187975207}, {"id": "547342968", "price": 0.3767, "amount": 7.0, "side": "buy", "timestamp": 1766187975560}, {"id": "547342969", "price": 0.3767, "amount": 145.0, "side": "buy", "timestamp": 1766187976592}, {"id": "547342970", "price": 0.3767, "amount": 8.0, "side": "buy", "timestamp": 1766187976699}, {"id": "547342971", "price": 0.3767, "amount": 7.0, "side": "buy", "timestamp": 1766187977566}, {"id": "547342972", "price": 0.3767, "amount": 6.0, "side": "buy", "timestamp": 1766187977688}, {"id": "547342973", "price": 0.3767, "amount": 6.0, "side": "buy", "timestamp": 1766187977905}, {"id": "547342974", "price": 0.3767, "amount": 10.0, "side": "buy", "timestamp": 1766187978755}, {"id": "547342975", "price": 0.3767, "amount": 4.0, "side": "buy", "timestamp": 1766187983354}, {"id": "547342976", "price": 0.3767, "amount": 62.0, "side": "buy", "timestamp": 1766187983785}, {"id": "547342977", "price": 0.3767, "amount": 16.0, "side": "buy", "timestamp": 1766187983913}, {"id": "547342978", "price": 0.3767, "amount": 7.0, "side": "buy", "timestamp": 1766187984858}, {"id": "547342979", "price": 0.3767, "amount": 29.0, "side": "buy", "timestamp": 1766187988265}, {"id": "547342980", "price": 0.3767, "amount": 17.0, "side": "buy", "timestamp": 1766187988697}, {"id": "547342981", "price": 0.3767, "amount": 16.0, "side": "buy", "timestamp": 1766187988930}, {"id": "547342982", "price": 0.3767, "amount": 16.0, "side": "buy", "timestamp": 1766187990253}, {"id": "547342983", "price": 0.3767, "amount": 29.0, "side": "buy", "timestamp": 1766187990625}, {"id": "547342984", "price": 0.3767, "amount": 2.0, "side": "buy", "timestamp": 1766187990879}, {"id": "547342985", "price": 0.3767, "amount": 627.0, "side": "buy", "timestamp": 1766187991238}, {"id": "547342986", "price": 0.3766, "amount": 17.0, "side": "sell", "timestamp": 1766187992845}, {"id": "547342987", "price": 0.3767, "amount": 15.0, "side": "buy", "timestamp": 1766187993744}, {"id": "547342988", "price": 0.3767, "amount": 16.0, "side": "buy", "timestamp": 1766187994757}, {"id": "547342989", "price": 0.3766, "amount": 165.0, "side": "sell", "timestamp": 1766187996251}, {"id": "547342990", "price": 0.3767, "amount": 17.0, "side": "buy", "timestamp": 1766187998695}, {"id": "547342991", "price": 0.3767, "amount": 12.0, "side": "buy", "timestamp": 1766187999564}, {"id": "547342992", "price": 0.3767, "amount": 30000.0, "side": "buy", "timestamp": 1766187999842}, {"id": "547342993", "price": 0.3767, "amount": 16.0, "side": "buy", "timestamp": 1766188000240}, {"id": "547342994", "price": 0.3766, "amount": 800.0, "side": "sell", "timestamp": 1766188000256}, {"id": "547342995", "price": 0.3767, "amount": 27.0, "side": "buy", "timestamp": 1766188001965}, {"id": "547342996", "price": 0.3767, "amount": 777.0, "side": "buy", "timestamp": 1766188002844}, {"id": "547342997", "price": 0.3766, "amount": 61.0, "side": "sell", "timestamp": 1766188004158}, {"id": "547342998", "price": 0.3767, "amount": 1837.0, "side": "buy", "timestamp": 1766188004387}, {"id": "547342999", "price": 0.3767, "amount": 7.0, "side": "buy", "timestamp": 1766188005058}, {"id": "547343000", "price": 0.3766, "amount": 187.0, "side": "sell", "timestamp": 1766188006611}, {"id": "547343001", "price": 0.3766, "amount": 22.0, "side": "sell", "timestamp": 1766188007269}, {"id": "547343002", "price": 0.3767, "amount": 14.0, "side": "buy", "timestamp": 1766188007357}, {"id": "547343003", "price": 0.3767, "amount": 32.0, "side": "buy", "timestamp": 1766188007670}, {"id": "547343004", "price": 0.3767, "amount": 648.0, "side": "buy", "timestamp": 1766188008694}, {"id": "547343005", "price": 0.3766, "amount": 24.0, "side": "sell", "timestamp": 1766188009089}, {"id": "547343006", "price": 0.3767, "amount": 16.0, "side": "buy", "timestamp": 1766188010258}, {"id": "547343007", "price": 0.3767, "amount": 5648.0, "side": "buy", "timestamp": 1766188011769}, {"id": "547343008", "price": 0.3767, "amount": 1539.0, "side": "buy", "timestamp": 1766188012051}, {"id": "547343009", "price": 0.3767, "amount": 51.0, "side": "buy", "timestamp": 1766188012812}, {"id": "547343010", "price": 0.3766, "amount": 125.0, "side": "sell", "timestamp": 1766188016418}, {"id": "547343011", "price": 0.3767, "amount": 17.0, "side": "buy", "timestamp": 1766188018690}, {"id": "547343012", "price": 0.3767, "amount": 3365.0, "side": "buy", "timestamp": 1766188019417}, {"id": "547343013", "price": 0.3767, "amount": 13.0, "side": "buy", "timestamp": 1766188023189}, {"id": "547343014", "price": 0.3767, "amount": 12.0, "side": "buy", "timestamp": 1766188023452}, {"id": "547343017", "price": 0.3767, "amount": 639.0, "side": "buy", "timestamp": 1766188025170}, {"id": "547343018", "price": 0.3767, "amount": 19.0, "side": "buy", "timestamp": 1766188025643}, {"id": "547343019", "price": 0.3767, "amount": 20.0, "side": "buy", "timestamp": 1766188029916}, {"id": "547343020", "price": 0.3767, "amount": 14.0, "side": "buy", "timestamp": 1766188030392}, {"id": "547343021", "price": 0.3767, "amount": 35.0, "side": "buy", "timestamp": 1766188032027}, {"id": "547343022", "price": 0.3767, "amount": 3.0, "side": "buy", "timestamp": 1766188032175}, {"id": "547343023", "price": 0.3767, "amount": 16.0, "side": "buy", "timestamp": 1766188032293}, {"id": "547343024", "price": 0.3767, "amount": 144.0, "side": "buy", "timestamp": 1766188033308}, {"id": "547343025", "price": 0.3767, "amount": 1387.0, "side": "buy", "timestamp": 1766188033987}, {"id": "547343026", "price": 0.3766, "amount": 268.0, "side": "sell", "timestamp": 1766188034135}, {"id": "547343027", "price": 0.3767, "amount": 777.0, "side": "buy", "timestamp": 1766188036874}, {"id": "547343028", "price": 0.3767, "amount": 99.0, "side": "buy", "timestamp": 1766188037392}, {"id": "547343029", "price": 0.3767, "amount": 3.0, "side": "buy", "timestamp": 1766188037555}, {"id": "547343030", "price": 0.3767, "amount": 668.0, "side": "buy", "timestamp": 1766188038797}, {"id": "547343031", "price": 0.3767, "amount": 678.0, "side": "buy", "timestamp": 1766188039551}, {"id": "547343032", "price": 0.3767, "amount": 21.0, "side": "buy", "timestamp": 1766188039862}, {"id": "547343033", "price": 0.3767, "amount": 174.0, "side": "buy", "timestamp": 1766188040083}, {"id": "547343034", "price": 0.3766, "amount": 29.0, "side": "sell", "timestamp": 1766188041152}, {"id": "547343035", "price": 0.3767, "amount": 558.0, "side": "buy", "timestamp": 1766188043252}, {"id": "547343036", "price": 0.3766, "amount": 21.0, "side": "sell", "timestamp": 1766188043370}, {"id": "547343037", "price": 0.3767, "amount": 32.0, "side": "buy", "timestamp": 1766188043675}, {"id": "547343038", "price": 0.3767, "amount": 6.0, "side": "buy", "timestamp": 1766188044378}, {"id": "547343039", "price": 0.3766, "amount": 33.0, "side": "sell", "timestamp": 1766188044394}, {"id": "547343040", "price": 0.3767, "amount": 12.0, "side": "buy", "timestamp": 1766188046967}, {"id": "547343041", "price": 0.3766, "amount": 18.0, "side": "sell", "timestamp": 1766188048881}, {"id": "547343042", "price": 0.3767, "amount": 67.0, "side": "buy", "timestamp": 1766188049720}, {"id": "547343043", "price": 0.3766, "amount": 189.0, "side": "sell", "timestamp": 1766188050173}, {"id": "547343044", "price": 0.3767, "amount": 1.0, "side": "buy", "timestamp": 1766188051448}, {"id": "547343045", "price": 0.3767, "amount": 14.0, "side": "buy", "timestamp": 1766188055706}, {"id": "547343046", "price": 0.3767, "amount": 3.0, "side": "buy", "timestamp": 1766188055931}, {"id": "547343047", "price": 0.3766, "amount": 26.0, "side": "sell", "timestamp": 1766188057692}, {"id": "547343048", "price": 0.3766, "amount": 14.0, "side": "sell", "timestamp": 1766188058439}, {"id": "547343049", "price": 0.3767, "amount": 627.0, "side": "buy", "timestamp": 1766188059192}, {"id": "547343050", "price": 0.3767, "amount": 4.0, "side": "buy", "timestamp": 1766188062976}, {"id": "547343051", "price": 0.3767, "amount": 27.0, "side": "buy", "timestamp": 1766188063383}, {"id": "547343052", "price": 0.3766, "amount": 578.0, "side": "sell", "timestamp": 1766188064334}, {"id": "547343053", "price": 0.3766, "amount": 276.0, "side": "sell", "timestamp": 1766188064981}, {"id": "547343054", "price": 0.3767, "amount": 6.0, "side": "buy", "timestamp": 1766188065635}, {"id": "547343055", "price": 0.3767, "amount": 6.0, "side": "buy", "timestamp": 1766188068775}, {"id": "547343056", "price": 0.3767, "amount": 6.0, "side": "buy", "timestamp": 1766188068973}, {"id": "547343057", "price": 0.3767, "amount": 970.0, "side": "buy", "timestamp": 1766188070870}, {"id": "547343058", "price": 0.3766, "amount": 14.0, "side": "sell", "timestamp": 1766188073859}, {"id": "547343059", "price": 0.3766, "amount": 396.0, "side": "sell", "timestamp": 1766188073984}, {"id": "547343060", "price": 0.3767, "amount": 5.0, "side": "buy", "timestamp": 1766188074100}, {"id": "547343061", "price": 0.3767, "amount": 7.0, "side": "buy", "timestamp": 1766188075941}, {"id": "547343062", "price": 0.3767, "amount": 12.0, "side": "buy", "timestamp": 1766188076176}, {"id": "547343063", "price": 0.3767, "amount": 21661.0, "side": "buy", "timestamp": 1766188076294}, {"id": "547343064", "price": 0.3766, "amount": 55.0, "side": "sell", "timestamp": 1766188076344}, {"id": "547343065", "price": 0.3766, "amount": 55.0, "side": "sell", "timestamp": 1766188076455}, {"id": "547343066", "price": 0.3766, "amount": 57.0, "side": "sell", "timestamp": 1766188077337}, {"id": "547343058", "price": 0.3766, "amount": 14.0, "side": "sell", "timestamp": 1766188073859}, {"id": "547343059", "price": 0.3766, "amount": 396.0, "side": "sell", "timestamp": 1766188073984}, {"id": "547343060", "price": 0.3767, "amount": 5.0, "side": "buy", "timestamp": 1766188074100}, {"id": "547343061", "price": 0.3767, "amount": 7.0, "side": "buy", "timestamp": 1766188075941}, {"id": "547343062", "price": 0.3767, "amount": 12.0, "side": "buy", "timestamp": 1766188076176}, {"id": "547343063", "price": 0.3767, "amount": 21661.0, "side": "buy", "timestamp": 1766188076294}, {"id": "547343064", "price": 0.3766, "amount": 55.0, "side": "sell", "timestamp": 1766188076344}, {"id": "547343065", "price": 0.3766, "amount": 55.0, "side": "sell", "timestamp": 1766188076455}, {"id": "547343066", "price": 0.3766, "amount": 57.0, "side": "sell", "timestamp": 1766188077337}, {"id": "547343067", "price": 0.3767, "amount": 37142.0, "side": "buy", "timestamp": 1766188077506}, {"id": "547343068", "price": 0.3768, "amount": 50.0, "side": "buy", "timestamp": 1766188077691}, {"id": "547343069", "price": 0.3768, "amount": 31.0, "side": "buy", "timestamp": 1766188079373}, {"id": "547343070", "price": 0.3767, "amount": 32.0, "side": "sell", "timestamp": 1766188079666}, {"id": "547343071", "price": 0.3768, "amount": 1.0, "side": "buy", "timestamp": 1766188080173}, {"id": "547343072", "price": 0.3767, "amount": 27.0, "side": "sell", "timestamp": 1766188081143}, {"id": "547343073", "price": 0.3768, "amount": 2869.0, "side": "buy", "timestamp": 1766188081210}, {"id": "547343074", "price": 0.3768, "amount": 1302.0, "side": "buy", "timestamp": 1766188081512}, {"id": "547343075", "price": 0.3767, "amount": 123.0, "side": "sell", "timestamp": 1766188082589}, {"id": "547343076", "price": 0.3768, "amount": 1.0, "side": "buy", "timestamp": 1766188083337}, {"id": "547343077", "price": 0.3768, "amount": 58311.0, "side": "buy", "timestamp": 1766188084459}, {"id": "547343078", "price": 0.3769, "amount": 15.0, "side": "buy", "timestamp": 1766188084533}, {"id": "547343079", "price": 0.3769, "amount": 20.0, "side": "buy", "timestamp": 1766188084657}, {"id": "547343080", "price": 0.3769, "amount": 20.0, "side": "buy", "timestamp": 1766188085067}, {"id": "547343081", "price": 0.3769, "amount": 35.0, "side": "buy", "timestamp": 1766188085250}, {"id": "547343082", "price": 0.3769, "amount": 17.0, "side": "buy", "timestamp": 1766188085493}, {"id": "547343083", "price": 0.3769, "amount": 62.0, "side": "buy", "timestamp": 1766188085639}, {"id": "547343084", "price": 0.3769, "amount": 39.0, "side": "buy", "timestamp": 1766188085808}, {"id": "547343085", "price": 0.3769, "amount": 89.0, "side": "buy", "timestamp": 1766188086115}, {"id": "547343086", "price": 0.3768, "amount": 55.0, "side": "sell", "timestamp": 1766188088689}, {"id": "547343087", "price": 0.3769, "amount": 28.0, "side": "buy", "timestamp": 1766188090262}, {"id": "547343088", "price": 0.3769, "amount": 30.0, "side": "buy", "timestamp": 1766188092031}, {"id": "547343089", "price": 0.3769, "amount": 7.0, "side": "buy", "timestamp": 1766188092615}, {"id": "547343090", "price": 0.3769, "amount": 5.0, "side": "buy", "timestamp": 1766188092878}, {"id": "547343091", "price": 0.3769, "amount": 627.0, "side": "buy", "timestamp": 1766188093615}, {"id": "547343092", "price": 0.3769, "amount": 173.0, "side": "buy", "timestamp": 1766188101996}, {"id": "547343093", "price": 0.3769, "amount": 24289.0, "side": "buy", "timestamp": 1766188102178}, {"id": "547343094", "price": 0.377, "amount": 4.0, "side": "buy", "timestamp": 1766188104830}, {"id": "547343095", "price": 0.377, "amount": 784.0, "side": "buy", "timestamp": 1766188105056}, {"id": "547343096", "price": 0.3769, "amount": 577.0, "side": "sell", "timestamp": 1766188105234}, {"id": "547343097", "price": 0.377, "amount": 55.0, "side": "buy", "timestamp": 1766188108443}, {"id": "547343098", "price": 0.3769, "amount": 80827.0, "side": "sell", "timestamp": 1766188108921}, {"id": "547343099", "price": 0.3769, "amount": 30.0, "side": "buy", "timestamp": 1766188109172}, {"id": "547343100", "price": 0.3769, "amount": 2.0, "side": "buy", "timestamp": 1766188112220}, {"id": "547343101", "price": 0.3768, "amount": 113.0, "side": "sell", "timestamp": 1766188113026}, {"id": "547343102", "price": 0.3769, "amount": 12.0, "side": "buy", "timestamp": 1766188114609}, {"id": "547343103", "price": 0.3768, "amount": 32.0, "side": "sell", "timestamp": 1766188115682}, {"id": "547343104", "price": 0.3769, "amount": 14.0, "side": "buy", "timestamp": 1766188122399}, {"id": "547343105", "price": 0.3769, "amount": 6.0, "side": "buy", "timestamp": 1766188126395}, {"id": "547343106", "price": 0.3769, "amount": 12.0, "side": "buy", "timestamp": 1766188128392}, {"id": "547343107", "price": 0.3769, "amount": 15.0, "side": "buy", "timestamp": 1766188129860}, {"id": "547343090", "price": 0.3769, "amount": 5.0, "side": "buy", "timestamp": 1766188092878}, {"id": "547343091", "price": 0.3769, "amount": 627.0, "side": "buy", "timestamp": 1766188093615}, {"id": "547343092", "price": 0.3769, "amount": 173.0, "side": "buy", "timestamp": 1766188101996}, {"id": "547343093", "price": 0.3769, "amount": 24289.0, "side": "buy", "timestamp": 1766188102178}, {"id": "547343094", "price": 0.377, "amount": 4.0, "side": "buy", "timestamp": 1766188104830}, {"id": "547343095", "price": 0.377, "amount": 784.0, "side": "buy", "timestamp": 1766188105056}, {"id": "547343096", "price": 0.3769, "amount": 577.0, "side": "sell", "timestamp": 1766188105234}, {"id": "547343097", "price": 0.377, "amount": 55.0, "side": "buy", "timestamp": 1766188108443}, {"id": "547343098", "price": 0.3769, "amount": 80827.0, "side": "sell", "timestamp": 1766188108921}, {"id": "547343099", "price": 0.3769, "amount": 30.0, "side": "buy", "timestamp": 1766188109172}, {"id": "547343100", "price": 0.3769, "amount": 2.0, "side": "buy", "timestamp": 1766188112220}, {"id": "547343101", "price": 0.3768, "amount": 113.0, "side": "sell", "timestamp": 1766188113026}, {"id": "547343102", "price": 0.3769, "amount": 12.0, "side": "buy", "timestamp": 1766188114609}, {"id": "547343103", "price": 0.3768, "amount": 32.0, "side": "sell", "timestamp": 1766188115682}, {"id": "547343104", "price": 0.3769, "amount": 14.0, "side": "buy", "timestamp": 1766188122399}, {"id": "547343105", "price": 0.3769, "amount": 6.0, "side": "buy", "timestamp": 1766188126395}, {"id": "547343106", "price": 0.3769, "amount": 12.0, "side": "buy", "timestamp": 1766188128392}, {"id": "547343107", "price": 0.3769, "amount": 15.0, "side": "buy", "timestamp": 1766188129860}, {"id": "547343108", "price": 0.3769, "amount": 50000.0, "side": "buy", "timestamp": 1766188132633}, {"id": "547343109", "price": 0.3768, "amount": 36654.0, "side": "sell", "timestamp": 1766188135227}, {"id": "547343110", "price": 0.3768, "amount": 3985.0, "side": "sell", "timestamp": 1766188135349}, {"id": "547343111", "price": 0.3768, "amount": 9057.0, "side": "sell", "timestamp": 1766188135461}, {"id": "547343112", "price": 0.3768, "amount": 200.0, "side": "buy", "timestamp": 1766188135700}, {"id": "547343113", "price": 0.3768, "amount": 142.0, "side": "buy", "timestamp": 1766188136990}, {"id": "547343114", "price": 0.3768, "amount": 16.0, "side": "buy", "timestamp": 1766188139070}, {"id": "547343115", "price": 0.3767, "amount": 100.0, "side": "sell", "timestamp": 1766188139076}, {"id": "547343116", "price": 0.3768, "amount": 22.0, "side": "buy", "timestamp": 1766188145160}, {"id": "547343117", "price": 0.3768, "amount": 668.0, "side": "buy", "timestamp": 1766188145956}, {"id": "547343118", "price": 0.3767, "amount": 27150.0, "side": "sell", "timestamp": 1766188149428}, {"id": "547343119", "price": 0.3766, "amount": 1.0, "side": "sell", "timestamp": 1766188149916}, {"id": "547343120", "price": 0.3767, "amount": 32.0, "side": "buy", "timestamp": 1766188151678}, {"id": "547343121", "price": 0.3767, "amount": 2.0, "side": "buy", "timestamp": 1766188152792}, {"id": "547343122", "price": 0.3766, "amount": 1195.0, "side": "sell", "timestamp": 1766188152983}, {"id": "547343123", "price": 0.3766, "amount": 17.0, "side": "sell", "timestamp": 1766188157437}, {"id": "547343124", "price": 0.3767, "amount": 1.0, "side": "buy", "timestamp": 1766188158137}, {"id": "547343125", "price": 0.3767, "amount": 25.0, "side": "buy", "timestamp": 1766188160588}, {"id": "547343126", "price": 0.3767, "amount": 14.0, "side": "buy", "timestamp": 1766188165212}, {"id": "547343127", "price": 0.3767, "amount": 14.0, "side": "buy", "timestamp": 1766188165551}, {"id": "547343128", "price": 0.3767, "amount": 6.0, "side": "buy", "timestamp": 1766188165970}, {"id": "547343129", "price": 0.3767, "amount": 16.0, "side": "buy", "timestamp": 1766188167570}, {"id": "547343130", "price": 0.3767, "amount": 6.0, "side": "buy", "timestamp": 1766188168427}, {"id": "547343131", "price": 0.3767, "amount": 6910.0, "side": "buy", "timestamp": 1766188170048}, {"id": "547343132", "price": 0.3767, "amount": 15.0, "side": "buy", "timestamp": 1766188172336}, {"id": "547343133", "price": 0.3767, "amount": 1.0, "side": "buy", "timestamp": 1766188173067}, {"id": "547343134", "price": 0.3766, "amount": 65.0, "side": "sell", "timestamp": 1766188173383}, {"id": "547343135", "price": 0.3767, "amount": 3.0, "side": "buy", "timestamp": 1766188176508}, {"id": "547343136", "price": 0.3767, "amount": 100.0, "side": "buy", "timestamp": 1766188178290}, {"id": "547343137", "price": 0.3766, "amount": 105.0, "side": "sell", "timestamp": 1766188178394}, {"id": "547343138", "price": 0.3767, "amount": 14.0, "side": "buy", "timestamp": 1766188179477}, {"id": "547343139", "price": 0.3767, "amount": 12.0, "side": "buy", "timestamp": 1766188179710}, {"id": "547343137", "price": 0.3766, "amount": 105.0, "side": "sell", "timestamp": 1766188178394}, {"id": "547343138", "price": 0.3767, "amount": 14.0, "side": "buy", "timestamp": 1766188179477}, {"id": "547343139", "price": 0.3767, "amount": 12.0, "side": "buy", "timestamp": 1766188179710}, {"id": "547343140", "price": 0.3767, "amount": 3.0, "side": "buy", "timestamp": 1766188183560}, {"id": "547343141", "price": 0.3767, "amount": 3.0, "side": "buy", "timestamp": 1766188187288}, {"id": "547343142", "price": 0.3767, "amount": 32.0, "side": "buy", "timestamp": 1766188187672}, {"id": "547343143", "price": 0.3767, "amount": 88.0, "side": "buy", "timestamp": 1766188188640}, {"id": "547343144", "price": 0.3767, "amount": 15.0, "side": "buy", "timestamp": 1766188190104}, {"id": "547343145", "price": 0.3766, "amount": 100.0, "side": "sell", "timestamp": 1766188191979}, {"id": "547343146", "price": 0.3767, "amount": 3.0, "side": "buy", "timestamp": 1766188194619}, {"id": "547343147", "price": 0.3766, "amount": 22.0, "side": "sell", "timestamp": 1766188195124}, {"id": "547343148", "price": 0.3766, "amount": 30.0, "side": "sell", "timestamp": 1766188196091}, {"id": "547343149", "price": 0.3767, "amount": 151.0, "side": "buy", "timestamp": 1766188196708}, {"id": "547343150", "price": 0.3766, "amount": 24.0, "side": "sell", "timestamp": 1766188196752}, {"id": "547343151", "price": 0.3766, "amount": 141.0, "side": "sell", "timestamp": 1766188197339}, {"id": "547343152", "price": 0.3767, "amount": 145.0, "side": "buy", "timestamp": 1766188197573}, {"id": "547343153", "price": 0.3766, "amount": 28.0, "side": "sell", "timestamp": 1766188201305}, {"id": "547343154", "price": 0.3767, "amount": 23.0, "side": "buy", "timestamp": 1766188202032}, {"id": "547343155", "price": 0.3767, "amount": 1.0, "side": "buy", "timestamp": 1766188203264}, {"id": "547343156", "price": 0.3767, "amount": 17.0, "side": "buy", "timestamp": 1766188203442}, {"id": "547343157", "price": 0.3767, "amount": 21.0, "side": "buy", "timestamp": 1766188204905}, {"id": "547343158", "price": 0.3767, "amount": 44.0, "side": "buy", "timestamp": 1766188205077}, {"id": "547343159", "price": 0.3767, "amount": 28.0, "side": "buy", "timestamp": 1766188205675}, {"id": "547343160", "price": 0.3767, "amount": 8.0, "side": "buy", "timestamp": 1766188206114}, {"id": "547343161", "price": 0.3767, "amount": 8.0, "side": "buy", "timestamp": 1766188206295}, {"id": "547343162", "price": 0.3767, "amount": 12.0, "side": "buy", "timestamp": 1766188206934}, {"id": "547343163", "price": 0.3766, "amount": 12618.0, "side": "sell", "timestamp": 1766188209066}, {"id": "547343164", "price": 0.3767, "amount": 39.0, "side": "buy", "timestamp": 1766188209399}, {"id": "547343165", "price": 0.3767, "amount": 12.0, "side": "buy", "timestamp": 1766188211254}, {"id": "547343166", "price": 0.3767, "amount": 92.0, "side": "buy", "timestamp": 1766188212755}, {"id": "547343167", "price": 0.3767, "amount": 6.0, "side": "buy", "timestamp": 1766188213510}, {"id": "547343168", "price": 0.3767, "amount": 9.0, "side": "buy", "timestamp": 1766188213951}, {"id": "547343169", "price": 0.3767, "amount": 4.0, "side": "buy", "timestamp": 1766188214339}, {"id": "547343170", "price": 0.3766, "amount": 67.0, "side": "sell", "timestamp": 1766188214834}, {"id": "547343171", "price": 0.3767, "amount": 2.0, "side": "buy", "timestamp": 1766188218664}, {"id": "547343172", "price": 0.3766, "amount": 69647.0, "side": "sell", "timestamp": 1766188220457}, {"id": "547343173", "price": 0.3766, "amount": 107.0, "side": "buy", "timestamp": 1766188220572}, {"id": "547343174", "price": 0.3766, "amount": 92.0, "side": "buy", "timestamp": 1766188220754}, {"id": "547343175", "price": 0.3765, "amount": 15.0, "side": "sell", "timestamp": 1766188220764}, {"id": "547343176", "price": 0.3766, "amount": 184.0, "side": "buy", "timestamp": 1766188222146}, {"id": "547343177", "price": 0.3766, "amount": 32.0, "side": "buy", "timestamp": 1766188223679}, {"id": "547343178", "price": 0.3765, "amount": 353.0, "side": "sell", "timestamp": 1766188225803}, {"id": "547343179", "price": 0.3766, "amount": 4.0, "side": "buy", "timestamp": 1766188226317}, {"id": "547343180", "price": 0.3766, "amount": 4.0, "side": "buy", "timestamp": 1766188226507}, {"id": "547343181", "price": 0.3766, "amount": 12.0, "side": "buy", "timestamp": 1766188229711}, {"id": "547343182", "price": 0.3765, "amount": 16.0, "side": "sell", "timestamp": 1766188230222}, {"id": "547343183", "price": 0.3766, "amount": 15.0, "side": "buy", "timestamp": 1766188231326}, {"id": "547343184", "price": 0.3766, "amount": 2.0, "side": "buy", "timestamp": 1766188233576}, {"id": "547343185", "price": 0.3766, "amount": 12.0, "side": "buy", "timestamp": 1766188235388}, {"id": "547343186", "price": 0.3766, "amount": 8.0, "side": "buy", "timestamp": 1766188235918}, {"id": "547343194", "price": 0.3767, "amount": 16.0, "side": "buy", "timestamp": 1766188243405}, {"id": "547343195", "price": 0.3767, "amount": 20.0, "side": "buy", "timestamp": 1766188244658}, {"id": "547343196", "price": 0.3767, "amount": 15.0, "side": "buy", "timestamp": 1766188245543}, {"id": "547343197", "price": 0.3767, "amount": 8.0, "side": "buy", "timestamp": 1766188248312}, {"id": "547343198", "price": 0.3767, "amount": 3.0, "side": "buy", "timestamp": 1766188248756}, {"id": "547343199", "price": 0.3766, "amount": 531.0, "side": "sell", "timestamp": 1766188249051}, {"id": "547343200", "price": 0.3766, "amount": 396.0, "side": "sell", "timestamp": 1766188249630}, {"id": "547343201", "price": 0.3767, "amount": 683.0, "side": "buy", "timestamp": 1766188250590}, {"id": "547343202", "price": 0.3766, "amount": 16.0, "side": "sell", "timestamp": 1766188250985}, {"id": "547343203", "price": 0.3767, "amount": 1334.0, "side": "buy", "timestamp": 1766188251744}, {"id": "547343204", "price": 0.3767, "amount": 63.0, "side": "buy", "timestamp": 1766188253598}, {"id": "547343205", "price": 0.3767, "amount": 15.0, "side": "buy", "timestamp": 1766188256844}, {"id": "547343206", "price": 0.3766, "amount": 154.0, "side": "sell", "timestamp": 1766188257206}, {"id": "547343207", "price": 0.3767, "amount": 19.0, "side": "buy", "timestamp": 1766188257766}, {"id": "547343208", "price": 0.3767, "amount": 41.0, "side": "buy", "timestamp": 1766188259579}, {"id": "547343209", "price": 0.3766, "amount": 37.0, "side": "sell", "timestamp": 1766188260308}, {"id": "547343210", "price": 0.3766, "amount": 5309.0, "side": "sell", "timestamp": 1766188260427}, {"id": "547343211", "price": 0.3767, "amount": 15.0, "side": "buy", "timestamp": 1766188261020}, {"id": "547343212", "price": 0.3766, "amount": 27.0, "side": "sell", "timestamp": 1766188261339}, {"id": "547343213", "price": 0.3766, "amount": 153.0, "side": "sell", "timestamp": 1766188264262}, {"id": "547343214", "price": 0.3767, "amount": 20.0, "side": "buy", "timestamp": 1766188265085}, {"id": "547343215", "price": 0.3767, "amount": 29.0, "side": "buy", "timestamp": 1766188265223}, {"id": "547343216", "price": 0.3767, "amount": 31.0, "side": "buy", "timestamp": 1766188265651}, {"id": "547343217", "price": 0.3767, "amount": 23.0, "side": "buy", "timestamp": 1766188265850}, {"id": "547343218", "price": 0.3767, "amount": 156.0, "side": "buy", "timestamp": 1766188266313}, {"id": "547343219", "price": 0.3766, "amount": 48.0, "side": "sell", "timestamp": 1766188266469}, {"id": "547343220", "price": 0.3767, "amount": 5.0, "side": "buy", "timestamp": 1766188266873}, {"id": "547343221", "price": 0.3766, "amount": 39.0, "side": "sell", "timestamp": 1766188267969}, {"id": "547343222", "price": 0.3766, "amount": 1.0, "side": "sell", "timestamp": 1766188269929}, {"id": "547343223", "price": 0.3766, "amount": 531.0, "side": "sell", "timestamp": 1766188270224}, {"id": "547343224", "price": 0.3767, "amount": 3.0, "side": "buy", "timestamp": 1766188272975}, {"id": "547343225", "price": 0.3767, "amount": 21.0, "side": "buy", "timestamp": 1766188273329}, {"id": "547343226", "price": 0.3767, "amount": 134.0, "side": "buy", "timestamp": 1766188274746}, {"id": "547343227", "price": 0.3767, "amount": 23.0, "side": "buy", "timestamp": 1766188275082}, {"id": "547343228", "price": 0.3767, "amount": 25.0, "side": "buy", "timestamp": 1766188275774}, {"id": "547343229", "price": 0.3766, "amount": 72.0, "side": "sell", "timestamp": 1766188276502}, {"id": "547343230", "price": 0.3767, "amount": 1439.0, "side": "buy", "timestamp": 1766188278225}, {"id": "547343231", "price": 0.3767, "amount": 667.0, "side": "buy", "timestamp": 1766188278444}, {"id": "547343232", "price": 0.3767, "amount": 1.0, "side": "buy", "timestamp": 1766188278715}, {"id": "547343233", "price": 0.3766, "amount": 8511.0, "side": "sell", "timestamp": 1766188278780}, {"id": "547343234", "price": 0.3767, "amount": 14.0, "side": "buy", "timestamp": 1766188279068}, {"id": "547343235", "price": 0.3767, "amount": 23.0, "side": "buy", "timestamp": 1766188281518}, {"id": "547343236", "price": 0.3767, "amount": 1956.0, "side": "buy", "timestamp": 1766188282141}, {"id": "547343237", "price": 0.3767, "amount": 15.0, "side": "buy", "timestamp": 1766188282350}, {"id": "547343238", "price": 0.3767, "amount": 67.0, "side": "buy", "timestamp": 1766188282722}, {"id": "547343239", "price": 0.3767, "amount": 23.0, "side": "buy", "timestamp": 1766188284335}, {"id": "547343240", "price": 0.3767, "amount": 8.0, "side": "buy", "timestamp": 1766188287054}, {"id": "547343241", "price": 0.3767, "amount": 7.0, "side": "buy", "timestamp": 1766188287430}, {"id": "547343242", "price": 0.3767, "amount": 15.0, "side": "buy", "timestamp": 1766188288242}, {"id": "547343243", "price": 0.3767, "amount": 1142.0, "side": "buy", "timestamp": 1766188288441}, {"id": "547343244", "price": 0.3767, "amount": 29409.0, "side": "buy", "timestamp": 1766188289143}, {"id": "547343245", "price": 0.3767, "amount": 522.0, "side": "sell", "timestamp": 1766188289175}, {"id": "547343246", "price": 0.3767, "amount": 713.0, "side": "sell", "timestamp": 1766188290041}, {"id": "547343247", "price": 0.3768, "amount": 29.0, "side": "buy", "timestamp": 1766188290224}, {"id": "547343248", "price": 0.3768, "amount": 14.0, "side": "buy", "timestamp": 1766188290912}, {"id": "547343249", "price": 0.3768, "amount": 51.0, "side": "buy", "timestamp": 1766188291019}, {"id": "547343250", "price": 0.3768, "amount": 23.0, "side": "buy", "timestamp": 1766188293150}, {"id": "547343251", "price": 0.3768, "amount": 2.0, "side": "buy", "timestamp": 1766188294122}, {"id": "547343252", "price": 0.3767, "amount": 32.0, "side": "sell", "timestamp": 1766188295680}, {"id": "547343253", "price": 0.3768, "amount": 70.0, "side": "buy", "timestamp": 1766188295735}, {"id": "547343254", "price": 0.3768, "amount": 3.0, "side": "buy", "timestamp": 1766188297082}, {"id": "547343255", "price": 0.3768, "amount": 16.0, "side": "buy", "timestamp": 1766188297267}, {"id": "547343256", "price": 0.3767, "amount": 21.0, "side": "sell", "timestamp": 1766188298270}, {"id": "547343257", "price": 0.3768, "amount": 26.0, "side": "buy", "timestamp": 1766188298521}, {"id": "547343258", "price": 0.3768, "amount": 156.0, "side": "buy", "timestamp": 1766188300621}, {"id": "547343259", "price": 0.3768, "amount": 3.0, "side": "buy", "timestamp": 1766188304140}, {"id": "547343260", "price": 0.3767, "amount": 34149.0, "side": "sell", "timestamp": 1766188304817}, {"id": "547343261", "price": 0.3767, "amount": 8.0, "side": "buy", "timestamp": 1766188305107}, {"id": "547343262", "price": 0.3767, "amount": 15.0, "side": "buy", "timestamp": 1766188307861}, {"id": "547343263", "price": 0.3767, "amount": 13.0, "side": "buy", "timestamp": 1766188308083}, {"id": "547343264", "price": 0.3766, "amount": 26.0, "side": "sell", "timestamp": 1766188308181}, {"id": "547343265", "price": 0.3767, "amount": 8.0, "side": "buy", "timestamp": 1766188308847}, {"id": "547343266", "price": 0.3766, "amount": 18.0, "side": "sell", "timestamp": 1766188309710}, {"id": "547343267", "price": 0.3767, "amount": 39.0, "side": "buy", "timestamp": 1766188311056}, {"id": "547343268", "price": 0.3766, "amount": 531.0, "side": "sell", "timestamp": 1766188311148}, {"id": "547343269", "price": 0.3767, "amount": 23.0, "side": "buy", "timestamp": 1766188312210}, {"id": "547343270", "price": 0.3767, "amount": 5.0, "side": "buy", "timestamp": 1766188315199}, {"id": "547343271", "price": 0.3767, "amount": 23.0, "side": "buy", "timestamp": 1766188316555}, {"id": "547343272", "price": 0.3766, "amount": 108.0, "side": "sell", "timestamp": 1766188317023}, {"id": "547343273", "price": 0.3767, "amount": 21.0, "side": "buy", "timestamp": 1766188318566}, {"id": "547343274", "price": 0.3767, "amount": 15.0, "side": "buy", "timestamp": 1766188320292}, {"id": "547343275", "price": 0.3767, "amount": 7510.0, "side": "buy", "timestamp": 1766188321199}, {"id": "547343276", "price": 0.3767, "amount": 34.0, "side": "buy", "timestamp": 1766188324673}, {"id": "547343277", "price": 0.3767, "amount": 24.0, "side": "buy", "timestamp": 1766188324933}, {"id": "547343278", "price": 0.3767, "amount": 17.0, "side": "buy", "timestamp": 1766188325088}, {"id": "547343279", "price": 0.3767, "amount": 30.0, "side": "buy", "timestamp": 1766188325320}, {"id": "547343280", "price": 0.3766, "amount": 53.0, "side": "sell", "timestamp": 1766188326801}, {"id": "547343281", "price": 0.3766, "amount": 531.0, "side": "sell", "timestamp": 1766188331052}, {"id": "547343282", "price": 0.3766, "amount": 26.0, "side": "sell", "timestamp": 1766188331676}, {"id": "547343283", "price": 0.3766, "amount": 567.0, "side": "sell", "timestamp": 1766188332773}, {"id": "547343284", "price": 0.3767, "amount": 7.0, "side": "buy", "timestamp": 1766188333811}, {"id": "547343285", "price": 0.3767, "amount": 6.0, "side": "buy", "timestamp": 1766188334099}, {"id": "547343286", "price": 0.3767, "amount": 156.0, "side": "buy", "timestamp": 1766188334311}, {"id": "547343287", "price": 0.3767, "amount": 4.0, "side": "buy", "timestamp": 1766188335953}, {"id": "547343288", "price": 0.3766, "amount": 112.0, "side": "sell", "timestamp": 1766188338426}, {"id": "547343289", "price": 0.3767, "amount": 15.0, "side": "buy", "timestamp": 1766188338435}, {"id": "547343290", "price": 0.3767, "amount": 44478.0, "side": "buy", "timestamp": 1766188339927}, {"id": "547343291", "price": 0.3768, "amount": 41179.0, "side": "buy", "timestamp": 1766188339929}, {"id": "547343292", "price": 0.3768, "amount": 13254.0, "side": "sell", "timestamp": 1766188341065}, {"id": "547343293", "price": 0.3768, "amount": 10890.0, "side": "sell", "timestamp": 1766188341298}, {"id": "547343291", "price": 0.3768, "amount": 41179.0, "side": "buy", "timestamp": 1766188339929}, {"id": "547343292", "price": 0.3768, "amount": 13254.0, "side": "sell", "timestamp": 1766188341065}, {"id": "547343293", "price": 0.3768, "amount": 10890.0, "side": "sell", "timestamp": 1766188341298}, {"id": "547343294", "price": 0.3768, "amount": 17.0, "side": "buy", "timestamp": 1766188342418}, {"id": "547343295", "price": 0.3768, "amount": 15.0, "side": "buy", "timestamp": 1766188342793}, {"id": "547343296", "price": 0.3768, "amount": 17.0, "side": "buy", "timestamp": 1766188342925}, {"id": "547343297", "price": 0.3767, "amount": 1294.0, "side": "sell", "timestamp": 1766188343812}, {"id": "547343298", "price": 0.3767, "amount": 14.0, "side": "sell", "timestamp": 1766188344750}, {"id": "547343299", "price": 0.3767, "amount": 1111.0, "side": "sell", "timestamp": 1766188346783}, {"id": "547343300", "price": 0.3767, "amount": 1585.0, "side": "sell", "timestamp": 1766188347526}, {"id": "547343301", "price": 0.3767, "amount": 8.0, "side": "buy", "timestamp": 1766188347610}, {"id": "547343302", "price": 0.3767, "amount": 6.0, "side": "buy", "timestamp": 1766188347902}, {"id": "547343303", "price": 0.3767, "amount": 65.0, "side": "buy", "timestamp": 1766188348159}, {"id": "547343304", "price": 0.3767, "amount": 18.0, "side": "buy", "timestamp": 1766188350722}, {"id": "547343305", "price": 0.3766, "amount": 531.0, "side": "sell", "timestamp": 1766188350973}, {"id": "547343306", "price": 0.3767, "amount": 6.0, "side": "buy", "timestamp": 1766188351333}, {"id": "547343307", "price": 0.3767, "amount": 2.0, "side": "buy", "timestamp": 1766188354690}, {"id": "547343308", "price": 0.3767, "amount": 23.0, "side": "buy", "timestamp": 1766188355471}, {"id": "547343309", "price": 0.3767, "amount": 4.0, "side": "buy", "timestamp": 1766188356545}, {"id": "547343310", "price": 0.3767, "amount": 7.0, "side": "buy", "timestamp": 1766188356870}, {"id": "547343311", "price": 0.3767, "amount": 15.0, "side": "buy", "timestamp": 1766188358632}, {"id": "547343312", "price": 0.3767, "amount": 136.0, "side": "buy", "timestamp": 1766188358840}, {"id": "547343313", "price": 0.3767, "amount": 5274.0, "side": "buy", "timestamp": 1766188358941}, {"id": "547343314", "price": 0.3768, "amount": 121.0, "side": "buy", "timestamp": 1766188360481}, {"id": "547343315", "price": 0.3768, "amount": 12.0, "side": "buy", "timestamp": 1766188361037}, {"id": "547343316", "price": 0.3768, "amount": 5.0, "side": "buy", "timestamp": 1766188363425}, {"id": "547343317", "price": 0.3767, "amount": 32.0, "side": "sell", "timestamp": 1766188367671}, {"id": "547343318", "price": 0.3767, "amount": 62.0, "side": "sell", "timestamp": 1766188368332}, {"id": "547343319", "price": 0.3767, "amount": 33.0, "side": "sell", "timestamp": 1766188369286}, {"id": "547343320", "price": 0.3768, "amount": 4.0, "side": "buy", "timestamp": 1766188369391}, {"id": "547343321", "price": 0.3768, "amount": 1.0, "side": "buy", "timestamp": 1766188370218}, {"id": "547343322", "price": 0.3767, "amount": 570.0, "side": "sell", "timestamp": 1766188371987}, {"id": "547343323", "price": 0.3767, "amount": 20760.0, "side": "sell", "timestamp": 1766188373206}, {"id": "547343324", "price": 0.3766, "amount": 62.0, "side": "sell", "timestamp": 1766188373938}, {"id": "547343325", "price": 0.3767, "amount": 14.0, "side": "buy", "timestamp": 1766188376298}, {"id": "547343326", "price": 0.3766, "amount": 31.0, "side": "sell", "timestamp": 1766188378527}, {"id": "547343327", "price": 0.3767, "amount": 7.0, "side": "buy", "timestamp": 1766188379407}, {"id": "547343328", "price": 0.3767, "amount": 14.0, "side": "buy", "timestamp": 1766188380306}, {"id": "547343329", "price": 0.3766, "amount": 27.0, "side": "sell", "timestamp": 1766188380940}, {"id": "547343330", "price": 0.3767, "amount": 6.0, "side": "buy", "timestamp": 1766188382802}, {"id": "547343331", "price": 0.3767, "amount": 15.0, "side": "buy", "timestamp": 1766188384288}, {"id": "547343332", "price": 0.3767, "amount": 59.0, "side": "buy", "timestamp": 1766188384524}, {"id": "547343333", "price": 0.3767, "amount": 8992.0, "side": "buy", "timestamp": 1766188385364}, {"id": "547343334", "price": 0.3767, "amount": 15.0, "side": "buy", "timestamp": 1766188385658}, {"id": "547343335", "price": 0.3767, "amount": 14.0, "side": "buy", "timestamp": 1766188385846}, {"id": "547343336", "price": 0.3766, "amount": 62.0, "side": "sell", "timestamp": 1766188386229}, {"id": "547343337", "price": 0.3767, "amount": 9.0, "side": "buy", "timestamp": 1766188388346}, {"id": "547343338", "price": 0.3767, "amount": 8.0, "side": "buy", "timestamp": 1766188388470}, {"id": "547343339", "price": 0.3767, "amount": 80.0, "side": "buy", "timestamp": 1766188389362}, {"id": "547343340", "price": 0.3767, "amount": 60.0, "side": "buy", "timestamp": 1766188392900}, {"id": "547343339", "price": 0.3767, "amount": 80.0, "side": "buy", "timestamp": 1766188389362}, {"id": "547343340", "price": 0.3767, "amount": 60.0, "side": "buy", "timestamp": 1766188392900}, {"id": "547343341", "price": 0.3767, "amount": 2.0, "side": "buy", "timestamp": 1766188393964}, {"id": "547343342", "price": 0.3767, "amount": 1.0, "side": "buy", "timestamp": 1766188394561}, {"id": "547343343", "price": 0.3766, "amount": 260.0, "side": "sell", "timestamp": 1766188396287}, {"id": "547343344", "price": 0.3767, "amount": 8.0, "side": "buy", "timestamp": 1766188396292}, {"id": "547343345", "price": 0.3767, "amount": 35.0, "side": "buy", "timestamp": 1766188396692}, {"id": "547343346", "price": 0.3767, "amount": 7.0, "side": "buy", "timestamp": 1766188397442}, {"id": "547343347", "price": 0.3766, "amount": 65.0, "side": "sell", "timestamp": 1766188397809}, {"id": "547343348", "price": 0.3767, "amount": 2.0, "side": "buy", "timestamp": 1766188399294}, {"id": "547343349", "price": 0.3767, "amount": 132.0, "side": "buy", "timestamp": 1766188399956}, {"id": "547343350", "price": 0.3767, "amount": 3.0, "side": "buy", "timestamp": 1766188400722}, {"id": "547343351", "price": 0.3766, "amount": 181.0, "side": "sell", "timestamp": 1766188400901}, {"id": "547343352", "price": 0.3767, "amount": 156.0, "side": "buy", "timestamp": 1766188402375}, {"id": "547343353", "price": 0.3767, "amount": 31.0, "side": "buy", "timestamp": 1766188403666}, {"id": "547343354", "price": 0.3767, "amount": 59.0, "side": "buy", "timestamp": 1766188406309}, {"id": "547343355", "price": 0.3767, "amount": 7.0, "side": "buy", "timestamp": 1766188408156}, {"id": "547343356", "price": 0.3767, "amount": 20.0, "side": "buy", "timestamp": 1766188408813}, {"id": "547343357", "price": 0.3767, "amount": 15.0, "side": "buy", "timestamp": 1766188409894}, {"id": "547343358", "price": 0.3766, "amount": 103.0, "side": "sell", "timestamp": 1766188410364}, {"id": "547343359", "price": 0.3767, "amount": 27.0, "side": "buy", "timestamp": 1766188412447}, {"id": "547343360", "price": 0.3767, "amount": 39.0, "side": "buy", "timestamp": 1766188413516}, {"id": "547343361", "price": 0.3767, "amount": 406.0, "side": "buy", "timestamp": 1766188414378}, {"id": "547343362", "price": 0.3767, "amount": 3.0, "side": "buy", "timestamp": 1766188415202}, {"id": "547343363", "price": 0.3767, "amount": 23.0, "side": "buy", "timestamp": 1766188416894}, {"id": "547343364", "price": 0.3767, "amount": 5.0, "side": "buy", "timestamp": 1766188417677}, {"id": "547343365", "price": 0.3767, "amount": 50.0, "side": "buy", "timestamp": 1766188421833}, {"id": "547343366", "price": 0.3767, "amount": 134.0, "side": "buy", "timestamp": 1766188422700}, {"id": "547343367", "price": 0.3766, "amount": 56.0, "side": "sell", "timestamp": 1766188423622}, {"id": "547343368", "price": 0.3767, "amount": 6.0, "side": "buy", "timestamp": 1766188424714}, {"id": "547343369", "price": 0.3767, "amount": 7.0, "side": "buy", "timestamp": 1766188426933}, {"id": "547343370", "price": 0.3767, "amount": 637.0, "side": "buy", "timestamp": 1766188428500}, {"id": "547343371", "price": 0.3766, "amount": 26.0, "side": "sell", "timestamp": 1766188429240}, {"id": "547343372", "price": 0.3766, "amount": 18.0, "side": "sell", "timestamp": 1766188429576}, {"id": "547343373", "price": 0.3766, "amount": 14.0, "side": "sell", "timestamp": 1766188430221}, {"id": "547343374", "price": 0.3767, "amount": 8.0, "side": "buy", "timestamp": 1766188430295}, {"id": "547343375", "price": 0.3767, "amount": 16.0, "side": "buy", "timestamp": 1766188434292}, {"id": "547343376", "price": 0.3766, "amount": 106.0, "side": "sell", "timestamp": 1766188435043}, {"id": "547343377", "price": 0.3767, "amount": 34.0, "side": "buy", "timestamp": 1766188435435}, {"id": "547343378", "price": 0.3767, "amount": 160.0, "side": "buy", "timestamp": 1766188436291}, {"id": "547343379", "price": 0.3767, "amount": 145.0, "side": "buy", "timestamp": 1766188438694}, {"id": "547343380", "price": 0.3767, "amount": 32.0, "side": "buy", "timestamp": 1766188439671}, {"id": "547343381", "price": 0.3767, "amount": 18.0, "side": "buy", "timestamp": 1766188441792}, {"id": "547343382", "price": 0.3766, "amount": 6670.0, "side": "sell", "timestamp": 1766188443554}, {"id": "547343383", "price": 0.3767, "amount": 1.0, "side": "buy", "timestamp": 1766188444572}, {"id": "547343384", "price": 0.3767, "amount": 24.0, "side": "buy", "timestamp": 1766188444869}, {"id": "547343385", "price": 0.3767, "amount": 16.0, "side": "buy", "timestamp": 1766188445027}, {"id": "547343386", "price": 0.3767, "amount": 1.0, "side": "buy", "timestamp": 1766188445453}, {"id": "547343387", "price": 0.3767, "amount": 65.0, "side": "buy", "timestamp": 1766188445636}, {"id": "547343388", "price": 0.3767, "amount": 17.0, "side": "buy", "timestamp": 1766188446094}, {"id": "547343384", "price": 0.3767, "amount": 24.0, "side": "buy", "timestamp": 1766188444869}, {"id": "547343385", "price": 0.3767, "amount": 16.0, "side": "buy", "timestamp": 1766188445027}, {"id": "547343386", "price": 0.3767, "amount": 1.0, "side": "buy", "timestamp": 1766188445453}, {"id": "547343387", "price": 0.3767, "amount": 65.0, "side": "buy", "timestamp": 1766188445636}, {"id": "547343388", "price": 0.3767, "amount": 17.0, "side": "buy", "timestamp": 1766188446094}, {"id": "547343389", "price": 0.3767, "amount": 53.0, "side": "buy", "timestamp": 1766188447762}, {"id": "547343390", "price": 0.3767, "amount": 7963.0, "side": "buy", "timestamp": 1766188449013}, {"id": "547343391", "price": 0.3766, "amount": 1.0, "side": "sell", "timestamp": 1766188449917}, {"id": "547343392", "price": 0.3766, "amount": 191.0, "side": "sell", "timestamp": 1766188450887}, {"id": "547343393", "price": 0.3767, "amount": 22.0, "side": "buy", "timestamp": 1766188451170}, {"id": "547343394", "price": 0.3767, "amount": 35.0, "side": "buy", "timestamp": 1766188452611}, {"id": "547343395", "price": 0.3766, "amount": 34162.0, "side": "sell", "timestamp": 1766188454649}, {"id": "547343396", "price": 0.3765, "amount": 27650.0, "side": "sell", "timestamp": 1766188454721}, {"id": "547343397", "price": 0.3766, "amount": 9.0, "side": "buy", "timestamp": 1766188454915}, {"id": "547343398", "price": 0.3766, "amount": 24.0, "side": "buy", "timestamp": 1766188455096}, {"id": "547343399", "price": 0.3766, "amount": 59.0, "side": "buy", "timestamp": 1766188455717}, {"id": "547343400", "price": 0.3766, "amount": 6.0, "side": "buy", "timestamp": 1766188457365}, {"id": "547343401", "price": 0.3766, "amount": 15.0, "side": "buy", "timestamp": 1766188460945}, {"id": "547343402", "price": 0.3766, "amount": 17.0, "side": "buy", "timestamp": 1766188463792}, {"id": "547343403", "price": 0.3766, "amount": 179.0, "side": "buy", "timestamp": 1766188468220}, {"id": "547343404", "price": 0.3766, "amount": 4.0, "side": "buy", "timestamp": 1766188468880}, {"id": "547343405", "price": 0.3766, "amount": 5.0, "side": "buy", "timestamp": 1766188469376}, {"id": "547343406", "price": 0.3765, "amount": 50.0, "side": "sell", "timestamp": 1766188471898}, {"id": "547343407", "price": 0.3766, "amount": 5.0, "side": "buy", "timestamp": 1766188472940}, {"id": "547343408", "price": 0.3766, "amount": 7.0, "side": "buy", "timestamp": 1766188473526}, {"id": "547343409", "price": 0.3765, "amount": 56.0, "side": "sell", "timestamp": 1766188473904}, {"id": "547343410", "price": 0.3766, "amount": 32.0, "side": "buy", "timestamp": 1766188475688}, {"id": "547343411", "price": 0.3766, "amount": 2.0, "side": "buy", "timestamp": 1766188475947}, {"id": "547343412", "price": 0.3766, "amount": 4.0, "side": "buy", "timestamp": 1766188477352}, {"id": "547343413", "price": 0.3766, "amount": 6.0, "side": "buy", "timestamp": 1766188478282}, {"id": "547343414", "price": 0.3766, "amount": 31.0, "side": "buy", "timestamp": 1766188480027}, {"id": "547343415", "price": 0.3766, "amount": 179.0, "side": "buy", "timestamp": 1766188480572}, {"id": "547343416", "price": 0.3765, "amount": 199.0, "side": "sell", "timestamp": 1766188480597}, {"id": "547343417", "price": 0.3766, "amount": 7.0, "side": "buy", "timestamp": 1766188484815}, {"id": "547343418", "price": 0.3765, "amount": 866.0, "side": "sell", "timestamp": 1766188486228}, {"id": "547343419", "price": 0.3766, "amount": 15.0, "side": "buy", "timestamp": 1766188487199}, {"id": "547343420", "price": 0.3766, "amount": 8.0, "side": "buy", "timestamp": 1766188487624}, {"id": "547343421", "price": 0.3765, "amount": 88.0, "side": "sell", "timestamp": 1766188489513}, {"id": "547343422", "price": 0.3766, "amount": 14.0, "side": "buy", "timestamp": 1766188490590}, {"id": "547343423", "price": 0.3766, "amount": 8.0, "side": "buy", "timestamp": 1766188491136}, {"id": "547343424", "price": 0.3766, "amount": 2.0, "side": "buy", "timestamp": 1766188491670}, {"id": "547343425", "price": 0.3765, "amount": 19.0, "side": "sell", "timestamp": 1766188491881}, {"id": "547343426", "price": 0.3766, "amount": 15.0, "side": "buy", "timestamp": 1766188492670}, {"id": "547343427", "price": 0.3766, "amount": 179.0, "side": "buy", "timestamp": 1766188493134}, {"id": "547343428", "price": 0.3765, "amount": 161.0, "side": "sell", "timestamp": 1766188496387}, {"id": "547343429", "price": 0.3766, "amount": 4235.0, "side": "buy", "timestamp": 1766188496732}, {"id": "547343430", "price": 0.3766, "amount": 54.0, "side": "sell", "timestamp": 1766188497050}, {"id": "547343431", "price": 0.3767, "amount": 815.0, "side": "buy", "timestamp": 1766188497516}, {"id": "547343432", "price": 0.3766, "amount": 499.0, "side": "sell", "timestamp": 1766188497675}, {"id": "547343433", "price": 0.3766, "amount": 39.0, "side": "buy", "timestamp": 1766188500064}, {"id": "547343435", "price": 0.3766, "amount": 5.0, "side": "buy", "timestamp": 1766188501022}, {"id": "547343436", "price": 0.3766, "amount": 15.0, "side": "buy", "timestamp": 1766188501236}, {"id": "547343437", "price": 0.3766, "amount": 1418.0, "side": "buy", "timestamp": 1766188501490}, {"id": "547343438", "price": 0.3765, "amount": 15.0, "side": "sell", "timestamp": 1766188501716}, {"id": "547343439", "price": 0.3765, "amount": 103.0, "side": "sell", "timestamp": 1766188502318}, {"id": "547343440", "price": 0.3766, "amount": 30.0, "side": "buy", "timestamp": 1766188502443}, {"id": "547343441", "price": 0.3766, "amount": 161.0, "side": "buy", "timestamp": 1766188504295}, {"id": "547343442", "price": 0.3766, "amount": 17.0, "side": "buy", "timestamp": 1766188504664}, {"id": "547343443", "price": 0.3766, "amount": 14.0, "side": "buy", "timestamp": 1766188504794}, {"id": "547343444", "price": 0.3766, "amount": 56.0, "side": "buy", "timestamp": 1766188505558}, {"id": "547343445", "price": 0.3765, "amount": 22.0, "side": "sell", "timestamp": 1766188505748}, {"id": "547343446", "price": 0.3766, "amount": 26.0, "side": "buy", "timestamp": 1766188506833}, {"id": "547343447", "price": 0.3765, "amount": 30.0, "side": "sell", "timestamp": 1766188509734}, {"id": "547343448", "price": 0.3766, "amount": 2.0, "side": "buy", "timestamp": 1766188509775}, {"id": "547343449", "price": 0.3765, "amount": 19.0, "side": "sell", "timestamp": 1766188509863}, {"id": "547343450", "price": 0.3765, "amount": 68.0, "side": "sell", "timestamp": 1766188510039}, {"id": "547343451", "price": 0.3765, "amount": 2390.0, "side": "sell", "timestamp": 1766188511573}, {"id": "547343452", "price": 0.3766, "amount": 32.0, "side": "buy", "timestamp": 1766188511677}, {"id": "547343453", "price": 0.3765, "amount": 585.0, "side": "sell", "timestamp": 1766188511793}, {"id": "547343454", "price": 0.3766, "amount": 3.0, "side": "buy", "timestamp": 1766188514413}, {"id": "547343455", "price": 0.3766, "amount": 1.0, "side": "buy", "timestamp": 1766188514663}, {"id": "547343456", "price": 0.3766, "amount": 2.0, "side": "buy", "timestamp": 1766188515968}, {"id": "547343457", "price": 0.3766, "amount": 179.0, "side": "buy", "timestamp": 1766188518114}, {"id": "547343458", "price": 0.3766, "amount": 6.0, "side": "buy", "timestamp": 1766188518897}, {"id": "547343459", "price": 0.3766, "amount": 6.0, "side": "buy", "timestamp": 1766188519943}, {"id": "547343460", "price": 0.3766, "amount": 1.0, "side": "buy", "timestamp": 1766188520074}, {"id": "547343461", "price": 0.3766, "amount": 4.0, "side": "buy", "timestamp": 1766188522213}, {"id": "547343462", "price": 0.3765, "amount": 237.0, "side": "sell", "timestamp": 1766188524063}, {"id": "547343463", "price": 0.3765, "amount": 19.0, "side": "sell", "timestamp": 1766188524360}, {"id": "547343464", "price": 0.3765, "amount": 56.0, "side": "sell", "timestamp": 1766188525324}, {"id": "547343465", "price": 0.3766, "amount": 14.0, "side": "buy", "timestamp": 1766188526325}, {"id": "547343466", "price": 0.3766, "amount": 78.0, "side": "buy", "timestamp": 1766188526459}, {"id": "547343467", "price": 0.3766, "amount": 201.0, "side": "buy", "timestamp": 1766188530400}, {"id": "547343468", "price": 0.3765, "amount": 61.0, "side": "sell", "timestamp": 1766188530939}, {"id": "547343469", "price": 0.3766, "amount": 134.0, "side": "buy", "timestamp": 1766188533767}, {"id": "547343470", "price": 0.3766, "amount": 8.0, "side": "buy", "timestamp": 1766188534402}, {"id": "547343471", "price": 0.3766, "amount": 1.0, "side": "buy", "timestamp": 1766188536999}, {"id": "547343472", "price": 0.3766, "amount": 156.0, "side": "buy", "timestamp": 1766188538276}, {"id": "547343473", "price": 0.3766, "amount": 294.0, "side": "buy", "timestamp": 1766188538494}, {"id": "547343474", "price": 0.3766, "amount": 14.0, "side": "buy", "timestamp": 1766188538854}, {"id": "547343475", "price": 0.3766, "amount": 116.0, "side": "buy", "timestamp": 1766188540175}, {"id": "547343476", "price": 0.3765, "amount": 6638.0, "side": "sell", "timestamp": 1766188541972}, {"id": "547343477", "price": 0.3765, "amount": 531.0, "side": "sell", "timestamp": 1766188542312}, {"id": "547343478", "price": 0.3766, "amount": 179.0, "side": "buy", "timestamp": 1766188543075}, {"id": "547343479", "price": 0.3766, "amount": 23.0, "side": "buy", "timestamp": 1766188543870}, {"id": "547343480", "price": 0.3766, "amount": 444.0, "side": "buy", "timestamp": 1766188546240}, {"id": "547343481", "price": 0.3766, "amount": 32.0, "side": "buy", "timestamp": 1766188547672}, {"id": "547343482", "price": 0.3766, "amount": 4.0, "side": "buy", "timestamp": 1766188552338}, {"id": "547343483", "price": 0.3766, "amount": 121.0, "side": "buy", "timestamp": 1766188553527}, {"id": "547343484", "price": 0.3765, "amount": 28.0, "side": "sell", "timestamp": 1766188553973}, {"id": "547343509", "price": 0.3766, "amount": 65.0, "side": "buy", "timestamp": 1766188570844}, {"id": "547343510", "price": 0.3765, "amount": 6749.0, "side": "sell", "timestamp": 1766188571474}, {"id": "547343511", "price": 0.3766, "amount": 7.0, "side": "buy", "timestamp": 1766188572166}, {"id": "547343512", "price": 0.3766, "amount": 8.0, "side": "buy", "timestamp": 1766188572382}, {"id": "547343513", "price": 0.3765, "amount": 796.0, "side": "sell", "timestamp": 1766188572824}, {"id": "547343514", "price": 0.3766, "amount": 2696.0, "side": "buy", "timestamp": 1766188573256}, {"id": "547343515", "price": 0.3765, "amount": 530.0, "side": "sell", "timestamp": 1766188574739}, {"id": "547343516", "price": 0.3765, "amount": 1014.0, "side": "sell", "timestamp": 1766188574918}, {"id": "547343517", "price": 0.3765, "amount": 636.0, "side": "sell", "timestamp": 1766188575041}, {"id": "547343518", "price": 0.3765, "amount": 7109.0, "side": "sell", "timestamp": 1766188575451}, {"id": "547343519", "price": 0.3765, "amount": 1248.0, "side": "sell", "timestamp": 1766188575677}, {"id": "547343520", "price": 0.3766, "amount": 6.0, "side": "buy", "timestamp": 1766188575821}, {"id": "547343521", "price": 0.3765, "amount": 4355.0, "side": "sell", "timestamp": 1766188575884}, {"id": "547343522", "price": 0.3765, "amount": 3184.0, "side": "sell", "timestamp": 1766188576085}, {"id": "547343523", "price": 0.3765, "amount": 881.0, "side": "sell", "timestamp": 1766188576303}, {"id": "547343524", "price": 0.3766, "amount": 5.0, "side": "buy", "timestamp": 1766188578930}, {"id": "547343525", "price": 0.3766, "amount": 40.0, "side": "buy", "timestamp": 1766188579338}, {"id": "547343526", "price": 0.3765, "amount": 6791.0, "side": "sell", "timestamp": 1766188579999}, {"id": "547343527", "price": 0.3765, "amount": 3502.0, "side": "sell", "timestamp": 1766188580204}, {"id": "547343528", "price": 0.3766, "amount": 8.0, "side": "buy", "timestamp": 1766188580328}, {"id": "547343529", "price": 0.3765, "amount": 8543.0, "side": "sell", "timestamp": 1766188580412}, {"id": "547343530", "price": 0.3765, "amount": 1013.0, "side": "sell", "timestamp": 1766188581917}, {"id": "547343531", "price": 0.3765, "amount": 9732.0, "side": "sell", "timestamp": 1766188582315}, {"id": "547343532", "price": 0.3765, "amount": 1762.0, "side": "sell", "timestamp": 1766188583230}, {"id": "547343533", "price": 0.3766, "amount": 32.0, "side": "buy", "timestamp": 1766188583678}, {"id": "547343534", "price": 0.3765, "amount": 384.0, "side": "sell", "timestamp": 1766188584229}, {"id": "547343535", "price": 0.3765, "amount": 1255.0, "side": "sell", "timestamp": 1766188584449}, {"id": "547343536", "price": 0.3765, "amount": 4383.0, "side": "sell", "timestamp": 1766188584575}, {"id": "547343537", "price": 0.3765, "amount": 1561.0, "side": "sell", "timestamp": 1766188584679}, {"id": "547343538", "price": 0.3765, "amount": 66102.0, "side": "sell", "timestamp": 1766188585933}, {"id": "547343539", "price": 0.3765, "amount": 465.0, "side": "sell", "timestamp": 1766188586480}, {"id": "547343540", "price": 0.3766, "amount": 26.0, "side": "buy", "timestamp": 1766188587610}, {"id": "547343541", "price": 0.3766, "amount": 54.0, "side": "buy", "timestamp": 1766188588151}, {"id": "547343542", "price": 0.3766, "amount": 14.0, "side": "buy", "timestamp": 1766188590305}, {"id": "547343543", "price": 0.3766, "amount": 6.0, "side": "buy", "timestamp": 1766188590913}, {"id": "547343544", "price": 0.3766, "amount": 17.0, "side": "buy", "timestamp": 1766188591064}, {"id": "547343545", "price": 0.3766, "amount": 7.0, "side": "buy", "timestamp": 1766188591270}, {"id": "547343546", "price": 0.3766, "amount": 25.0, "side": "buy", "timestamp": 1766188592919}, {"id": "547343547", "price": 0.3766, "amount": 5.0, "side": "buy", "timestamp": 1766188594408}, {"id": "547343548", "price": 0.3766, "amount": 2.0, "side": "buy", "timestamp": 1766188597855}, {"id": "547343549", "price": 0.3765, "amount": 61.0, "side": "sell", "timestamp": 1766188598077}, {"id": "547343550", "price": 0.3766, "amount": 3.0, "side": "buy", "timestamp": 1766188598325}, {"id": "547343551", "price": 0.3765, "amount": 41.0, "side": "sell", "timestamp": 1766188599525}, {"id": "547343552", "price": 0.3766, "amount": 39.0, "side": "buy", "timestamp": 1766188599735}, {"id": "547343553", "price": 0.3766, "amount": 43.0, "side": "buy", "timestamp": 1766188602439}, {"id": "547343554", "price": 0.3765, "amount": 5279.0, "side": "sell", "timestamp": 1766188602765}, {"id": "547343555", "price": 0.3765, "amount": 24.0, "side": "sell", "timestamp": 1766188604046}, {"id": "547343556", "price": 0.3766, "amount": 179.0, "side": "buy", "timestamp": 1766188605538}, {"id": "547343557", "price": 0.3765, "amount": 63.0, "side": "sell", "timestamp": 1766188606202}, {"id": "547343558", "price": 0.3766, "amount": 161.0, "side": "buy", "timestamp": 1766188606259}, {"id": "547343556", "price": 0.3766, "amount": 179.0, "side": "buy", "timestamp": 1766188605538}, {"id": "547343557", "price": 0.3765, "amount": 63.0, "side": "sell", "timestamp": 1766188606202}, {"id": "547343558", "price": 0.3766, "amount": 161.0, "side": "buy", "timestamp": 1766188606259}, {"id": "547343559", "price": 0.3766, "amount": 134.0, "side": "buy", "timestamp": 1766188607766}, {"id": "547343560", "price": 0.3766, "amount": 1704.0, "side": "buy", "timestamp": 1766188608494}, {"id": "547343561", "price": 0.3766, "amount": 21.0, "side": "buy", "timestamp": 1766188611614}, {"id": "547343562", "price": 0.3765, "amount": 23882.0, "side": "sell", "timestamp": 1766188612476}, {"id": "547343563", "price": 0.3766, "amount": 7.0, "side": "buy", "timestamp": 1766188612904}, {"id": "547343564", "price": 0.3766, "amount": 6.0, "side": "buy", "timestamp": 1766188613047}, {"id": "547343565", "price": 0.3766, "amount": 1.0, "side": "buy", "timestamp": 1766188613160}, {"id": "547343566", "price": 0.3765, "amount": 46.0, "side": "sell", "timestamp": 1766188613502}, {"id": "547343567", "price": 0.3765, "amount": 18.0, "side": "sell", "timestamp": 1766188617582}, {"id": "547343568", "price": 0.3766, "amount": 7.0, "side": "buy", "timestamp": 1766188617929}, {"id": "547343569", "price": 0.3766, "amount": 7.0, "side": "buy", "timestamp": 1766188618055}, {"id": "547343570", "price": 0.3766, "amount": 179.0, "side": "buy", "timestamp": 1766188618156}, {"id": "547343571", "price": 0.3766, "amount": 32.0, "side": "buy", "timestamp": 1766188619679}, {"id": "547343572", "price": 0.3765, "amount": 30.0, "side": "sell", "timestamp": 1766188621621}, {"id": "547343573", "price": 0.3766, "amount": 5.0, "side": "buy", "timestamp": 1766188622870}, {"id": "547343574", "price": 0.3766, "amount": 14.0, "side": "buy", "timestamp": 1766188624706}, {"id": "547343575", "price": 0.3766, "amount": 5.0, "side": "buy", "timestamp": 1766188625731}, {"id": "547343576", "price": 0.3766, "amount": 57.0, "side": "buy", "timestamp": 1766188626466}, {"id": "547343577", "price": 0.3765, "amount": 14.0, "side": "sell", "timestamp": 1766188628675}, {"id": "547343578", "price": 0.3766, "amount": 93.0, "side": "buy", "timestamp": 1766188629196}, {"id": "547343579", "price": 0.3765, "amount": 77.0, "side": "sell", "timestamp": 1766188629719}, {"id": "547343580", "price": 0.3765, "amount": 89.0, "side": "sell", "timestamp": 1766188630000}, {"id": "547343581", "price": 0.3766, "amount": 179.0, "side": "buy", "timestamp": 1766188630468}, {"id": "547343582", "price": 0.3766, "amount": 3.0, "side": "buy", "timestamp": 1766188631517}, {"id": "547343583", "price": 0.3765, "amount": 20.0, "side": "sell", "timestamp": 1766188633804}, {"id": "547343584", "price": 0.3766, "amount": 2.0, "side": "buy", "timestamp": 1766188635563}, {"id": "547343585", "price": 0.3766, "amount": 258.0, "side": "buy", "timestamp": 1766188636063}, {"id": "547343586", "price": 0.3766, "amount": 1.0, "side": "buy", "timestamp": 1766188637437}, {"id": "547343587", "price": 0.3766, "amount": 237.0, "side": "buy", "timestamp": 1766188638051}, {"id": "547343588", "price": 0.3766, "amount": 7.0, "side": "buy", "timestamp": 1766188639740}, {"id": "547343589", "price": 0.3766, "amount": 164.0, "side": "buy", "timestamp": 1766188640298}, {"id": "547343590", "price": 0.3766, "amount": 1.0, "side": "buy", "timestamp": 1766188641009}, {"id": "547343591", "price": 0.3766, "amount": 13.0, "side": "buy", "timestamp": 1766188641291}, {"id": "547343592", "price": 0.3765, "amount": 38407.0, "side": "sell", "timestamp": 1766188642479}, {"id": "547343593", "price": 0.3765, "amount": 22472.0, "side": "buy", "timestamp": 1766188642485}, {"id": "547343594", "price": 0.3766, "amount": 14.0, "side": "buy", "timestamp": 1766188642763}, {"id": "547343595", "price": 0.3765, "amount": 15.0, "side": "sell", "timestamp": 1766188643664}, {"id": "547343596", "price": 0.3766, "amount": 4.0, "side": "buy", "timestamp": 1766188643734}, {"id": "547343597", "price": 0.3766, "amount": 396.0, "side": "buy", "timestamp": 1766188644681}, {"id": "547343598", "price": 0.3766, "amount": 17.0, "side": "buy", "timestamp": 1766188649520}, {"id": "547343599", "price": 0.3766, "amount": 14.0, "side": "buy", "timestamp": 1766188651296}, {"id": "547343600", "price": 0.3766, "amount": 4.0, "side": "buy", "timestamp": 1766188652018}, {"id": "547343601", "price": 0.3766, "amount": 14.0, "side": "buy", "timestamp": 1766188652729}, {"id": "547343602", "price": 0.3766, "amount": 211.0, "side": "buy", "timestamp": 1766188655677}, {"id": "547343603", "price": 0.3766, "amount": 2.0, "side": "buy", "timestamp": 1766188658580}, {"id": "547343604", "price": 0.3766, "amount": 4.0, "side": "buy", "timestamp": 1766188659402}, {"id": "547343605", "price": 0.3766, "amount": 13.0, "side": "buy", "timestamp": 1766188659520}, {"id": "547343615", "price": 0.3765, "amount": 29.0, "side": "sell", "timestamp": 1766188673898}, {"id": "547343616", "price": 0.3766, "amount": 156.0, "side": "buy", "timestamp": 1766188674322}, {"id": "547343617", "price": 0.3765, "amount": 277.0, "side": "sell", "timestamp": 1766188677179}, {"id": "547343618", "price": 0.3765, "amount": 20483.0, "side": "sell", "timestamp": 1766188677300}, {"id": "547343619", "price": 0.3766, "amount": 4.0, "side": "buy", "timestamp": 1766188677462}, {"id": "547343620", "price": 0.3766, "amount": 14.0, "side": "buy", "timestamp": 1766188680239}, {"id": "547343621", "price": 0.3766, "amount": 179.0, "side": "buy", "timestamp": 1766188680633}, {"id": "547343622", "price": 0.3765, "amount": 111.0, "side": "sell", "timestamp": 1766188681425}, {"id": "547343623", "price": 0.3766, "amount": 134.0, "side": "buy", "timestamp": 1766188681751}, {"id": "547343624", "price": 0.3765, "amount": 28.0, "side": "sell", "timestamp": 1766188682601}, {"id": "547343625", "price": 0.3765, "amount": 309.0, "side": "sell", "timestamp": 1766188683809}, {"id": "547343626", "price": 0.3766, "amount": 92.0, "side": "buy", "timestamp": 1766188684272}, {"id": "547343627", "price": 0.3766, "amount": 19.0, "side": "buy", "timestamp": 1766188684691}, {"id": "547343628", "price": 0.3766, "amount": 38.0, "side": "buy", "timestamp": 1766188684830}, {"id": "547343629", "price": 0.3766, "amount": 15.0, "side": "buy", "timestamp": 1766188685160}, {"id": "547343630", "price": 0.3766, "amount": 14.0, "side": "buy", "timestamp": 1766188685930}, {"id": "547343631", "price": 0.3766, "amount": 100.0, "side": "buy", "timestamp": 1766188686476}, {"id": "547343632", "price": 0.3766, "amount": 57.0, "side": "buy", "timestamp": 1766188687322}, {"id": "547343633", "price": 0.3766, "amount": 143.0, "side": "buy", "timestamp": 1766188689659}, {"id": "547343634", "price": 0.3765, "amount": 174.0, "side": "sell", "timestamp": 1766188689836}, {"id": "547343635", "price": 0.3765, "amount": 20.0, "side": "sell", "timestamp": 1766188690029}, {"id": "547343636", "price": 0.3766, "amount": 17.0, "side": "buy", "timestamp": 1766188691396}, {"id": "547343637", "price": 0.3766, "amount": 32.0, "side": "buy", "timestamp": 1766188691668}, {"id": "547343638", "price": 0.3766, "amount": 14.0, "side": "buy", "timestamp": 1766188692391}, {"id": "547343639", "price": 0.3766, "amount": 179.0, "side": "buy", "timestamp": 1766188692934}, {"id": "547343640", "price": 0.3766, "amount": 8.0, "side": "buy", "timestamp": 1766188693948}, {"id": "547343641", "price": 0.3765, "amount": 64.0, "side": "sell", "timestamp": 1766188695982}, {"id": "547343642", "price": 0.3766, "amount": 8.0, "side": "buy", "timestamp": 1766188696414}, {"id": "547343643", "price": 0.3766, "amount": 5.0, "side": "buy", "timestamp": 1766188700405}, {"id": "547343644", "price": 0.3765, "amount": 46.0, "side": "sell", "timestamp": 1766188702042}, {"id": "547343645", "price": 0.3765, "amount": 35766.0, "side": "sell", "timestamp": 1766188702475}, {"id": "547343646", "price": 0.3766, "amount": 41.0, "side": "buy", "timestamp": 1766188702820}, {"id": "547343647", "price": 0.3765, "amount": 73.0, "side": "sell", "timestamp": 1766188704720}, {"id": "547343648", "price": 0.3766, "amount": 179.0, "side": "buy", "timestamp": 1766188705641}, {"id": "547343649", "price": 0.3766, "amount": 14.0, "side": "buy", "timestamp": 1766188706278}, {"id": "547343650", "price": 0.3766, "amount": 228.0, "side": "buy", "timestamp": 1766188707340}, {"id": "547343651", "price": 0.3766, "amount": 6.0, "side": "buy", "timestamp": 1766188707575}, {"id": "547343652", "price": 0.3765, "amount": 531.0, "side": "sell", "timestamp": 1766188707659}, {"id": "547343653", "price": 0.3765, "amount": 16.0, "side": "sell", "timestamp": 1766188708075}, {"id": "547343654", "price": 0.3766, "amount": 156.0, "side": "buy", "timestamp": 1766188708332}, {"id": "547343655", "price": 0.3766, "amount": 14.0, "side": "buy", "timestamp": 1766188709291}, {"id": "547343656", "price": 0.3766, "amount": 120.0, "side": "buy", "timestamp": 1766188709813}, {"id": "547343657", "price": 0.3766, "amount": 11.0, "side": "buy", "timestamp": 1766188712545}, {"id": "547343658", "price": 0.3765, "amount": 2912.0, "side": "sell", "timestamp": 1766188712808}, {"id": "547343659", "price": 0.3765, "amount": 535.0, "side": "buy", "timestamp": 1766188712945}, {"id": "547343660", "price": 0.3765, "amount": 68.0, "side": "buy", "timestamp": 1766188713116}, {"id": "547343661", "price": 0.3765, "amount": 233.0, "side": "buy", "timestamp": 1766188713331}, {"id": "547343662", "price": 0.3764, "amount": 2281.0, "side": "sell", "timestamp": 1766188713676}, {"id": "547343663", "price": 0.3765, "amount": 2.0, "side": "buy", "timestamp": 1766188714113}, {"id": "547343664", "price": 0.3764, "amount": 56.0, "side": "sell", "timestamp": 1766188714383}, {"id": "547343671", "price": 0.3765, "amount": 1.0, "side": "buy", "timestamp": 1766188719082}, {"id": "547343672", "price": 0.3764, "amount": 12381.0, "side": "sell", "timestamp": 1766188720689}, {"id": "547343673", "price": 0.3764, "amount": 531.0, "side": "sell", "timestamp": 1766188720978}, {"id": "547343674", "price": 0.3765, "amount": 5.0, "side": "buy", "timestamp": 1766188721241}, {"id": "547343675", "price": 0.3764, "amount": 127.0, "side": "sell", "timestamp": 1766188725976}, {"id": "547343676", "price": 0.3765, "amount": 5000.0, "side": "buy", "timestamp": 1766188726352}, {"id": "547343677", "price": 0.3765, "amount": 38.0, "side": "buy", "timestamp": 1766188727680}, {"id": "547343678", "price": 0.3765, "amount": 179.0, "side": "buy", "timestamp": 1766188730478}, {"id": "547343679", "price": 0.3764, "amount": 34.0, "side": "sell", "timestamp": 1766188731683}, {"id": "547343680", "price": 0.3764, "amount": 24.0, "side": "sell", "timestamp": 1766188732862}, {"id": "547343681", "price": 0.3765, "amount": 33.0, "side": "buy", "timestamp": 1766188734282}, {"id": "547343682", "price": 0.3765, "amount": 2.0, "side": "buy", "timestamp": 1766188734637}, {"id": "547343683", "price": 0.3765, "amount": 24.0, "side": "buy", "timestamp": 1766188735033}, {"id": "547343684", "price": 0.3765, "amount": 58.0, "side": "buy", "timestamp": 1766188735747}, {"id": "547343685", "price": 0.3765, "amount": 1236.0, "side": "buy", "timestamp": 1766188738366}, {"id": "547343686", "price": 0.3764, "amount": 30.0, "side": "sell", "timestamp": 1766188741240}, {"id": "547343687", "price": 0.3764, "amount": 1428.0, "side": "sell", "timestamp": 1766188741439}, {"id": "547343688", "price": 0.3765, "amount": 156.0, "side": "buy", "timestamp": 1766188742341}, {"id": "547343689", "price": 0.3765, "amount": 1.0, "side": "buy", "timestamp": 1766188742895}, {"id": "547343690", "price": 0.3765, "amount": 179.0, "side": "buy", "timestamp": 1766188743102}, {"id": "547343691", "price": 0.3765, "amount": 14.0, "side": "buy", "timestamp": 1766188743217}, {"id": "547343692", "price": 0.3765, "amount": 6.0, "side": "buy", "timestamp": 1766188744309}, {"id": "547343693", "price": 0.3765, "amount": 22.0, "side": "buy", "timestamp": 1766188744761}, {"id": "547343694", "price": 0.3765, "amount": 16.0, "side": "buy", "timestamp": 1766188745125}, {"id": "547343695", "price": 0.3765, "amount": 28.0, "side": "buy", "timestamp": 1766188745739}, {"id": "547343696", "price": 0.3764, "amount": 17.0, "side": "sell", "timestamp": 1766188746738}, {"id": "547343697", "price": 0.3765, "amount": 4.0, "side": "buy", "timestamp": 1766188747263}, {"id": "547343698", "price": 0.3764, "amount": 344.0, "side": "sell", "timestamp": 1766188748075}, {"id": "547343699", "price": 0.3764, "amount": 46.0, "side": "sell", "timestamp": 1766188749901}, {"id": "547343700", "price": 0.3764, "amount": 17.0, "side": "sell", "timestamp": 1766188750026}, {"id": "547343701", "price": 0.3765, "amount": 2.0, "side": "buy", "timestamp": 1766188751718}, {"id": "547343702", "price": 0.3765, "amount": 1.0, "side": "buy", "timestamp": 1766188753089}, {"id": "547343703", "price": 0.3765, "amount": 8.0, "side": "buy", "timestamp": 1766188754046}, {"id": "547343704", "price": 0.3765, "amount": 15.0, "side": "buy", "timestamp": 1766188754897}, {"id": "547343705", "price": 0.3765, "amount": 313.0, "side": "buy", "timestamp": 1766188755715}, {"id": "547343706", "price": 0.3765, "amount": 2.0, "side": "buy", "timestamp": 1766188756351}, {"id": "547343707", "price": 0.3765, "amount": 15.0, "side": "buy", "timestamp": 1766188757349}, {"id": "547343708", "price": 0.3765, "amount": 2.0, "side": "buy", "timestamp": 1766188758895}, {"id": "547343709", "price": 0.3765, "amount": 2022.0, "side": "buy", "timestamp": 1766188759093}, {"id": "547343710", "price": 0.3765, "amount": 49505.0, "side": "buy", "timestamp": 1766188759472}, {"id": "547343711", "price": 0.3765, "amount": 531.0, "side": "sell", "timestamp": 1766188759786}, {"id": "547343712", "price": 0.3765, "amount": 1237.0, "side": "sell", "timestamp": 1766188761192}, {"id": "547343713", "price": 0.3766, "amount": 10.0, "side": "buy", "timestamp": 1766188761794}, {"id": "547343714", "price": 0.3766, "amount": 27.0, "side": "buy", "timestamp": 1766188762600}, {"id": "547343715", "price": 0.3766, "amount": 16.0, "side": "buy", "timestamp": 1766188763204}, {"id": "547343716", "price": 0.3766, "amount": 32.0, "side": "buy", "timestamp": 1766188763671}, {"id": "547343717", "price": 0.3766, "amount": 1.0, "side": "buy", "timestamp": 1766188764064}, {"id": "547343718", "price": 0.3766, "amount": 4.0, "side": "buy", "timestamp": 1766188765258}, {"id": "547343719", "price": 0.3766, "amount": 179.0, "side": "buy", "timestamp": 1766188768034}, {"id": "547343720", "price": 0.3766, "amount": 14.0, "side": "buy", "timestamp": 1766188768733}]