[{"symbol": "ETHUSDT", "bids": [[3032.69, 146.58], [3032.68, 2.847], [3032.67, 1.407], [3032.66, 1.711], [3032.65, 0.545], [3032.64, 0.031], [3032.63, 1.082], [3032.62, 0.122], [3032.61, 1.536], [3032.6, 0.377], [3032.59, 3.26], [3032.58, 3.237], [3032.57, 3.656], [3032.56, 0.032], [3032.55, 2.436], [3032.54, 0.021], [3032.53, 0.071], [3032.52, 7.255], [3032.51, 6.794], [3032.5, 1.506]], "asks": [[3032.7, 0.217], [3032.71, 0.007], [3032.74, 0.369], [3032.75, 0.007], [3032.76, 0.014], [3032.77, 0.928], [3032.78, 0.007], [3032.79, 0.014], [3032.8, 0.039], [3032.81, 0.015], [3032.83, 0.008], [3032.85, 0.015], [3032.86, 0.053], [3032.87, 0.047], [3032.88, 0.178], [3032.89, 0.007], [3032.9, 0.809], [3032.91, 4.434], [3032.92, 0.082], [3032.93, 0.036]], "timestamp": "2025-12-06T04:50:43.905747+00:00"}, {"symbol": "ETHUSDT", "bids": [[3032.64, 20.942], [3032.63, 0.008], [3032.61, 0.053], [3032.6, 1.0], [3032.59, 0.009], [3032.58, 0.021], [3032.57, 0.088], [3032.56, 0.022], [3032.55, 0.346], [3032.54, 0.363], [3032.53, 0.047], [3032.52, 0.028], [3032.51, 3.246], [3032.5, 10.021], [3032.49, 0.1], [3032.48, 0.015], [3032.47, 0.673], [3032.46, 0.166], [3032.45, 4.136], [3032.44, 0.029]], "asks": [[3032.65, 42.974], [3032.66, 0.06], [3032.67, 1.511], [3032.68, 1.319], [3032.69, 0.014], [3032.7, 12.539], [3032.71, 0.028], [3032.72, 33.25], [3032.73, 0.014], [3032.74, 0.039], [3032.75, 1.673], [3032.76, 5.841], [3032.77, 7.417], [3032.78, 30.078], [3032.79, 0.096], [3032.8, 2.559], [3032.81, 1.326], [3032.82, 1.101], [3032.83, 0.142], [3032.85, 15.112]], "timestamp": "2025-12-06T04:51:25.222745+00:00"}, {"symbol": "ETHUSDT", "bids": [[3031.62, 71.339], [3031.61, 0.395], [3031.6, 0.693], [3031.59, 1.378], [3031.58, 3.623], [3031.57, 0.007], [3031.56, 0.22], [3031.55, 0.73], [3031.54, 0.007], [3031.53, 0.329], [3031.52, 0.022], [3031.51, 0.088], [3031.5, 7.327], [3031.49, 0.215], [3031.48, 5.294], [3031.47, 0.438], [3031.46, 4.585], [3031.45, 0.021], [3031.44, 0.023], [3031.43, 0.008]], "asks": [[3031.63, 7.284], [3031.64, 0.015], [3031.65, 0.007], [3031.66, 0.014], [3031.67, 0.039], [3031.69, 0.014], [3031.71, 0.053], [3031.72, 0.421], [3031.73, 0.017], [3031.74, 0.014], [3031.75, 0.053], [3031.76, 0.015], [3031.77, 0.014], [3031.78, 0.09], [3031.8, 0.075], [3031.81, 0.014], [3031.83, 0.201], [3031.84, 0.484], [3031.85, 0.792], [3031.86, 0.014]], "timestamp": "2025-12-06T04:52:16.287545+00:00"}, {"symbol": "ETHUSDT", "bids": [[3033.18, 23.259], [3033.17, 5.374], [3033.16, 0.007], [3033.15, 0.007], [3033.13, 0.007], [3033.12, 0.378], [3033.11, 0.805], [3033.1, 1.028], [3033.08, 5.053], [3033.07, 0.024], [3033.04, 0.05], [3033.03, 0.085], [3033.02, 0.36], [3033.01, 0.082], [3033.0, 3.159], [3032.99, 0.078], [3032.98, 0.043], [3032.96, 4.751], [3032.95, 0.987], [3032.94, 0.022]], "asks": [[3033.19, 70.04], [3033.2, 40.459], [3033.21, 31.014], [3033.22, 30.435], [3033.23, 0.034], [3033.24, 1.002], [3033.25, 11.839], [3033.27, 0.772], [3033.28, 0.008], [3033.29, 0.341], [3033.3, 9.235], [3033.31, 8.458], [3033.32, 1.343], [3033.33, 0.511], [3033.34, 2.552], [3033.35, 0.049], [3033.36, 0.41], [3033.37, 15.004], [3033.38, 0.022], [3033.39, 4.833]], "timestamp": "2025-12-06T04:53:07.565464+00:00"}, {"symbol": "ETHUSDT", "bids": [[3033.02, 29.334], [3033.01, 0.061], [3033.0, 14.707], [3032.99, 0.085], [3032.98, 1.028], [3032.96, 0.014], [3032.95, 4.147], [3032.94, 0.207], [3032.93, 0.017], [3032.92, 0.023], [3032.91, 0.022], [3032.9, 5.451], [3032.89, 3.43], [3032.88, 1.062], [3032.87, 3.44], [3032.86, 0.008], [3032.85, 0.357], [3032.84, 1.98], [3032.83, 4.412], [3032.82, 0.058]], "asks": [[3033.03, 41.202], [3033.04, 0.007], [3033.05, 1.039], [3033.06, 1.328], [3033.08, 1.319], [3033.1, 0.046], [3033.11, 0.014], [3033.12, 0.009], [3033.13, 0.024], [3033.14, 1.688], [3033.15, 0.007], [3033.16, 7.566], [3033.17, 0.067], [3033.18, 17.703], [3033.19, 0.021], [3033.2, 18.816], [3033.21, 0.218], [3033.22, 1.003], [3033.24, 0.676], [3033.25, 2.116]], "timestamp": "2025-12-06T04:53:58.727135+00:00"}, {"symbol": "ETHUSDT", "bids": [[3033.49, 56.842], [3033.48, 0.233], [3033.47, 1.339], [3033.46, 0.014], [3033.45, 0.007], [3033.43, 0.053], [3033.42, 1.01], [3033.4, 0.383], [3033.39, 3.653], [3033.38, 3.418], [3033.37, 0.007], [3033.36, 0.009], [3033.35, 2.198], [3033.34, 2.185], [3033.33, 5.274], [3033.32, 2.169], [3033.31, 3.676], [3033.3, 2.825], [3033.29, 0.008], [3033.28, 2.217]], "asks": [[3033.5, 17.211], [3033.51, 1.348], [3033.52, 1.039], [3033.53, 0.56], [3033.54, 0.032], [3033.55, 0.508], [3033.56, 1.546], [3033.57, 0.039], [3033.58, 0.014], [3033.59, 0.12], [3033.6, 0.062], [3033.61, 0.89], [3033.62, 1.319], [3033.63, 0.381], [3033.64, 0.143], [3033.65, 0.587], [3033.66, 0.704], [3033.67, 3.291], [3033.68, 1.565], [3033.69, 0.303]], "timestamp": "2025-12-06T04:54:49.891654+00:00"}, {"symbol": "ETHUSDT", "bids": [[3034.46, 7.467], [3034.45, 0.047], [3034.44, 0.327], [3034.43, 0.014], [3034.41, 0.007], [3034.4, 0.007], [3034.39, 0.046], [3034.38, 0.021], [3034.37, 3.288], [3034.35, 0.085], [3034.34, 0.018], [3034.32, 2.832], [3034.31, 3.334], [3034.3, 0.054], [3034.29, 0.014], [3034.27, 0.015], [3034.26, 1.686], [3034.25, 3.679], [3034.24, 0.039], [3034.23, 0.029]], "asks": [[3034.47, 83.873], [3034.48, 0.053], [3034.49, 1.319], [3034.5, 0.021], [3034.51, 5.013], [3034.52, 0.039], [3034.55, 1.661], [3034.56, 1.319], [3034.57, 3.498], [3034.58, 3.146], [3034.59, 4.396], [3034.6, 23.945], [3034.61, 2.51], [3034.62, 0.5], [3034.63, 0.211], [3034.64, 0.022], [3034.65, 7.078], [3034.66, 20.023], [3034.67, 21.921], [3034.68, 0.135]], "timestamp": "2025-12-06T04:55:41.632671+00:00"}, {"symbol": "ETHUSDT", "bids": [[3034.96, 168.923], [3034.95, 0.98], [3034.94, 0.007], [3034.93, 0.039], [3034.92, 0.1], [3034.91, 0.444], [3034.9, 0.544], [3034.89, 0.203], [3034.88, 1.245], [3034.87, 0.007], [3034.86, 0.007], [3034.85, 0.038], [3034.84, 1.357], [3034.83, 0.927], [3034.82, 0.344], [3034.8, 2.684], [3034.79, 0.358], [3034.78, 1.35], [3034.77, 0.411], [3034.76, 0.085]], "asks": [[3034.97, 2.302], [3034.98, 0.054], [3034.99, 1.075], [3035.0, 1.564], [3035.02, 0.028], [3035.03, 0.049], [3035.04, 0.021], [3035.05, 0.014], [3035.06, 0.09], [3035.07, 3.328], [3035.08, 0.344], [3035.1, 0.196], [3035.11, 0.085], [3035.12, 0.014], [3035.13, 1.325], [3035.14, 0.01], [3035.15, 0.036], [3035.16, 1.384], [3035.17, 2.113], [3035.18, 0.043]], "timestamp": "2025-12-06T04:56:32.739960+00:00"}, {"symbol": "ETHUSDT", "bids": [[3034.81, 150.773], [3034.8, 4.886], [3034.79, 2.905], [3034.76, 0.06], [3034.74, 1.325], [3034.73, 6.284], [3034.72, 2.715], [3034.71, 2.345], [3034.7, 0.397], [3034.68, 5.472], [3034.67, 0.179], [3034.66, 2.541], [3034.65, 4.982], [3034.64, 4.232], [3034.63, 9.321], [3034.62, 20.201], [3034.61, 7.189], [3034.6, 2.756], [3034.59, 3.597], [3034.58, 0.035]], "asks": [[3034.82, 3.401], [3034.83, 0.015], [3034.84, 0.014], [3034.87, 0.007], [3034.88, 0.039], [3034.89, 0.014], [3034.9, 0.014], [3034.92, 1.343], [3034.93, 0.014], [3034.94, 0.015], [3034.95, 0.497], [3034.96, 0.014], [3034.97, 0.33], [3034.98, 1.327], [3034.99, 0.091], [3035.0, 4.355], [3035.01, 0.178], [3035.02, 0.014], [3035.03, 0.061], [3035.04, 1.686]], "timestamp": "2025-12-06T04:57:24.452835+00:00"}, {"symbol": "ETHUSDT", "bids": [[3034.8, 47.879], [3034.79, 4.505], [3034.78, 1.0], [3034.76, 3.304], [3034.75, 1.318], [3034.74, 0.762], [3034.73, 0.368], [3034.72, 0.107], [3034.71, 0.172], [3034.7, 0.406], [3034.68, 9.058], [3034.67, 4.269], [3034.66, 6.852], [3034.65, 4.209], [3034.64, 3.334], [3034.63, 5.427], [3034.62, 6.982], [3034.61, 3.698], [3034.6, 1.87], [3034.59, 0.172]], "asks": [[3034.81, 3.215], [3034.82, 0.007], [3034.83, 0.039], [3034.84, 0.014], [3034.87, 1.372], [3034.89, 1.014], [3034.9, 0.014], [3034.91, 3.063], [3034.92, 0.721], [3034.93, 1.333], [3034.94, 0.022], [3034.95, 0.077], [3034.96, 0.282], [3034.98, 0.014], [3034.99, 4.648], [3035.0, 8.071], [3035.01, 0.854], [3035.02, 0.014], [3035.03, 25.482], [3035.04, 166.815]], "timestamp": "2025-12-06T04:58:16.535885+00:00"}, {"symbol": "ETHUSDT", "bids": [[3035.02, 52.401], [3035.01, 2.795], [3035.0, 2.098], [3034.99, 2.149], [3034.98, 0.039], [3034.97, 0.021], [3034.96, 2.072], [3034.95, 0.007], [3034.94, 1.13], [3034.93, 0.391], [3034.92, 0.014], [3034.91, 0.017], [3034.9, 0.712], [3034.89, 0.164], [3034.88, 1.302], [3034.86, 0.053], [3034.85, 0.377], [3034.84, 0.014], [3034.82, 0.067], [3034.81, 0.338]], "asks": [[3035.03, 130.842], [3035.04, 96.566], [3035.05, 0.028], [3035.07, 0.008], [3035.08, 0.383], [3035.09, 1.332], [3035.1, 0.021], [3035.11, 0.014], [3035.12, 3.05], [3035.13, 4.639], [3035.15, 2.129], [3035.16, 0.015], [3035.17, 3.566], [3035.18, 3.464], [3035.19, 0.393], [3035.2, 2.329], [3035.21, 0.11], [3035.22, 0.416], [3035.23, 2.893], [3035.24, 0.028]], "timestamp": "2025-12-06T04:59:07.840531+00:00"}, {"symbol": "ETHUSDT", "bids": [[3035.03, 207.569], [3035.02, 1.656], [3035.01, 0.365], [3035.0, 0.101], [3034.99, 1.439], [3034.98, 1.742], [3034.97, 0.103], [3034.96, 1.332], [3034.95, 0.995], [3034.94, 0.053], [3034.93, 0.33], [3034.92, 0.691], [3034.91, 1.567], [3034.9, 0.022], [3034.89, 0.245], [3034.88, 4.378], [3034.86, 1.34], [3034.85, 0.415], [3034.83, 0.014], [3034.82, 2.49]], "asks": [[3035.04, 97.759], [3035.05, 0.053], [3035.06, 0.018], [3035.07, 0.008], [3035.08, 0.472], [3035.09, 0.014], [3035.1, 0.021], [3035.11, 0.024], [3035.12, 0.122], [3035.13, 4.629], [3035.14, 0.049], [3035.15, 0.811], [3035.16, 0.172], [3035.17, 0.008], [3035.18, 0.096], [3035.19, 0.329], [3035.2, 1.741], [3035.21, 0.135], [3035.22, 0.376], [3035.23, 1.73]], "timestamp": "2025-12-06T04:59:58.910899+00:00"}, {"symbol": "ETHUSDT", "bids": [[3035.73, 51.114], [3035.72, 1.08], [3035.71, 0.098], [3035.7, 6.676], [3035.69, 0.039], [3035.68, 2.106], [3035.67, 0.021], [3035.66, 3.601], [3035.65, 3.646], [3035.64, 0.578], [3035.63, 1.724], [3035.62, 2.52], [3035.61, 1.347], [3035.6, 1.418], [3035.59, 16.541], [3035.58, 3.059], [3035.57, 2.433], [3035.56, 6.807], [3035.55, 1.783], [3035.54, 4.139]], "asks": [[3035.74, 6.17], [3035.75, 0.06], [3035.78, 0.007], [3035.79, 0.039], [3035.81, 0.014], [3035.82, 0.672], [3035.84, 0.024], [3035.85, 0.393], [3035.86, 0.039], [3035.87, 0.022], [3035.88, 0.171], [3035.9, 1.767], [3035.91, 0.344], [3035.92, 0.053], [3035.93, 2.624], [3035.94, 0.343], [3035.95, 1.354], [3035.96, 0.07], [3035.97, 0.36], [3035.98, 0.007]], "timestamp": "2025-12-06T05:00:50.451623+00:00"}, {"symbol": "ETHUSDT", "bids": [[3036.99, 148.742], [3036.98, 1.535], [3036.97, 1.447], [3036.96, 0.039], [3036.95, 1.738], [3036.94, 0.014], [3036.93, 0.329], [3036.92, 0.014], [3036.91, 0.014], [3036.9, 0.972], [3036.89, 1.838], [3036.88, 1.055], [3036.86, 0.015], [3036.85, 0.028], [3036.84, 0.09], [3036.82, 0.022], [3036.81, 0.021], [3036.8, 0.464], [3036.79, 0.052], [3036.78, 0.008]], "asks": [[3037.0, 965.778], [3037.01, 0.653], [3037.02, 0.384], [3037.03, 0.034], [3037.04, 0.014], [3037.05, 0.064], [3037.07, 0.022], [3037.08, 0.007], [3037.09, 0.1], [3037.1, 0.45], [3037.11, 1.173], [3037.12, 0.867], [3037.13, 0.054], [3037.14, 1.396], [3037.15, 2.005], [3037.16, 0.017], [3037.17, 0.062], [3037.18, 0.038], [3037.19, 2.253], [3037.2, 1.023]], "timestamp": "2025-12-06T05:01:41.937280+00:00"}, {"symbol": "ETHUSDT", "bids": [[3036.14, 16.001], [3036.13, 0.611], [3036.12, 1.841], [3036.11, 0.1], [3036.09, 0.014], [3036.08, 0.039], [3036.06, 0.028], [3036.04, 0.254], [3036.03, 1.413], [3036.02, 0.405], [3036.01, 0.015], [3036.0, 2.633], [3035.99, 0.007], [3035.98, 0.039], [3035.97, 0.448], [3035.96, 0.017], [3035.94, 0.192], [3035.93, 0.697], [3035.92, 0.825], [3035.91, 0.187]], "asks": [[3036.15, 47.15], [3036.16, 0.046], [3036.17, 0.007], [3036.2, 3.436], [3036.21, 4.014], [3036.23, 0.024], [3036.24, 0.79], [3036.25, 0.064], [3036.26, 3.834], [3036.27, 0.028], [3036.29, 4.405], [3036.3, 7.058], [3036.31, 4.528], [3036.32, 7.859], [3036.33, 4.197], [3036.34, 0.007], [3036.35, 2.627], [3036.36, 1.393], [3036.37, 0.139], [3036.38, 16.524]], "timestamp": "2025-12-06T05:02:33.054936+00:00"}, {"symbol": "ETHUSDT", "bids": [[3035.0, 49.116], [3034.99, 0.054], [3034.98, 1.059], [3034.97, 5.632], [3034.96, 0.243], [3034.95, 1.021], [3034.94, 3.695], [3034.92, 7.479], [3034.91, 1.512], [3034.9, 12.298], [3034.89, 1.149], [3034.88, 4.009], [3034.87, 0.014], [3034.86, 0.337], [3034.85, 0.41], [3034.84, 2.092], [3034.82, 3.663], [3034.81, 1.148], [3034.8, 7.989], [3034.79, 1.346]], "asks": [[3035.01, 51.814], [3035.02, 2.476], [3035.05, 0.007], [3035.06, 0.039], [3035.08, 5.624], [3035.09, 1.343], [3035.1, 1.125], [3035.11, 0.07], [3035.12, 0.014], [3035.13, 1.318], [3035.14, 0.015], [3035.15, 0.053], [3035.16, 0.672], [3035.18, 1.684], [3035.19, 0.007], [3035.2, 0.843], [3035.21, 3.302], [3035.22, 20.503], [3035.23, 0.022], [3035.24, 1.371]], "timestamp": "2025-12-06T05:03:24.349665+00:00"}, {"symbol": "ETHUSDT", "bids": [[3034.18, 18.853], [3034.17, 0.055], [3034.16, 0.393], [3034.15, 0.03], [3034.14, 4.168], [3034.13, 0.053], [3034.1, 0.981], [3034.09, 13.39], [3034.08, 3.911], [3034.07, 0.046], [3034.06, 1.816], [3034.05, 3.839], [3034.04, 0.106], [3034.03, 0.859], [3034.02, 0.174], [3034.01, 1.058], [3034.0, 5.559], [3033.99, 1.776], [3033.98, 3.945], [3033.97, 0.486]], "asks": [[3034.19, 84.199], [3034.2, 0.042], [3034.21, 0.024], [3034.23, 0.659], [3034.24, 3.153], [3034.25, 1.74], [3034.26, 2.444], [3034.27, 0.035], [3034.3, 1.723], [3034.31, 0.114], [3034.32, 0.547], [3034.33, 0.391], [3034.34, 2.566], [3034.35, 1.49], [3034.36, 0.352], [3034.37, 0.053], [3034.38, 3.501], [3034.39, 3.305], [3034.4, 4.597], [3034.41, 14.087]], "timestamp": "2025-12-06T05:04:15.804123+00:00"}, {"symbol": "ETHUSDT", "bids": [[3034.99, 215.926], [3034.98, 9.625], [3034.97, 4.893], [3034.96, 1.318], [3034.95, 0.007], [3034.94, 0.014], [3034.93, 0.55], [3034.92, 0.009], [3034.91, 0.616], [3034.9, 0.021], [3034.89, 1.335], [3034.88, 0.035], [3034.87, 1.971], [3034.85, 1.799], [3034.84, 0.962], [3034.82, 0.821], [3034.81, 1.451], [3034.8, 21.38], [3034.79, 0.171], [3034.78, 20.222]], "asks": [[3035.0, 3.17], [3035.01, 0.007], [3035.02, 0.053], [3035.05, 0.007], [3035.06, 0.039], [3035.07, 0.008], [3035.08, 0.093], [3035.09, 0.041], [3035.1, 0.474], [3035.11, 0.053], [3035.12, 0.008], [3035.13, 0.046], [3035.14, 0.015], [3035.15, 0.039], [3035.16, 0.022], [3035.18, 0.022], [3035.19, 0.343], [3035.2, 0.397], [3035.23, 0.029], [3035.24, 0.136]], "timestamp": "2025-12-06T05:05:07.271358+00:00"}, {"symbol": "ETHUSDT", "bids": [[3035.59, 80.368], [3035.58, 5.408], [3035.57, 1.0], [3035.56, 1.28], [3035.55, 1.116], [3035.54, 0.017], [3035.53, 0.45], [3035.52, 0.014], [3035.51, 0.014], [3035.5, 1.771], [3035.49, 0.069], [3035.48, 0.261], [3035.46, 0.551], [3035.45, 0.13], [3035.44, 1.48], [3035.43, 3.016], [3035.42, 0.359], [3035.41, 5.846], [3035.4, 5.516], [3035.39, 1.374]], "asks": [[3035.6, 66.941], [3035.61, 0.231], [3035.62, 0.181], [3035.63, 0.028], [3035.64, 1.318], [3035.65, 0.021], [3035.66, 0.021], [3035.67, 0.053], [3035.68, 0.567], [3035.69, 0.014], [3035.7, 1.36], [3035.71, 0.029], [3035.72, 0.028], [3035.73, 0.008], [3035.74, 1.053], [3035.75, 2.013], [3035.76, 0.036], [3035.77, 0.096], [3035.78, 0.35], [3035.79, 0.084]], "timestamp": "2025-12-06T05:05:58.443020+00:00"}, {"symbol": "ETHUSDT", "bids": [[3034.62, 17.52], [3034.61, 0.203], [3034.6, 0.018], [3034.59, 0.081], [3034.58, 0.248], [3034.56, 0.009], [3034.55, 0.035], [3034.54, 1.383], [3034.53, 7.24], [3034.52, 0.841], [3034.51, 0.032], [3034.5, 4.829], [3034.49, 0.082], [3034.48, 0.014], [3034.47, 0.015], [3034.46, 0.281], [3034.45, 3.869], [3034.44, 0.661], [3034.43, 0.695], [3034.42, 0.021]], "asks": [[3034.63, 90.668], [3034.64, 0.351], [3034.65, 0.007], [3034.66, 1.328], [3034.67, 3.489], [3034.68, 1.319], [3034.69, 0.041], [3034.7, 0.007], [3034.71, 0.014], [3034.72, 0.422], [3034.73, 0.017], [3034.74, 1.333], [3034.75, 0.007], [3034.76, 0.515], [3034.77, 0.014], [3034.78, 1.365], [3034.79, 0.255], [3034.8, 0.405], [3034.81, 8.462], [3034.82, 54.945]], "timestamp": "2025-12-06T05:06:49.856678+00:00"}, {"symbol": "ETHUSDT", "bids": [[3034.91, 3.844], [3034.9, 0.018], [3034.89, 1.768], [3034.88, 0.014], [3034.85, 0.053], [3034.84, 0.014], [3034.83, 0.123], [3034.82, 0.007], [3034.81, 0.007], [3034.8, 3.496], [3034.79, 0.071], [3034.78, 0.024], [3034.77, 0.306], [3034.76, 11.919], [3034.75, 1.35], [3034.74, 1.002], [3034.73, 0.021], [3034.72, 1.289], [3034.71, 0.068], [3034.7, 0.435]], "asks": [[3034.92, 52.635], [3034.93, 0.135], [3034.94, 1.374], [3034.95, 0.007], [3034.96, 0.514], [3034.97, 0.007], [3034.98, 0.047], [3034.99, 0.021], [3035.0, 4.369], [3035.01, 8.682], [3035.02, 3.243], [3035.03, 3.314], [3035.04, 11.019], [3035.05, 4.894], [3035.06, 3.607], [3035.07, 10.09], [3035.08, 0.365], [3035.09, 0.563], [3035.1, 5.961], [3035.11, 1.421]], "timestamp": "2025-12-06T05:07:41.168456+00:00"}, {"symbol": "ETHUSDT", "bids": [[3034.65, 81.038], [3034.64, 3.572], [3034.63, 0.362], [3034.62, 2.334], [3034.61, 1.421], [3034.6, 0.007], [3034.59, 0.2], [3034.58, 0.926], [3034.57, 1.623], [3034.56, 1.377], [3034.55, 3.157], [3034.54, 2.233], [3034.53, 2.253], [3034.52, 2.506], [3034.51, 5.596], [3034.5, 8.069], [3034.49, 0.089], [3034.48, 0.673], [3034.46, 0.389], [3034.45, 0.421]], "asks": [[3034.66, 20.29], [3034.67, 0.007], [3034.68, 0.039], [3034.69, 0.014], [3034.72, 1.069], [3034.73, 6.575], [3034.74, 0.028], [3034.75, 0.014], [3034.76, 8.256], [3034.78, 0.014], [3034.79, 0.014], [3034.8, 0.594], [3034.81, 0.035], [3034.82, 0.345], [3034.84, 0.067], [3034.85, 2.728], [3034.86, 0.337], [3034.87, 0.028], [3034.89, 0.055], [3034.9, 1.684]], "timestamp": "2025-12-06T05:08:32.379450+00:00"}, {"symbol": "ETHUSDT", "bids": [[3035.32, 91.34], [3035.31, 5.624], [3035.3, 1.028], [3035.29, 0.174], [3035.28, 1.963], [3035.26, 0.2], [3035.25, 0.043], [3035.24, 0.048], [3035.23, 4.126], [3035.22, 0.014], [3035.21, 0.024], [3035.2, 12.663], [3035.19, 0.391], [3035.18, 0.15], [3035.17, 1.135], [3035.16, 1.294], [3035.15, 0.061], [3035.13, 0.281], [3035.12, 0.7], [3035.11, 0.378]], "asks": [[3035.33, 41.755], [3035.34, 0.015], [3035.36, 0.014], [3035.37, 1.039], [3035.38, 1.727], [3035.39, 0.324], [3035.4, 1.528], [3035.41, 0.032], [3035.42, 0.053], [3035.43, 0.421], [3035.44, 1.332], [3035.45, 0.014], [3035.46, 0.712], [3035.47, 0.014], [3035.48, 0.344], [3035.49, 1.346], [3035.5, 0.475], [3035.51, 0.147], [3035.52, 0.022], [3035.54, 1.393]], "timestamp": "2025-12-06T05:09:23.795648+00:00"}, {"symbol": "ETHUSDT", "bids": [[3036.23, 254.212], [3036.22, 4.309], [3036.21, 0.039], [3036.2, 0.007], [3036.19, 0.085], [3036.18, 1.592], [3036.17, 0.039], [3036.15, 0.103], [3036.14, 0.014], [3036.12, 0.045], [3036.11, 0.039], [3036.1, 0.437], [3036.09, 0.157], [3036.08, 0.457], [3036.07, 0.092], [3036.06, 1.288], [3036.05, 0.391], [3036.04, 0.168], [3036.03, 1.073], [3036.02, 0.22]], "asks": [[3036.24, 46.345], [3036.25, 0.209], [3036.26, 1.353], [3036.27, 0.014], [3036.28, 0.007], [3036.29, 0.239], [3036.3, 0.045], [3036.31, 0.674], [3036.32, 1.339], [3036.33, 0.225], [3036.34, 2.85], [3036.35, 0.376], [3036.36, 0.612], [3036.37, 1.686], [3036.38, 0.358], [3036.39, 0.683], [3036.4, 2.812], [3036.41, 0.621], [3036.42, 4.17], [3036.43, 3.923]], "timestamp": "2025-12-06T05:10:15.041757+00:00"}, {"symbol": "ETHUSDT", "bids": [[3036.99, 115.931], [3036.98, 0.557], [3036.97, 1.375], [3036.96, 0.082], [3036.95, 2.202], [3036.94, 0.014], [3036.92, 0.014], [3036.91, 0.053], [3036.9, 2.749], [3036.89, 1.003], [3036.88, 0.038], [3036.87, 12.858], [3036.86, 0.015], [3036.85, 0.616], [3036.82, 0.557], [3036.81, 0.056], [3036.8, 0.051], [3036.79, 0.528], [3036.78, 0.808], [3036.77, 0.047]], "asks": [[3037.0, 55.568], [3037.01, 3.026], [3037.02, 3.475], [3037.03, 0.33], [3037.04, 2.42], [3037.05, 2.046], [3037.07, 0.029], [3037.08, 1.332], [3037.09, 0.114], [3037.1, 0.031], [3037.11, 0.366], [3037.12, 0.548], [3037.13, 1.411], [3037.14, 0.055], [3037.15, 2.56], [3037.16, 0.038], [3037.17, 0.104], [3037.18, 3.115], [3037.19, 5.377], [3037.2, 10.487]], "timestamp": "2025-12-06T05:11:06.391681+00:00"}, {"symbol": "ETHUSDT", "bids": [[3036.99, 68.455], [3036.98, 8.781], [3036.97, 0.799], [3036.96, 0.045], [3036.95, 0.297], [3036.94, 0.855], [3036.93, 75.701], [3036.92, 0.021], [3036.91, 0.031], [3036.9, 1.459], [3036.89, 0.095], [3036.88, 0.252], [3036.87, 1.602], [3036.86, 0.008], [3036.85, 0.074], [3036.84, 0.349], [3036.83, 0.315], [3036.82, 1.455], [3036.81, 0.348], [3036.8, 0.021]], "asks": [[3037.0, 12.636], [3037.01, 0.007], [3037.02, 0.014], [3037.03, 0.007], [3037.04, 0.518], [3037.05, 0.586], [3037.08, 2.592], [3037.1, 4.831], [3037.11, 4.391], [3037.12, 0.08], [3037.13, 1.656], [3037.14, 0.075], [3037.15, 6.115], [3037.16, 0.987], [3037.17, 0.028], [3037.18, 5.728], [3037.19, 0.023], [3037.2, 0.035], [3037.21, 0.358], [3037.22, 0.039]], "timestamp": "2025-12-06T05:11:58.306255+00:00"}, {"symbol": "ETHUSDT", "bids": [[3036.6, 0.075], [3036.59, 0.437], [3036.58, 0.06], [3036.57, 0.443], [3036.55, 0.376], [3036.54, 0.056], [3036.53, 1.758], [3036.52, 5.005], [3036.51, 0.016], [3036.5, 4.947], [3036.49, 1.114], [3036.48, 0.362], [3036.46, 0.389], [3036.45, 0.838], [3036.44, 3.936], [3036.43, 4.524], [3036.42, 0.022], [3036.4, 0.082], [3036.39, 4.594], [3036.37, 0.022]], "asks": [[3036.61, 179.067], [3036.62, 1.125], [3036.64, 39.126], [3036.65, 39.583], [3036.66, 0.007], [3036.67, 20.007], [3036.68, 4.616], [3036.69, 0.16], [3036.7, 1.038], [3036.72, 0.014], [3036.73, 1.357], [3036.74, 0.251], [3036.75, 2.978], [3036.76, 0.024], [3036.77, 0.035], [3036.78, 1.371], [3036.79, 2.11], [3036.8, 0.007], [3036.81, 0.022], [3036.82, 5.462]], "timestamp": "2025-12-06T05:12:50.126198+00:00"}, {"symbol": "ETHUSDT", "bids": [[3037.27, 14.776], [3037.26, 0.203], [3037.24, 0.014], [3037.23, 1.096], [3037.22, 0.039], [3037.21, 0.014], [3037.2, 0.35], [3037.19, 5.684], [3037.18, 0.053], [3037.17, 0.35], [3037.16, 2.015], [3037.15, 2.903], [3037.14, 4.408], [3037.13, 2.959], [3037.12, 3.821], [3037.11, 0.046], [3037.1, 0.021], [3037.09, 0.583], [3037.08, 5.125], [3037.07, 0.014]], "asks": [[3037.28, 97.603], [3037.29, 3.099], [3037.3, 4.911], [3037.31, 3.589], [3037.32, 0.329], [3037.33, 0.007], [3037.35, 0.007], [3037.36, 0.871], [3037.38, 0.014], [3037.39, 0.032], [3037.4, 0.014], [3037.41, 26.917], [3037.42, 69.992], [3037.43, 21.093], [3037.45, 0.008], [3037.46, 0.046], [3037.47, 20.589], [3037.48, 2.558], [3037.49, 20.01], [3037.5, 23.81]], "timestamp": "2025-12-06T05:13:41.868228+00:00"}, {"symbol": "ETHUSDT", "bids": [[3037.35, 5.679], [3037.34, 0.093], [3037.32, 0.017], [3037.31, 0.007], [3037.3, 0.133], [3037.29, 0.019], [3037.28, 0.018], [3037.27, 1.047], [3037.26, 0.029], [3037.25, 2.241], [3037.24, 0.024], [3037.23, 4.141], [3037.22, 0.988], [3037.21, 0.082], [3037.2, 4.44], [3037.19, 1.675], [3037.18, 3.087], [3037.17, 6.032], [3037.16, 0.01], [3037.15, 1.206]], "asks": [[3037.36, 85.911], [3037.37, 1.157], [3037.38, 1.111], [3037.4, 0.007], [3037.41, 1.388], [3037.43, 7.063], [3037.44, 23.293], [3037.45, 1.675], [3037.46, 0.046], [3037.47, 2.195], [3037.48, 3.126], [3037.49, 0.179], [3037.5, 3.457], [3037.51, 16.974], [3037.52, 16.502], [3037.53, 3.607], [3037.54, 23.17], [3037.55, 0.502], [3037.56, 0.046], [3037.57, 5.833]], "timestamp": "2025-12-06T05:14:33.447399+00:00"}, {"symbol": "ETHUSDT", "bids": [[3037.28, 0.406], [3037.27, 0.022], [3037.24, 0.053], [3037.22, 0.009], [3037.21, 0.007], [3037.2, 0.014], [3037.18, 0.06], [3037.15, 5.339], [3037.13, 0.078], [3037.12, 0.302], [3037.11, 0.022], [3037.1, 0.337], [3037.09, 4.584], [3037.08, 0.103], [3037.06, 0.008], [3037.05, 1.603], [3037.04, 3.003], [3037.03, 4.552], [3037.02, 0.553], [3037.01, 0.008]], "asks": [[3037.29, 88.198], [3037.3, 0.77], [3037.31, 1.579], [3037.32, 28.833], [3037.33, 45.914], [3037.34, 40.875], [3037.35, 0.474], [3037.36, 1.909], [3037.37, 0.093], [3037.38, 7.431], [3037.39, 47.289], [3037.4, 0.37], [3037.41, 13.494], [3037.42, 0.014], [3037.43, 1.332], [3037.44, 1.29], [3037.45, 0.072], [3037.46, 0.231], [3037.47, 17.389], [3037.48, 12.883]], "timestamp": "2025-12-06T05:15:25.258798+00:00"}, {"symbol": "ETHUSDT", "bids": [[3036.23, 2.037], [3036.22, 0.072], [3036.21, 0.046], [3036.18, 0.014], [3036.17, 0.296], [3036.16, 0.309], [3036.15, 0.372], [3036.14, 0.364], [3036.13, 0.039], [3036.12, 5.518], [3036.11, 2.106], [3036.1, 0.498], [3036.09, 0.679], [3036.08, 0.022], [3036.06, 1.053], [3036.05, 7.261], [3036.04, 4.878], [3036.03, 0.021], [3036.02, 4.763], [3036.0, 38.789]], "asks": [[3036.24, 102.283], [3036.25, 22.342], [3036.26, 0.763], [3036.28, 0.039], [3036.29, 0.048], [3036.3, 1.356], [3036.31, 0.366], [3036.32, 0.014], [3036.33, 0.039], [3036.34, 20.403], [3036.35, 0.016], [3036.36, 4.515], [3036.37, 1.247], [3036.39, 0.029], [3036.4, 0.007], [3036.41, 1.937], [3036.42, 0.022], [3036.43, 0.735], [3036.44, 5.022], [3036.45, 0.046]], "timestamp": "2025-12-06T05:16:16.896016+00:00"}, {"symbol": "ETHUSDT", "bids": [[3034.5, 14.522], [3034.49, 0.417], [3034.48, 0.054], [3034.46, 0.046], [3034.45, 1.982], [3034.44, 1.197], [3034.43, 0.327], [3034.42, 0.01], [3034.41, 1.139], [3034.4, 3.309], [3034.39, 13.381], [3034.38, 76.474], [3034.37, 0.372], [3034.36, 0.06], [3034.35, 3.042], [3034.34, 0.007], [3034.33, 0.022], [3034.32, 0.377], [3034.31, 1.657], [3034.3, 2.75]], "asks": [[3034.51, 89.586], [3034.52, 13.135], [3034.53, 1.707], [3034.54, 13.479], [3034.55, 83.364], [3034.56, 1.028], [3034.57, 1.014], [3034.58, 0.377], [3034.59, 0.053], [3034.6, 2.123], [3034.61, 0.024], [3034.63, 0.053], [3034.64, 0.344], [3034.65, 4.123], [3034.66, 0.957], [3034.67, 1.559], [3034.68, 1.004], [3034.69, 0.029], [3034.7, 1.403], [3034.71, 0.008]], "timestamp": "2025-12-06T05:17:08.177397+00:00"}, {"symbol": "ETHUSDT", "bids": [[3032.47, 124.875], [3032.46, 0.016], [3032.45, 1.038], [3032.43, 7.363], [3032.42, 6.813], [3032.41, 6.604], [3032.4, 0.089], [3032.39, 2.001], [3032.38, 0.521], [3032.37, 12.268], [3032.36, 10.416], [3032.35, 0.103], [3032.34, 0.816], [3032.33, 0.44], [3032.32, 5.007], [3032.31, 0.391], [3032.3, 0.379], [3032.29, 3.23], [3032.28, 0.848], [3032.27, 0.232]], "asks": [[3032.48, 36.565], [3032.49, 0.107], [3032.5, 0.1], [3032.51, 1.103], [3032.52, 0.139], [3032.53, 0.1], [3032.54, 0.1], [3032.55, 0.107], [3032.56, 0.114], [3032.57, 0.1], [3032.58, 0.056], [3032.59, 0.36], [3032.6, 0.017], [3032.61, 0.015], [3032.62, 0.053], [3032.64, 0.009], [3032.65, 2.369], [3032.66, 4.591], [3032.68, 5.514], [3032.69, 0.014]], "timestamp": "2025-12-06T05:17:59.659915+00:00"}, {"symbol": "ETHUSDT", "bids": [[3032.54, 0.821], [3032.53, 0.008], [3032.52, 0.344], [3032.51, 0.048], [3032.49, 0.014], [3032.48, 0.014], [3032.47, 0.039], [3032.46, 1.638], [3032.45, 5.062], [3032.44, 0.014], [3032.43, 0.039], [3032.42, 5.068], [3032.41, 0.015], [3032.4, 0.992], [3032.39, 0.046], [3032.38, 2.542], [3032.37, 5.417], [3032.36, 0.056], [3032.35, 0.195], [3032.34, 1.459]], "asks": [[3032.55, 97.057], [3032.56, 0.06], [3032.59, 0.007], [3032.6, 6.198], [3032.61, 20.0], [3032.62, 1.372], [3032.63, 0.014], [3032.64, 0.009], [3032.65, 1.758], [3032.66, 0.211], [3032.67, 0.164], [3032.68, 20.015], [3032.69, 1.716], [3032.7, 0.414], [3032.71, 7.279], [3032.72, 0.039], [3032.73, 3.574], [3032.74, 4.319], [3032.75, 1.778], [3032.76, 41.526]], "timestamp": "2025-12-06T05:18:51.201865+00:00"}, {"symbol": "ETHUSDT", "bids": [[3033.14, 153.664], [3033.13, 1.798], [3033.12, 0.893], [3033.11, 2.405], [3033.1, 0.458], [3033.08, 0.092], [3033.07, 0.706], [3033.06, 1.686], [3033.05, 0.422], [3033.04, 0.504], [3033.03, 2.316], [3033.01, 0.118], [3033.0, 22.4], [3032.99, 0.05], [3032.98, 0.024], [3032.97, 0.33], [3032.96, 0.063], [3032.95, 1.319], [3032.94, 0.407], [3032.93, 0.659]], "asks": [[3033.15, 92.744], [3033.16, 0.03], [3033.17, 1.0], [3033.18, 0.022], [3033.2, 0.023], [3033.21, 0.053], [3033.22, 0.008], [3033.23, 0.014], [3033.24, 0.007], [3033.25, 0.064], [3033.26, 0.236], [3033.27, 0.401], [3033.28, 0.015], [3033.29, 0.053], [3033.3, 0.044], [3033.31, 0.008], [3033.32, 0.014], [3033.33, 0.035], [3033.34, 0.015], [3033.35, 0.014]], "timestamp": "2025-12-06T05:19:42.904344+00:00"}, {"symbol": "ETHUSDT", "bids": [[3034.77, 9.509], [3034.76, 0.015], [3034.75, 0.168], [3034.74, 0.2], [3034.73, 3.119], [3034.71, 1.275], [3034.7, 0.424], [3034.69, 0.017], [3034.68, 0.397], [3034.67, 0.061], [3034.65, 0.054], [3034.64, 0.014], [3034.63, 5.117], [3034.62, 6.414], [3034.61, 5.912], [3034.6, 1.295], [3034.59, 12.64], [3034.58, 0.788], [3034.57, 20.014], [3034.56, 0.014]], "asks": [[3034.78, 141.047], [3034.79, 6.161], [3034.8, 0.021], [3034.81, 0.01], [3034.82, 0.039], [3034.84, 0.01], [3034.85, 3.391], [3034.86, 0.139], [3034.87, 0.313], [3034.88, 0.014], [3034.9, 0.007], [3034.91, 19.857], [3034.92, 4.294], [3034.93, 1.366], [3034.94, 0.508], [3034.95, 3.577], [3034.97, 0.014], [3034.98, 1.849], [3034.99, 1.416], [3035.0, 7.209]], "timestamp": "2025-12-06T05:20:34.749700+00:00"}, {"symbol": "ETHUSDT", "bids": [[3033.14, 50.38], [3033.13, 0.134], [3033.12, 0.355], [3033.1, 0.059], [3033.09, 0.172], [3033.08, 0.01], [3033.07, 0.097], [3033.06, 0.223], [3033.05, 0.386], [3033.04, 0.24], [3033.03, 0.391], [3033.02, 8.692], [3033.01, 8.178], [3033.0, 55.279], [3032.99, 1.829], [3032.98, 0.053], [3032.96, 0.07], [3032.95, 0.429], [3032.94, 0.393], [3032.93, 0.354]], "asks": [[3033.15, 40.561], [3033.16, 1.395], [3033.18, 0.659], [3033.19, 0.53], [3033.2, 0.007], [3033.23, 0.477], [3033.25, 0.017], [3033.26, 0.039], [3033.27, 0.014], [3033.28, 0.056], [3033.29, 0.989], [3033.3, 0.456], [3033.31, 0.01], [3033.32, 0.043], [3033.33, 0.952], [3033.34, 0.007], [3033.35, 1.432], [3033.36, 0.501], [3033.37, 5.022], [3033.39, 0.015]], "timestamp": "2025-12-06T05:21:26.323209+00:00"}, {"symbol": "ETHUSDT", "bids": [[3034.14, 45.493], [3034.13, 0.038], [3034.11, 0.659], [3034.1, 0.511], [3034.08, 0.039], [3034.07, 0.023], [3034.06, 0.562], [3034.05, 3.182], [3034.04, 0.06], [3034.03, 0.288], [3034.02, 0.235], [3034.01, 0.008], [3034.0, 0.85], [3033.99, 0.164], [3033.98, 0.943], [3033.97, 0.053], [3033.96, 0.68], [3033.95, 0.456], [3033.94, 0.099], [3033.93, 0.557]], "asks": [[3034.15, 53.284], [3034.16, 1.114], [3034.17, 1.437], [3034.18, 1.243], [3034.19, 0.44], [3034.2, 2.859], [3034.21, 0.386], [3034.22, 1.339], [3034.23, 0.361], [3034.24, 0.008], [3034.26, 0.235], [3034.27, 1.345], [3034.28, 3.205], [3034.29, 0.347], [3034.3, 5.502], [3034.31, 4.76], [3034.32, 0.536], [3034.33, 0.023], [3034.34, 6.401], [3034.35, 11.212]], "timestamp": "2025-12-06T05:22:17.886383+00:00"}, {"symbol": "ETHUSDT", "bids": [[3033.45, 12.349], [3033.44, 0.008], [3033.43, 0.014], [3033.41, 0.039], [3033.4, 0.023], [3033.38, 1.491], [3033.37, 7.119], [3033.36, 0.215], [3033.35, 1.129], [3033.34, 0.028], [3033.33, 0.246], [3033.32, 0.086], [3033.31, 0.488], [3033.3, 0.559], [3033.28, 0.036], [3033.27, 0.592], [3033.26, 0.933], [3033.25, 0.028], [3033.24, 0.008], [3033.23, 0.053]], "asks": [[3033.46, 86.246], [3033.47, 35.416], [3033.48, 31.319], [3033.49, 0.377], [3033.5, 0.635], [3033.51, 0.046], [3033.52, 0.032], [3033.54, 0.126], [3033.55, 1.688], [3033.56, 0.015], [3033.57, 5.024], [3033.58, 0.164], [3033.59, 0.064], [3033.6, 0.215], [3033.61, 0.032], [3033.62, 0.014], [3033.63, 1.657], [3033.64, 0.055], [3033.65, 0.439], [3033.66, 2.547]], "timestamp": "2025-12-06T05:23:09.528813+00:00"}, {"symbol": "ETHUSDT", "bids": [[3034.47, 25.374], [3034.46, 3.538], [3034.45, 1.427], [3034.44, 18.074], [3034.43, 0.255], [3034.41, 0.255], [3034.4, 0.037], [3034.39, 0.014], [3034.37, 0.397], [3034.36, 0.019], [3034.35, 0.007], [3034.34, 0.022], [3034.33, 0.435], [3034.32, 1.028], [3034.31, 0.214], [3034.3, 0.824], [3034.29, 0.35], [3034.28, 0.338], [3034.27, 1.343], [3034.26, 0.139]], "asks": [[3034.48, 49.598], [3034.49, 40.529], [3034.5, 30.062], [3034.51, 30.021], [3034.52, 0.007], [3034.53, 0.773], [3034.54, 0.053], [3034.55, 1.319], [3034.56, 1.014], [3034.57, 0.352], [3034.58, 2.163], [3034.59, 0.196], [3034.6, 5.462], [3034.61, 2.474], [3034.62, 0.061], [3034.63, 0.029], [3034.64, 0.178], [3034.65, 0.428], [3034.66, 1.386], [3034.67, 1.459]], "timestamp": "2025-12-06T05:24:01.040349+00:00"}, {"symbol": "ETHUSDT", "bids": [[3036.41, 80.808], [3036.4, 6.694], [3036.39, 0.435], [3036.38, 2.773], [3036.37, 1.394], [3036.36, 0.658], [3036.35, 0.329], [3036.34, 0.126], [3036.33, 2.909], [3036.32, 0.009], [3036.31, 0.014], [3036.3, 0.038], [3036.29, 0.053], [3036.28, 0.594], [3036.26, 1.453], [3036.25, 0.028], [3036.24, 0.029], [3036.23, 6.597], [3036.22, 0.392], [3036.21, 0.021]], "asks": [[3036.42, 85.123], [3036.43, 0.154], [3036.44, 0.102], [3036.45, 0.014], [3036.46, 0.039], [3036.48, 3.078], [3036.49, 9.469], [3036.5, 1.304], [3036.51, 0.359], [3036.52, 0.017], [3036.53, 45.707], [3036.54, 1.839], [3036.55, 2.798], [3036.56, 0.788], [3036.57, 0.351], [3036.58, 0.072], [3036.59, 0.294], [3036.6, 1.379], [3036.61, 0.092], [3036.62, 0.097]], "timestamp": "2025-12-06T05:24:52.464019+00:00"}, {"symbol": "ETHUSDT", "bids": [[3035.19, 12.597], [3035.18, 0.018], [3035.17, 0.082], [3035.16, 0.891], [3035.15, 4.715], [3035.13, 0.902], [3035.12, 0.128], [3035.11, 0.078], [3035.1, 4.569], [3035.09, 1.807], [3035.08, 0.022], [3035.07, 0.026], [3035.06, 0.07], [3035.05, 0.672], [3035.04, 0.83], [3035.03, 4.672], [3035.02, 5.314], [3035.01, 0.014], [3035.0, 3.537], [3034.99, 0.054]], "asks": [[3035.2, 32.066], [3035.21, 0.845], [3035.22, 0.039], [3035.23, 0.017], [3035.24, 1.332], [3035.25, 0.023], [3035.26, 0.049], [3035.27, 1.926], [3035.28, 1.012], [3035.29, 1.648], [3035.3, 0.06], [3035.31, 0.024], [3035.32, 4.255], [3035.33, 0.022], [3035.34, 1.386], [3035.35, 2.086], [3035.36, 0.007], [3035.37, 0.344], [3035.38, 0.746], [3035.39, 6.045]], "timestamp": "2025-12-06T05:25:43.989034+00:00"}, {"symbol": "ETHUSDT", "bids": [[3033.94, 1.136], [3033.93, 0.018], [3033.92, 0.031], [3033.91, 0.007], [3033.9, 0.015], [3033.89, 0.373], [3033.88, 0.046], [3033.87, 0.387], [3033.86, 0.007], [3033.85, 3.613], [3033.84, 1.851], [3033.83, 0.017], [3033.81, 0.016], [3033.8, 0.022], [3033.79, 0.039], [3033.78, 0.021], [3033.76, 0.008], [3033.75, 0.086], [3033.74, 0.039], [3033.73, 0.839]], "asks": [[3033.95, 150.474], [3033.96, 15.007], [3033.98, 5.037], [3033.99, 20.659], [3034.0, 1.375], [3034.01, 1.326], [3034.02, 21.535], [3034.03, 2.508], [3034.05, 2.324], [3034.06, 0.351], [3034.07, 1.448], [3034.08, 0.352], [3034.09, 0.055], [3034.1, 3.33], [3034.11, 0.676], [3034.12, 0.014], [3034.13, 0.058], [3034.14, 0.353], [3034.15, 3.318], [3034.16, 1.534]], "timestamp": "2025-12-06T05:26:36.184455+00:00"}, {"symbol": "ETHUSDT", "bids": [[3034.17, 7.687], [3034.16, 0.396], [3034.13, 0.007], [3034.11, 0.173], [3034.1, 0.836], [3034.09, 1.014], [3034.08, 0.329], [3034.07, 0.007], [3034.06, 5.481], [3034.05, 0.014], [3034.04, 0.384], [3034.03, 0.014], [3034.02, 0.2], [3034.0, 0.028], [3033.99, 0.136], [3033.98, 0.022], [3033.97, 0.31], [3033.96, 0.23], [3033.95, 0.022], [3033.93, 1.567]], "asks": [[3034.18, 40.161], [3034.19, 0.024], [3034.2, 1.021], [3034.21, 0.024], [3034.22, 0.049], [3034.23, 8.349], [3034.24, 7.224], [3034.25, 22.205], [3034.26, 19.962], [3034.27, 3.239], [3034.28, 3.231], [3034.29, 3.263], [3034.3, 3.446], [3034.31, 0.085], [3034.32, 3.87], [3034.33, 9.296], [3034.34, 2.34], [3034.35, 2.229], [3034.36, 3.545], [3034.37, 4.468]], "timestamp": "2025-12-06T05:27:28.339871+00:00"}, {"symbol": "ETHUSDT", "bids": [[3034.05, 21.137], [3034.04, 8.051], [3034.02, 0.209], [3034.0, 1.339], [3033.99, 0.129], [3033.97, 0.324], [3033.96, 0.23], [3033.95, 0.338], [3033.94, 12.035], [3033.93, 0.206], [3033.92, 5.136], [3033.91, 1.007], [3033.9, 1.21], [3033.89, 3.765], [3033.88, 5.778], [3033.87, 1.473], [3033.86, 1.667], [3033.85, 0.821], [3033.84, 2.2], [3033.83, 0.025]], "asks": [[3034.06, 30.703], [3034.07, 0.72], [3034.08, 1.929], [3034.09, 1.663], [3034.12, 0.007], [3034.14, 0.203], [3034.15, 2.212], [3034.16, 0.019], [3034.17, 0.33], [3034.18, 0.875], [3034.2, 1.393], [3034.21, 0.028], [3034.22, 0.039], [3034.23, 4.225], [3034.24, 4.087], [3034.25, 1.349], [3034.26, 4.231], [3034.27, 0.071], [3034.28, 3.579], [3034.29, 3.56]], "timestamp": "2025-12-06T05:28:19.830758+00:00"}, {"symbol": "ETHUSDT", "bids": [[3035.28, 230.167], [3035.27, 24.973], [3035.26, 31.228], [3035.25, 0.862], [3035.23, 0.202], [3035.22, 0.014], [3035.21, 30.42], [3035.2, 0.344], [3035.19, 0.014], [3035.18, 0.021], [3035.17, 20.38], [3035.16, 30.795], [3035.15, 0.014], [3035.14, 20.352], [3035.13, 0.039], [3035.12, 0.045], [3035.1, 0.332], [3035.09, 1.332], [3035.08, 0.394], [3035.07, 0.008]], "asks": [[3035.29, 0.162], [3035.3, 0.06], [3035.31, 0.014], [3035.33, 2.672], [3035.34, 0.024], [3035.35, 0.138], [3035.37, 0.032], [3035.38, 0.888], [3035.39, 0.696], [3035.4, 0.484], [3035.41, 0.007], [3035.42, 0.224], [3035.43, 0.733], [3035.45, 5.035], [3035.46, 40.333], [3035.47, 0.337], [3035.48, 0.198], [3035.49, 0.021], [3035.5, 1.141], [3035.51, 0.018]], "timestamp": "2025-12-06T05:29:11.528820+00:00"}, {"symbol": "ETHUSDT", "bids": [[3035.21, 72.007], [3035.2, 0.008], [3035.19, 0.007], [3035.17, 7.04], [3035.16, 1.142], [3035.14, 0.008], [3035.13, 11.49], [3035.12, 0.008], [3035.1, 1.36], [3035.08, 0.384], [3035.07, 0.494], [3035.06, 1.715], [3035.05, 7.88], [3035.04, 0.336], [3035.03, 20.642], [3035.02, 3.982], [3035.01, 10.501], [3035.0, 14.193], [3034.99, 0.584], [3034.98, 0.413]], "asks": [[3035.22, 9.465], [3035.23, 0.014], [3035.25, 20.3], [3035.26, 0.799], [3035.3, 0.06], [3035.34, 0.014], [3035.35, 0.024], [3035.36, 0.071], [3035.37, 0.014], [3035.39, 0.064], [3035.4, 0.345], [3035.41, 0.007], [3035.42, 0.014], [3035.43, 0.577], [3035.44, 0.993], [3035.45, 0.563], [3035.46, 1.68], [3035.47, 0.007], [3035.48, 0.481], [3035.49, 0.008]], "timestamp": "2025-12-06T05:30:03.067912+00:00"}, {"symbol": "ETHUSDT", "bids": [[3035.28, 15.302], [3035.27, 0.008], [3035.26, 1.359], [3035.25, 0.157], [3035.24, 0.33], [3035.22, 1.532], [3035.21, 0.337], [3035.2, 0.009], [3035.19, 0.029], [3035.18, 1.726], [3035.17, 5.288], [3035.16, 1.347], [3035.15, 0.706], [3035.14, 0.015], [3035.13, 0.053], [3035.12, 4.508], [3035.11, 3.975], [3035.1, 6.978], [3035.09, 0.014], [3035.08, 0.373]], "asks": [[3035.29, 44.384], [3035.3, 4.267], [3035.33, 0.039], [3035.34, 0.04], [3035.36, 0.33], [3035.37, 0.299], [3035.38, 3.3], [3035.39, 0.51], [3035.4, 5.625], [3035.41, 0.62], [3035.42, 0.061], [3035.43, 0.433], [3035.44, 0.007], [3035.45, 2.524], [3035.47, 0.046], [3035.48, 0.035], [3035.49, 1.957], [3035.5, 0.95], [3035.51, 3.352], [3035.52, 3.211]], "timestamp": "2025-12-06T05:30:54.758775+00:00"}, {"symbol": "ETHUSDT", "bids": [[3035.29, 106.421], [3035.28, 4.144], [3035.27, 0.121], [3035.25, 0.021], [3035.24, 0.33], [3035.22, 0.067], [3035.21, 5.126], [3035.2, 0.089], [3035.19, 0.021], [3035.18, 1.411], [3035.17, 14.593], [3035.16, 0.354], [3035.15, 0.251], [3035.14, 0.247], [3035.12, 0.014], [3035.11, 1.333], [3035.1, 8.026], [3035.09, 0.014], [3035.08, 0.022], [3035.07, 2.21]], "asks": [[3035.3, 31.888], [3035.31, 0.118], [3035.32, 1.0], [3035.33, 0.46], [3035.34, 0.017], [3035.36, 0.358], [3035.37, 0.039], [3035.38, 1.192], [3035.39, 0.302], [3035.4, 0.024], [3035.41, 0.89], [3035.42, 1.347], [3035.43, 0.029], [3035.45, 0.405], [3035.47, 0.014], [3035.48, 1.348], [3035.49, 0.105], [3035.5, 0.024], [3035.51, 0.47], [3035.52, 0.008]], "timestamp": "2025-12-06T05:31:46.465293+00:00"}, {"symbol": "ETHUSDT", "bids": [[3035.91, 62.533], [3035.9, 2.765], [3035.89, 4.126], [3035.88, 0.518], [3035.87, 0.485], [3035.85, 0.021], [3035.84, 0.053], [3035.83, 1.18], [3035.82, 0.023], [3035.8, 1.483], [3035.79, 2.065], [3035.78, 0.015], [3035.77, 0.014], [3035.76, 0.154], [3035.75, 0.032], [3035.74, 0.014], [3035.73, 1.318], [3035.72, 5.053], [3035.71, 0.352], [3035.7, 0.236]], "asks": [[3035.92, 37.333], [3035.93, 0.06], [3035.94, 42.588], [3035.95, 0.418], [3035.96, 0.028], [3035.97, 0.14], [3035.99, 0.028], [3036.0, 0.137], [3036.01, 0.022], [3036.02, 8.115], [3036.03, 40.551], [3036.04, 0.15], [3036.05, 1.332], [3036.06, 0.157], [3036.07, 0.014], [3036.08, 0.039], [3036.09, 0.338], [3036.1, 0.043], [3036.11, 1.776], [3036.12, 0.063]], "timestamp": "2025-12-06T05:32:37.570353+00:00"}, {"symbol": "ETHUSDT", "bids": [[3033.5, 76.754], [3033.49, 0.022], [3033.46, 17.674], [3033.45, 31.389], [3033.44, 0.007], [3033.43, 0.046], [3033.41, 30.039], [3033.4, 0.014], [3033.39, 0.014], [3033.38, 20.0], [3033.37, 35.118], [3033.36, 0.085], [3033.35, 0.007], [3033.34, 0.014], [3033.33, 0.046], [3033.32, 30.008], [3033.31, 1.326], [3033.3, 0.042], [3033.29, 0.121], [3033.28, 0.024]], "asks": [[3033.51, 3.595], [3033.52, 0.214], [3033.53, 0.151], [3033.54, 3.931], [3033.56, 0.824], [3033.57, 0.053], [3033.59, 0.018], [3033.6, 2.961], [3033.61, 3.949], [3033.62, 0.008], [3033.63, 0.007], [3033.64, 0.008], [3033.65, 0.039], [3033.66, 0.015], [3033.67, 0.014], [3033.68, 4.74], [3033.69, 0.039], [3033.7, 0.029], [3033.71, 0.024], [3033.72, 0.214]], "timestamp": "2025-12-06T05:33:29.314839+00:00"}, {"symbol": "ETHUSDT", "bids": [[3032.93, 8.484], [3032.92, 0.007], [3032.91, 0.565], [3032.9, 0.069], [3032.89, 0.33], [3032.88, 0.014], [3032.87, 0.38], [3032.86, 0.054], [3032.85, 0.849], [3032.84, 0.022], [3032.82, 0.036], [3032.81, 4.323], [3032.8, 0.015], [3032.79, 0.053], [3032.78, 0.007], [3032.77, 0.016], [3032.76, 0.014], [3032.75, 0.046], [3032.74, 1.11], [3032.73, 5.094]], "asks": [[3032.94, 151.189], [3032.95, 36.802], [3032.96, 4.017], [3032.97, 0.412], [3032.98, 2.17], [3032.99, 0.039], [3033.0, 0.364], [3033.02, 0.026], [3033.03, 0.062], [3033.05, 0.014], [3033.06, 0.007], [3033.07, 0.079], [3033.08, 0.014], [3033.09, 0.219], [3033.1, 0.014], [3033.11, 0.029], [3033.12, 21.493], [3033.13, 0.947], [3033.14, 0.383], [3033.15, 7.409]], "timestamp": "2025-12-06T05:34:20.563564+00:00"}, {"symbol": "ETHUSDT", "bids": [[3033.54, 38.75], [3033.53, 0.065], [3033.51, 0.203], [3033.5, 3.248], [3033.49, 15.788], [3033.48, 0.016], [3033.47, 0.008], [3033.46, 0.067], [3033.45, 2.07], [3033.44, 1.028], [3033.43, 2.043], [3033.42, 0.35], [3033.41, 0.008], [3033.4, 0.06], [3033.39, 2.616], [3033.38, 0.008], [3033.37, 0.544], [3033.36, 0.008], [3033.35, 0.342], [3033.34, 1.408]], "asks": [[3033.55, 12.307], [3033.56, 0.046], [3033.57, 1.014], [3033.6, 0.021], [3033.61, 0.369], [3033.63, 0.974], [3033.64, 0.347], [3033.65, 0.046], [3033.66, 0.038], [3033.68, 0.024], [3033.69, 1.716], [3033.7, 0.023], [3033.71, 0.669], [3033.72, 0.687], [3033.73, 0.698], [3033.74, 1.894], [3033.75, 11.124], [3033.77, 0.047], [3033.78, 0.357], [3033.79, 41.387]], "timestamp": "2025-12-06T05:35:11.820197+00:00"}, {"symbol": "ETHUSDT", "bids": [[3034.66, 41.147], [3034.65, 0.428], [3034.64, 0.344], [3034.63, 0.349], [3034.62, 0.816], [3034.61, 0.281], [3034.6, 0.2], [3034.59, 0.014], [3034.58, 1.014], [3034.56, 1.235], [3034.55, 2.022], [3034.54, 0.33], [3034.53, 0.015], [3034.52, 0.028], [3034.51, 0.016], [3034.5, 0.34], [3034.49, 1.552], [3034.48, 3.569], [3034.47, 4.754], [3034.46, 0.044]], "asks": [[3034.67, 47.186], [3034.68, 3.33], [3034.69, 1.007], [3034.7, 0.211], [3034.71, 1.359], [3034.72, 1.707], [3034.74, 0.892], [3034.75, 0.407], [3034.76, 1.752], [3034.77, 1.774], [3034.78, 0.201], [3034.79, 7.942], [3034.8, 0.555], [3034.81, 3.301], [3034.82, 8.129], [3034.83, 0.214], [3034.84, 0.673], [3034.85, 0.021], [3034.86, 3.346], [3034.87, 4.782]], "timestamp": "2025-12-06T05:36:03.731646+00:00"}, {"symbol": "ETHUSDT", "bids": [[3034.16, 50.992], [3034.15, 0.015], [3034.14, 1.567], [3034.13, 0.053], [3034.12, 1.577], [3034.11, 0.03], [3034.1, 0.344], [3034.09, 1.053], [3034.08, 0.015], [3034.07, 1.25], [3034.06, 0.414], [3034.05, 3.365], [3034.03, 0.021], [3034.02, 0.022], [3034.01, 0.294], [3034.0, 0.029], [3033.99, 0.061], [3033.97, 0.324], [3033.96, 0.366], [3033.95, 0.507]], "asks": [[3034.17, 112.44], [3034.18, 0.028], [3034.19, 0.017], [3034.2, 0.225], [3034.21, 4.494], [3034.22, 20.087], [3034.24, 0.727], [3034.25, 0.028], [3034.26, 3.083], [3034.27, 0.014], [3034.28, 0.024], [3034.29, 0.66], [3034.3, 1.047], [3034.31, 1.607], [3034.32, 1.781], [3034.33, 0.014], [3034.34, 0.015], [3034.35, 0.085], [3034.36, 0.259], [3034.37, 1.334]], "timestamp": "2025-12-06T05:36:56.112247+00:00"}, {"symbol": "ETHUSDT", "bids": [[3034.46, 71.447], [3034.45, 0.345], [3034.43, 0.014], [3034.42, 0.494], [3034.41, 0.567], [3034.4, 0.376], [3034.39, 0.722], [3034.38, 0.527], [3034.37, 0.376], [3034.36, 0.773], [3034.35, 5.191], [3034.34, 0.007], [3034.33, 0.203], [3034.32, 0.585], [3034.31, 5.104], [3034.3, 0.063], [3034.29, 1.372], [3034.28, 0.412], [3034.27, 0.015], [3034.26, 3.257]], "asks": [[3034.47, 5.916], [3034.48, 0.014], [3034.49, 1.0], [3034.5, 0.031], [3034.51, 0.014], [3034.52, 0.007], [3034.53, 0.039], [3034.54, 0.014], [3034.55, 0.029], [3034.56, 0.01], [3034.57, 0.053], [3034.58, 0.024], [3034.59, 0.007], [3034.6, 0.791], [3034.61, 0.039], [3034.62, 0.008], [3034.63, 0.028], [3034.64, 0.007], [3034.65, 7.014], [3034.66, 1.333]], "timestamp": "2025-12-06T05:37:48.119268+00:00"}, {"symbol": "ETHUSDT", "bids": [[3035.99, 43.969], [3035.98, 0.015], [3035.97, 0.631], [3035.96, 3.756], [3035.94, 0.55], [3035.92, 0.014], [3035.91, 4.856], [3035.9, 0.499], [3035.89, 1.788], [3035.88, 1.217], [3035.87, 11.54], [3035.86, 2.333], [3035.85, 3.535], [3035.84, 0.903], [3035.83, 0.583], [3035.82, 1.094], [3035.81, 3.805], [3035.8, 1.254], [3035.79, 0.344], [3035.78, 0.015]], "asks": [[3036.0, 34.592], [3036.01, 0.014], [3036.02, 0.014], [3036.04, 0.087], [3036.05, 0.014], [3036.06, 0.018], [3036.07, 0.015], [3036.08, 0.566], [3036.09, 0.516], [3036.1, 0.008], [3036.11, 1.362], [3036.12, 0.055], [3036.13, 0.658], [3036.14, 0.045], [3036.15, 0.359], [3036.16, 2.636], [3036.17, 0.046], [3036.18, 0.026], [3036.19, 0.082], [3036.2, 0.068]], "timestamp": "2025-12-06T05:38:40.804789+00:00"}, {"symbol": "ETHUSDT", "bids": [[3034.87, 32.071], [3034.86, 0.345], [3034.85, 0.01], [3034.84, 0.007], [3034.83, 0.121], [3034.82, 0.007], [3034.8, 0.407], [3034.79, 0.039], [3034.78, 0.33], [3034.77, 0.203], [3034.76, 3.519], [3034.75, 11.643], [3034.74, 6.611], [3034.73, 0.628], [3034.72, 0.022], [3034.71, 0.921], [3034.7, 1.519], [3034.69, 0.33], [3034.68, 0.021], [3034.67, 1.242]], "asks": [[3034.88, 48.703], [3034.89, 0.014], [3034.9, 0.049], [3034.91, 3.824], [3034.92, 0.009], [3034.93, 0.039], [3034.95, 0.007], [3034.96, 0.014], [3034.97, 0.039], [3034.98, 0.01], [3034.99, 0.014], [3035.0, 0.007], [3035.01, 0.129], [3035.02, 0.129], [3035.03, 0.33], [3035.04, 3.867], [3035.05, 18.198], [3035.06, 0.092], [3035.07, 0.008], [3035.08, 0.014]], "timestamp": "2025-12-06T05:39:32.336480+00:00"}, {"symbol": "ETHUSDT", "bids": [[3035.08, 189.852], [3035.07, 4.641], [3035.06, 5.75], [3035.04, 3.255], [3035.03, 0.171], [3035.02, 19.774], [3035.01, 0.145], [3035.0, 3.298], [3034.99, 1.301], [3034.97, 0.024], [3034.95, 1.84], [3034.94, 1.445], [3034.93, 0.404], [3034.92, 0.023], [3034.91, 1.673], [3034.9, 3.928], [3034.89, 0.061], [3034.88, 1.326], [3034.87, 0.06], [3034.86, 0.015]], "asks": [[3035.09, 0.7], [3035.1, 0.041], [3035.11, 0.053], [3035.15, 0.007], [3035.16, 0.055], [3035.18, 0.022], [3035.2, 0.062], [3035.21, 0.022], [3035.23, 0.13], [3035.24, 0.036], [3035.25, 0.103], [3035.26, 0.864], [3035.27, 0.096], [3035.28, 0.115], [3035.29, 0.021], [3035.3, 0.255], [3035.32, 0.422], [3035.33, 0.021], [3035.34, 0.036], [3035.35, 0.335]], "timestamp": "2025-12-06T05:40:24.046119+00:00"}, {"symbol": "ETHUSDT", "bids": [[3035.6, 34.957], [3035.59, 0.144], [3035.58, 1.007], [3035.56, 2.513], [3035.55, 1.632], [3035.54, 3.865], [3035.52, 0.487], [3035.5, 1.623], [3035.49, 0.468], [3035.48, 1.224], [3035.47, 0.72], [3035.46, 1.51], [3035.45, 1.279], [3035.44, 1.934], [3035.43, 0.466], [3035.42, 3.48], [3035.41, 4.524], [3035.4, 6.952], [3035.39, 0.245], [3035.38, 0.014]], "asks": [[3035.61, 10.16], [3035.62, 0.501], [3035.63, 1.387], [3035.64, 0.009], [3035.66, 1.339], [3035.67, 0.049], [3035.68, 0.018], [3035.69, 13.185], [3035.7, 1.188], [3035.71, 0.364], [3035.72, 1.354], [3035.74, 1.716], [3035.75, 1.5], [3035.76, 0.773], [3035.77, 1.318], [3035.78, 1.347], [3035.79, 0.351], [3035.8, 0.016], [3035.81, 0.357], [3035.82, 1.086]], "timestamp": "2025-12-06T05:41:15.428551+00:00"}, {"symbol": "ETHUSDT", "bids": [[3035.64, 25.066], [3035.63, 0.222], [3035.62, 2.041], [3035.61, 5.639], [3035.6, 3.763], [3035.59, 0.15], [3035.58, 0.043], [3035.57, 1.453], [3035.56, 0.023], [3035.55, 0.458], [3035.54, 0.023], [3035.53, 0.017], [3035.52, 0.486], [3035.51, 0.506], [3035.5, 1.515], [3035.49, 0.014], [3035.48, 0.06], [3035.47, 0.344], [3035.46, 0.358], [3035.45, 0.766]], "asks": [[3035.65, 138.231], [3035.66, 4.38], [3035.67, 1.173], [3035.68, 0.091], [3035.69, 0.376], [3035.7, 0.481], [3035.71, 1.33], [3035.72, 0.426], [3035.73, 0.014], [3035.75, 1.593], [3035.76, 1.126], [3035.77, 0.432], [3035.78, 0.014], [3035.79, 0.037], [3035.8, 1.498], [3035.81, 0.093], [3035.82, 0.449], [3035.83, 0.048], [3035.84, 0.091], [3035.85, 0.037]], "timestamp": "2025-12-06T05:42:06.898523+00:00"}, {"symbol": "ETHUSDT", "bids": [[3034.52, 12.644], [3034.51, 0.108], [3034.5, 0.453], [3034.49, 0.114], [3034.48, 0.646], [3034.47, 1.517], [3034.46, 0.007], [3034.44, 0.014], [3034.43, 0.046], [3034.42, 1.793], [3034.41, 0.403], [3034.4, 0.337], [3034.39, 0.054], [3034.38, 0.034], [3034.37, 5.104], [3034.36, 5.871], [3034.35, 24.73], [3034.34, 123.563], [3034.33, 1.375], [3034.32, 0.021]], "asks": [[3034.53, 40.155], [3034.54, 1.597], [3034.55, 0.692], [3034.56, 0.364], [3034.57, 0.456], [3034.58, 1.333], [3034.6, 0.021], [3034.61, 0.024], [3034.62, 2.089], [3034.63, 0.8], [3034.64, 1.319], [3034.65, 8.904], [3034.66, 19.817], [3034.67, 4.346], [3034.68, 0.009], [3034.69, 1.34], [3034.7, 5.059], [3034.71, 3.466], [3034.72, 0.358], [3034.73, 0.031]], "timestamp": "2025-12-06T05:42:58.227485+00:00"}, {"symbol": "ETHUSDT", "bids": [[3035.4, 89.278], [3035.39, 2.092], [3035.38, 1.0], [3035.37, 0.014], [3035.36, 0.103], [3035.35, 0.039], [3035.34, 0.031], [3035.33, 0.014], [3035.32, 1.479], [3035.31, 0.547], [3035.3, 0.706], [3035.29, 0.031], [3035.28, 0.343], [3035.27, 0.3], [3035.26, 0.008], [3035.25, 2.776], [3035.23, 0.355], [3035.22, 0.028], [3035.21, 0.039], [3035.2, 3.572]], "asks": [[3035.41, 27.04], [3035.42, 0.021], [3035.43, 1.0], [3035.44, 0.029], [3035.45, 0.053], [3035.46, 0.329], [3035.47, 1.256], [3035.48, 3.923], [3035.49, 0.014], [3035.5, 0.995], [3035.51, 0.063], [3035.52, 0.014], [3035.54, 3.292], [3035.55, 5.918], [3035.56, 0.008], [3035.57, 0.361], [3035.58, 0.946], [3035.6, 3.738], [3035.61, 0.712], [3035.62, 0.008]], "timestamp": "2025-12-06T05:43:49.834666+00:00"}, {"symbol": "ETHUSDT", "bids": [[3034.34, 9.023], [3034.33, 0.488], [3034.31, 0.053], [3034.3, 1.123], [3034.28, 0.027], [3034.26, 0.053], [3034.25, 0.014], [3034.24, 0.007], [3034.23, 0.024], [3034.22, 0.383], [3034.21, 0.047], [3034.2, 3.17], [3034.19, 0.014], [3034.17, 0.186], [3034.16, 0.021], [3034.15, 1.861], [3034.14, 0.35], [3034.13, 0.748], [3034.12, 0.008], [3034.11, 0.038]], "asks": [[3034.35, 60.584], [3034.36, 0.233], [3034.37, 1.66], [3034.38, 0.365], [3034.39, 0.085], [3034.4, 5.065], [3034.41, 0.014], [3034.42, 0.022], [3034.43, 0.038], [3034.44, 0.682], [3034.45, 0.895], [3034.46, 8.723], [3034.47, 7.322], [3034.48, 0.043], [3034.49, 8.061], [3034.5, 7.99], [3034.51, 11.439], [3034.52, 0.043], [3034.53, 0.163], [3034.54, 3.249]], "timestamp": "2025-12-06T05:44:41.323649+00:00"}, {"symbol": "ETHUSDT", "bids": [[3034.43, 125.086], [3034.42, 0.047], [3034.41, 1.38], [3034.4, 0.023], [3034.39, 0.33], [3034.38, 0.046], [3034.37, 0.33], [3034.35, 0.021], [3034.34, 0.007], [3034.32, 0.164], [3034.31, 0.085], [3034.3, 0.567], [3034.29, 0.021], [3034.28, 0.014], [3034.26, 1.246], [3034.25, 0.811], [3034.24, 1.708], [3034.23, 0.343], [3034.21, 0.4], [3034.2, 3.265]], "asks": [[3034.44, 18.198], [3034.45, 0.417], [3034.46, 0.089], [3034.47, 0.039], [3034.48, 0.053], [3034.5, 0.021], [3034.51, 0.007], [3034.52, 3.897], [3034.53, 0.026], [3034.54, 0.014], [3034.55, 0.461], [3034.56, 3.328], [3034.57, 0.043], [3034.58, 0.039], [3034.59, 0.33], [3034.6, 0.449], [3034.61, 3.843], [3034.62, 2.338], [3034.63, 1.184], [3034.64, 19.803]], "timestamp": "2025-12-06T05:45:33.008195+00:00"}, {"symbol": "ETHUSDT", "bids": [[3035.21, 219.723], [3035.2, 0.474], [3035.19, 13.498], [3035.18, 0.039], [3035.16, 0.014], [3035.15, 0.362], [3035.13, 0.178], [3035.12, 0.053], [3035.1, 0.449], [3035.09, 0.014], [3035.08, 0.161], [3035.07, 0.329], [3035.06, 0.023], [3035.05, 0.468], [3035.03, 0.738], [3035.02, 1.315], [3035.01, 0.014], [3035.0, 0.07], [3034.99, 1.289], [3034.98, 0.008]], "asks": [[3035.22, 57.006], [3035.23, 2.093], [3035.24, 1.89], [3035.25, 0.344], [3035.27, 0.014], [3035.28, 0.039], [3035.29, 0.337], [3035.3, 0.201], [3035.31, 3.197], [3035.32, 0.047], [3035.33, 1.356], [3035.34, 7.404], [3035.35, 0.541], [3035.36, 0.157], [3035.38, 0.33], [3035.39, 2.014], [3035.4, 0.631], [3035.41, 0.255], [3035.42, 1.27], [3035.43, 3.909]], "timestamp": "2025-12-06T05:46:24.834121+00:00"}, {"symbol": "ETHUSDT", "bids": [[3036.16, 325.342], [3036.15, 0.785], [3036.12, 0.171], [3036.11, 0.039], [3036.1, 0.373], [3036.09, 0.607], [3036.08, 1.339], [3036.07, 0.039], [3036.06, 0.116], [3036.05, 0.021], [3036.04, 0.01], [3036.03, 0.039], [3036.02, 0.015], [3036.01, 2.281], [3036.0, 2.65], [3035.99, 5.552], [3035.98, 1.661], [3035.97, 0.352], [3035.96, 0.014], [3035.95, 0.061]], "asks": [[3036.17, 11.396], [3036.18, 0.336], [3036.2, 0.074], [3036.21, 0.007], [3036.22, 0.02], [3036.23, 0.484], [3036.24, 0.008], [3036.25, 0.014], [3036.26, 0.201], [3036.27, 0.176], [3036.28, 0.67], [3036.29, 0.846], [3036.3, 6.824], [3036.31, 0.491], [3036.32, 0.343], [3036.33, 0.063], [3036.34, 0.317], [3036.35, 0.176], [3036.36, 0.136], [3036.37, 1.293]], "timestamp": "2025-12-06T05:47:16.486006+00:00"}, {"symbol": "ETHUSDT", "bids": [[3036.6, 42.747], [3036.59, 0.928], [3036.58, 0.007], [3036.56, 0.039], [3036.55, 0.014], [3036.52, 0.567], [3036.51, 0.023], [3036.5, 0.537], [3036.49, 0.021], [3036.47, 1.007], [3036.46, 3.198], [3036.45, 3.55], [3036.43, 0.014], [3036.42, 0.037], [3036.41, 1.599], [3036.4, 3.114], [3036.39, 0.33], [3036.38, 1.637], [3036.37, 2.342], [3036.36, 3.444]], "asks": [[3036.61, 110.369], [3036.62, 2.102], [3036.65, 2.123], [3036.66, 1.145], [3036.67, 1.111], [3036.69, 0.053], [3036.7, 0.007], [3036.71, 1.903], [3036.72, 0.164], [3036.73, 10.345], [3036.74, 56.743], [3036.75, 9.764], [3036.76, 0.344], [3036.77, 0.046], [3036.78, 1.165], [3036.79, 1.318], [3036.8, 0.428], [3036.81, 0.217], [3036.82, 0.053], [3036.83, 0.007]], "timestamp": "2025-12-06T05:48:07.774820+00:00"}, {"symbol": "ETHUSDT", "bids": [[3036.82, 18.244], [3036.81, 0.438], [3036.8, 0.007], [3036.79, 0.014], [3036.78, 0.208], [3036.77, 0.039], [3036.76, 2.964], [3036.75, 0.007], [3036.74, 4.392], [3036.73, 0.607], [3036.72, 1.249], [3036.71, 0.496], [3036.7, 6.18], [3036.69, 0.172], [3036.68, 0.054], [3036.67, 0.035], [3036.66, 3.909], [3036.65, 2.95], [3036.64, 0.089], [3036.63, 2.96]], "asks": [[3036.83, 51.883], [3036.84, 0.105], [3036.85, 2.173], [3036.86, 0.179], [3036.9, 0.021], [3036.91, 5.42], [3036.94, 0.014], [3036.95, 0.863], [3036.96, 0.202], [3036.97, 2.581], [3036.98, 0.459], [3036.99, 0.047], [3037.0, 0.907], [3037.01, 0.493], [3037.02, 0.758], [3037.03, 1.371], [3037.04, 0.345], [3037.05, 0.902], [3037.06, 0.48], [3037.07, 0.378]], "timestamp": "2025-12-06T05:48:59.006680+00:00"}, {"symbol": "ETHUSDT", "bids": [[3037.17, 19.944], [3037.16, 0.017], [3037.15, 0.007], [3037.14, 0.039], [3037.12, 0.014], [3037.11, 0.141], [3037.1, 0.039], [3037.09, 0.028], [3037.07, 0.007], [3037.06, 0.077], [3037.05, 3.142], [3037.04, 0.314], [3037.03, 0.028], [3037.02, 0.163], [3037.0, 0.06], [3036.99, 0.007], [3036.98, 2.902], [3036.97, 0.045], [3036.96, 6.45], [3036.95, 0.699]], "asks": [[3037.18, 59.537], [3037.19, 0.282], [3037.2, 0.028], [3037.21, 0.411], [3037.22, 0.102], [3037.23, 0.844], [3037.24, 4.294], [3037.25, 4.478], [3037.26, 0.007], [3037.27, 0.014], [3037.28, 0.356], [3037.29, 1.675], [3037.3, 0.8], [3037.31, 0.046], [3037.32, 1.113], [3037.33, 6.216], [3037.34, 4.819], [3037.35, 1.631], [3037.36, 3.306], [3037.37, 3.291]], "timestamp": "2025-12-06T05:49:50.290794+00:00"}, {"symbol": "ETHUSDT", "bids": [[3037.08, 10.7], [3037.07, 2.849], [3037.06, 0.17], [3037.05, 0.968], [3037.04, 7.875], [3037.03, 50.053], [3037.02, 1.166], [3037.01, 0.014], [3037.0, 0.527], [3036.99, 0.351], [3036.98, 0.039], [3036.97, 0.059], [3036.96, 0.071], [3036.95, 0.029], [3036.94, 0.053], [3036.93, 0.344], [3036.91, 0.036], [3036.9, 0.038], [3036.89, 2.711], [3036.88, 2.762]], "asks": [[3037.09, 31.019], [3037.1, 0.014], [3037.11, 0.369], [3037.14, 0.01], [3037.15, 0.017], [3037.16, 0.01], [3037.17, 1.342], [3037.18, 0.049], [3037.19, 0.256], [3037.2, 0.081], [3037.21, 0.33], [3037.22, 1.333], [3037.23, 4.572], [3037.24, 1.276], [3037.25, 1.289], [3037.26, 0.337], [3037.27, 0.007], [3037.28, 1.519], [3037.29, 0.039], [3037.3, 5.362]], "timestamp": "2025-12-06T05:50:42.717011+00:00"}, {"symbol": "ETHUSDT", "bids": [[3037.76, 59.994], [3037.75, 0.345], [3037.74, 1.2], [3037.73, 0.014], [3037.72, 1.547], [3037.71, 2.726], [3037.7, 0.392], [3037.69, 2.633], [3037.68, 0.378], [3037.67, 0.184], [3037.66, 3.398], [3037.65, 4.254], [3037.64, 0.014], [3037.63, 1.42], [3037.62, 0.88], [3037.61, 3.112], [3037.6, 0.866], [3037.59, 2.67], [3037.58, 1.353], [3037.57, 0.968]], "asks": [[3037.77, 243.817], [3037.78, 0.264], [3037.79, 0.379], [3037.8, 0.091], [3037.81, 1.901], [3037.82, 0.049], [3037.83, 0.209], [3037.84, 0.014], [3037.85, 0.061], [3037.86, 0.205], [3037.87, 0.191], [3037.88, 2.894], [3037.89, 3.29], [3037.9, 1.091], [3037.91, 1.014], [3037.92, 3.984], [3037.93, 0.383], [3037.94, 0.046], [3037.95, 2.451], [3037.96, 0.039]], "timestamp": "2025-12-06T05:51:34.438749+00:00"}, {"symbol": "ETHUSDT", "bids": [[3036.77, 0.37], [3036.76, 0.061], [3036.75, 0.124], [3036.74, 0.829], [3036.73, 0.028], [3036.72, 0.039], [3036.71, 0.114], [3036.7, 0.031], [3036.69, 0.086], [3036.68, 0.047], [3036.67, 0.056], [3036.66, 0.246], [3036.65, 1.079], [3036.64, 0.063], [3036.63, 2.876], [3036.62, 2.758], [3036.61, 0.048], [3036.6, 0.725], [3036.59, 2.363], [3036.58, 0.029]], "asks": [[3036.78, 133.575], [3036.79, 0.007], [3036.8, 0.007], [3036.81, 59.026], [3036.82, 3.012], [3036.83, 0.014], [3036.84, 0.692], [3036.85, 2.135], [3036.86, 0.053], [3036.89, 7.551], [3036.9, 0.403], [3036.91, 44.093], [3036.92, 7.73], [3036.93, 0.014], [3036.95, 0.047], [3036.96, 0.031], [3036.97, 10.472], [3036.98, 0.179], [3036.99, 9.072], [3037.0, 3.211]], "timestamp": "2025-12-06T05:52:25.772426+00:00"}, {"symbol": "ETHUSDT", "bids": [[3038.25, 47.001], [3038.24, 0.354], [3038.23, 0.365], [3038.22, 0.356], [3038.21, 0.024], [3038.2, 2.706], [3038.19, 3.338], [3038.18, 0.698], [3038.17, 0.032], [3038.16, 0.859], [3038.15, 0.695], [3038.14, 0.16], [3038.13, 5.64], [3038.12, 0.029], [3038.11, 0.154], [3038.1, 10.364], [3038.09, 0.131], [3038.08, 0.123], [3038.07, 5.013], [3038.06, 0.029]], "asks": [[3038.26, 12.299], [3038.27, 0.007], [3038.29, 0.014], [3038.32, 0.094], [3038.34, 0.014], [3038.36, 1.337], [3038.37, 0.024], [3038.39, 0.083], [3038.4, 0.124], [3038.42, 0.014], [3038.43, 0.008], [3038.44, 0.021], [3038.45, 0.053], [3038.46, 0.007], [3038.47, 0.014], [3038.48, 1.659], [3038.49, 0.187], [3038.5, 0.843], [3038.51, 0.017], [3038.52, 1.349]], "timestamp": "2025-12-06T05:53:17.468316+00:00"}, {"symbol": "ETHUSDT", "bids": [[3037.35, 95.934], [3037.34, 23.075], [3037.33, 0.053], [3037.32, 0.217], [3037.31, 0.077], [3037.3, 0.153], [3037.29, 0.053], [3037.28, 0.703], [3037.27, 0.117], [3037.26, 0.207], [3037.25, 0.536], [3037.24, 0.373], [3037.23, 7.595], [3037.22, 150.024], [3037.21, 3.576], [3037.2, 3.657], [3037.19, 0.014], [3037.18, 11.535], [3037.17, 0.271], [3037.16, 2.359]], "asks": [[3037.36, 5.272], [3037.37, 0.007], [3037.38, 0.039], [3037.39, 0.016], [3037.4, 1.112], [3037.41, 0.822], [3037.42, 0.007], [3037.44, 0.053], [3037.46, 0.007], [3037.47, 0.014], [3037.48, 0.039], [3037.49, 0.008], [3037.5, 0.693], [3037.51, 0.138], [3037.53, 0.029], [3037.54, 0.007], [3037.55, 0.072], [3037.56, 6.012], [3037.57, 0.091], [3037.58, 0.107]], "timestamp": "2025-12-06T05:54:09.519315+00:00"}, {"symbol": "ETHUSDT", "bids": [[3037.88, 11.638], [3037.87, 0.48], [3037.86, 1.909], [3037.85, 0.22], [3037.84, 1.22], [3037.82, 0.014], [3037.81, 3.323], [3037.8, 0.907], [3037.79, 0.014], [3037.78, 0.007], [3037.77, 0.063], [3037.76, 0.014], [3037.75, 0.443], [3037.74, 1.443], [3037.73, 0.068], [3037.72, 0.014], [3037.71, 0.01], [3037.7, 3.695], [3037.69, 0.039], [3037.68, 3.983]], "asks": [[3037.89, 51.768], [3037.9, 1.251], [3037.91, 3.653], [3037.93, 0.175], [3037.94, 0.01], [3037.95, 8.409], [3037.96, 1.669], [3037.97, 0.11], [3037.98, 0.015], [3037.99, 0.08], [3038.0, 7.226], [3038.01, 3.465], [3038.02, 1.346], [3038.03, 0.053], [3038.04, 0.015], [3038.05, 1.602], [3038.06, 3.831], [3038.07, 7.985], [3038.08, 3.394], [3038.1, 1.155]], "timestamp": "2025-12-06T05:55:01.805980+00:00"}, {"symbol": "ETHUSDT", "bids": [[3037.88, 22.186], [3037.87, 0.008], [3037.86, 0.239], [3037.85, 0.014], [3037.84, 1.33], [3037.83, 0.329], [3037.82, 0.014], [3037.81, 0.039], [3037.8, 0.421], [3037.79, 0.007], [3037.78, 1.575], [3037.77, 0.682], [3037.76, 0.007], [3037.75, 0.377], [3037.74, 2.297], [3037.73, 0.131], [3037.71, 1.631], [3037.7, 1.256], [3037.69, 0.672], [3037.68, 0.354]], "asks": [[3037.89, 46.111], [3037.9, 0.165], [3037.91, 1.464], [3037.92, 1.317], [3037.93, 0.046], [3037.94, 0.106], [3037.95, 4.25], [3037.96, 6.327], [3037.97, 4.659], [3037.98, 0.015], [3037.99, 0.07], [3038.0, 6.509], [3038.01, 21.619], [3038.02, 3.286], [3038.03, 4.858], [3038.04, 3.994], [3038.05, 1.689], [3038.06, 0.659], [3038.07, 3.25], [3038.08, 1.492]], "timestamp": "2025-12-06T05:55:53.279810+00:00"}, {"symbol": "ETHUSDT", "bids": [[3037.27, 35.439], [3037.26, 0.652], [3037.25, 0.429], [3037.24, 0.336], [3037.23, 23.424], [3037.22, 150.028], [3037.21, 0.061], [3037.2, 0.221], [3037.19, 0.443], [3037.18, 0.007], [3037.17, 1.301], [3037.16, 0.014], [3037.15, 2.129], [3037.14, 0.62], [3037.13, 1.0], [3037.12, 0.029], [3037.11, 0.659], [3037.1, 1.391], [3037.09, 0.646], [3037.08, 0.343]], "asks": [[3037.28, 146.341], [3037.29, 0.046], [3037.3, 1.723], [3037.31, 0.078], [3037.32, 0.987], [3037.33, 0.081], [3037.35, 0.007], [3037.36, 0.021], [3037.37, 0.121], [3037.38, 0.112], [3037.39, 0.028], [3037.4, 0.024], [3037.41, 0.178], [3037.42, 0.061], [3037.44, 0.029], [3037.45, 0.713], [3037.46, 1.325], [3037.47, 0.099], [3037.48, 0.014], [3037.5, 4.785]], "timestamp": "2025-12-06T05:56:44.927385+00:00"}, {"symbol": "ETHUSDT", "bids": [[3036.3, 3.582], [3036.29, 0.09], [3036.28, 0.055], [3036.25, 0.266], [3036.24, 3.394], [3036.23, 0.158], [3036.22, 1.047], [3036.21, 0.164], [3036.2, 1.728], [3036.19, 0.712], [3036.18, 4.381], [3036.17, 1.441], [3036.16, 1.083], [3036.15, 0.796], [3036.14, 3.989], [3036.13, 1.917], [3036.12, 3.721], [3036.11, 0.076], [3036.1, 3.812], [3036.09, 0.338]], "asks": [[3036.31, 57.23], [3036.32, 0.053], [3036.33, 0.63], [3036.36, 0.062], [3036.39, 1.448], [3036.4, 0.715], [3036.41, 0.031], [3036.42, 0.024], [3036.43, 1.687], [3036.44, 6.408], [3036.45, 4.62], [3036.46, 3.497], [3036.47, 4.373], [3036.48, 13.92], [3036.49, 85.444], [3036.5, 0.028], [3036.51, 3.012], [3036.52, 0.073], [3036.53, 0.359], [3036.54, 0.014]], "timestamp": "2025-12-06T05:57:36.737920+00:00"}, {"symbol": "ETHUSDT", "bids": [[3036.44, 55.201], [3036.43, 0.111], [3036.42, 0.156], [3036.41, 1.45], [3036.4, 0.021], [3036.39, 0.01], [3036.38, 7.457], [3036.37, 0.372], [3036.36, 5.75], [3036.35, 3.375], [3036.34, 3.927], [3036.33, 4.951], [3036.32, 7.333], [3036.31, 11.567], [3036.3, 10.2], [3036.29, 22.378], [3036.28, 1.298], [3036.27, 3.357], [3036.26, 3.333], [3036.25, 0.067]], "asks": [[3036.45, 1.575], [3036.46, 0.408], [3036.48, 0.014], [3036.5, 0.783], [3036.51, 0.178], [3036.52, 11.785], [3036.53, 0.007], [3036.54, 0.695], [3036.56, 0.046], [3036.57, 0.038], [3036.59, 0.015], [3036.6, 0.782], [3036.61, 0.457], [3036.62, 0.022], [3036.63, 0.014], [3036.64, 0.014], [3036.65, 0.39], [3036.66, 0.137], [3036.67, 0.023], [3036.68, 0.049]], "timestamp": "2025-12-06T05:58:27.927525+00:00"}, {"symbol": "ETHUSDT", "bids": [[3035.81, 22.334], [3035.8, 0.017], [3035.79, 0.065], [3035.78, 3.419], [3035.77, 3.32], [3035.76, 1.303], [3035.75, 0.483], [3035.73, 1.289], [3035.72, 0.082], [3035.71, 1.301], [3035.7, 0.451], [3035.69, 0.088], [3035.68, 0.028], [3035.67, 2.669], [3035.66, 3.66], [3035.65, 1.539], [3035.64, 0.022], [3035.63, 3.33], [3035.62, 0.837], [3035.61, 1.34]], "asks": [[3035.82, 170.077], [3035.83, 0.048], [3035.84, 0.007], [3035.85, 0.024], [3035.87, 1.164], [3035.88, 1.44], [3035.89, 1.079], [3035.9, 11.463], [3035.91, 23.469], [3035.92, 0.084], [3035.93, 20.028], [3035.94, 0.007], [3035.95, 0.008], [3035.96, 20.42], [3035.97, 0.017], [3035.99, 0.179], [3036.0, 6.879], [3036.01, 12.857], [3036.02, 1.735], [3036.03, 0.093]], "timestamp": "2025-12-06T05:59:19.203653+00:00"}, {"symbol": "ETHUSDT", "bids": [[3034.0, 25.304], [3033.99, 1.115], [3033.98, 0.014], [3033.97, 0.379], [3033.96, 0.123], [3033.95, 0.047], [3033.94, 0.014], [3033.93, 0.032], [3033.92, 0.017], [3033.91, 0.128], [3033.9, 0.043], [3033.89, 0.094], [3033.88, 0.015], [3033.87, 0.397], [3033.86, 25.222], [3033.85, 150.059], [3033.84, 1.608], [3033.83, 0.049], [3033.82, 0.031], [3033.81, 0.345]], "asks": [[3034.01, 96.315], [3034.02, 5.327], [3034.03, 1.111], [3034.04, 1.111], [3034.05, 0.007], [3034.06, 0.046], [3034.09, 2.373], [3034.1, 0.832], [3034.11, 13.483], [3034.12, 0.021], [3034.13, 0.009], [3034.14, 0.115], [3034.15, 0.053], [3034.17, 0.039], [3034.18, 0.008], [3034.19, 1.339], [3034.2, 0.021], [3034.21, 3.475], [3034.22, 2.657], [3034.23, 1.319]], "timestamp": "2025-12-06T06:00:10.541319+00:00"}, {"symbol": "ETHUSDT", "bids": [[3033.85, 151.128], [3033.84, 0.589], [3033.83, 0.437], [3033.82, 0.098], [3033.81, 0.008], [3033.8, 1.281], [3033.79, 0.06], [3033.78, 0.008], [3033.77, 0.014], [3033.76, 0.027], [3033.75, 0.163], [3033.73, 0.015], [3033.72, 2.338], [3033.71, 0.046], [3033.7, 0.432], [3033.69, 0.273], [3033.67, 11.596], [3033.66, 0.014], [3033.65, 24.657], [3033.64, 150.041]], "asks": [[3033.86, 214.472], [3033.87, 24.197], [3033.88, 108.655], [3033.89, 3.58], [3033.9, 1.035], [3033.91, 0.009], [3033.92, 0.046], [3033.93, 1.333], [3033.94, 0.096], [3033.95, 0.494], [3033.96, 0.038], [3033.97, 0.039], [3033.98, 0.007], [3033.99, 0.036], [3034.0, 4.957], [3034.01, 0.376], [3034.02, 0.076], [3034.03, 0.007], [3034.04, 1.548], [3034.05, 0.039]], "timestamp": "2025-12-06T06:01:02.477483+00:00"}]