[{"symbol": "BNBUSDT", "bids": [[856.59, 47.0], [856.58, 12.92], [856.57, 1.78], [856.56, 12.72], [856.55, 7.59], [856.54, 5.59], [856.53, 1.63], [856.52, 2.09], [856.51, 0.04], [856.5, 5.15], [856.49, 6.85], [856.48, 6.78], [856.47, 10.99], [856.46, 0.56], [856.45, 3.64], [856.44, 16.76], [856.43, 23.4], [856.42, 34.49], [856.41, 0.02], [856.4, 3.17]], "asks": [[856.6, 0.83], [856.61, 0.48], [856.62, 0.02], [856.64, 0.01], [856.66, 2.32], [856.67, 0.02], [856.68, 0.05], [856.69, 4.13], [856.7, 0.39], [856.71, 0.29], [856.72, 1.77], [856.73, 19.61], [856.74, 6.32], [856.75, 7.02], [856.76, 112.71], [856.77, 0.53], [856.78, 0.65], [856.79, 9.04], [856.8, 0.16], [856.81, 1.52]], "timestamp": "2025-12-20T00:00:19.099927+00:00"}, {"symbol": "BNBUSDT", "bids": [[857.0, 29.09], [856.99, 0.04], [856.98, 1.16], [856.97, 0.29], [856.96, 18.71], [856.95, 38.9], [856.94, 7.94], [856.93, 5.36], [856.92, 21.95], [856.91, 25.9], [856.9, 14.24], [856.89, 0.46], [856.88, 0.02], [856.87, 1.27], [856.86, 2.58], [856.85, 3.79], [856.84, 3.16], [856.83, 0.08], [856.82, 9.59], [856.81, 8.08]], "asks": [[857.01, 0.59], [857.02, 0.79], [857.03, 1.83], [857.04, 0.15], [857.05, 0.73], [857.06, 0.74], [857.07, 9.34], [857.08, 0.05], [857.09, 6.71], [857.1, 17.83], [857.11, 1.44], [857.12, 3.88], [857.13, 9.66], [857.14, 39.34], [857.15, 1.15], [857.16, 15.72], [857.17, 17.78], [857.18, 4.05], [857.19, 12.29], [857.2, 11.96]], "timestamp": "2025-12-20T00:01:12.790395+00:00"}, {"symbol": "BNBUSDT", "bids": [[855.87, 26.1], [855.86, 1.41], [855.85, 4.78], [855.84, 7.13], [855.82, 2.04], [855.81, 8.2], [855.8, 6.53], [855.79, 7.77], [855.78, 0.75], [855.77, 2.98], [855.76, 17.98], [855.75, 31.99], [855.74, 11.57], [855.73, 7.96], [855.72, 11.42], [855.71, 32.18], [855.7, 8.08], [855.69, 0.5], [855.68, 12.62], [855.67, 7.65]], "asks": [[855.88, 6.03], [855.89, 0.02], [855.92, 0.01], [855.95, 1.99], [855.96, 0.12], [855.97, 5.06], [855.98, 7.04], [855.99, 2.45], [856.0, 3.71], [856.01, 18.88], [856.02, 0.77], [856.03, 0.23], [856.04, 3.91], [856.05, 10.92], [856.06, 18.68], [856.07, 0.62], [856.08, 9.51], [856.09, 9.1], [856.1, 21.09], [856.11, 3.0]], "timestamp": "2025-12-20T00:02:24.110456+00:00"}, {"symbol": "BNBUSDT", "bids": [[856.16, 17.73], [856.15, 0.13], [856.14, 0.68], [856.13, 0.53], [856.12, 1.89], [856.11, 3.34], [856.1, 0.03], [856.09, 0.01], [856.08, 9.19], [856.07, 6.52], [856.06, 2.25], [856.05, 25.58], [856.04, 8.46], [856.03, 0.13], [856.02, 3.83], [856.01, 11.17], [856.0, 20.86], [855.99, 3.02], [855.98, 1.03], [855.97, 8.63]], "asks": [[856.17, 43.62], [856.18, 0.03], [856.2, 0.13], [856.22, 2.36], [856.23, 0.21], [856.24, 5.26], [856.25, 0.14], [856.26, 0.97], [856.27, 4.63], [856.28, 4.44], [856.29, 8.58], [856.3, 2.33], [856.31, 5.61], [856.32, 12.99], [856.33, 2.76], [856.34, 4.05], [856.35, 12.61], [856.36, 6.52], [856.37, 2.7], [856.38, 18.38]], "timestamp": "2025-12-20T00:03:18.521570+00:00"}, {"symbol": "BNBUSDT", "bids": [[856.07, 7.33], [856.06, 5.36], [856.05, 0.01], [856.04, 1.5], [856.03, 0.07], [856.02, 0.25], [856.0, 1.31], [855.99, 0.74], [855.98, 0.53], [855.97, 11.06], [855.96, 5.68], [855.95, 1.16], [855.94, 9.7], [855.93, 12.47], [855.92, 9.59], [855.91, 9.2], [855.9, 0.01], [855.89, 5.18], [855.88, 22.27], [855.87, 11.4]], "asks": [[856.08, 31.23], [856.09, 0.12], [856.1, 0.04], [856.12, 8.63], [856.13, 2.34], [856.14, 5.55], [856.15, 6.9], [856.16, 3.41], [856.17, 33.07], [856.18, 2.53], [856.19, 0.7], [856.2, 0.28], [856.21, 0.1], [856.22, 0.6], [856.23, 0.05], [856.24, 5.1], [856.25, 12.99], [856.26, 0.79], [856.27, 11.88], [856.28, 18.39]], "timestamp": "2025-12-20T00:04:11.379178+00:00"}, {"symbol": "BNBUSDT", "bids": [[855.89, 13.03], [855.88, 0.32], [855.87, 1.28], [855.86, 2.89], [855.85, 0.28], [855.84, 2.92], [855.83, 6.28], [855.82, 7.28], [855.81, 6.35], [855.8, 10.85], [855.79, 1.52], [855.78, 13.17], [855.77, 3.54], [855.76, 2.59], [855.75, 5.87], [855.74, 6.24], [855.73, 0.03], [855.72, 5.09], [855.71, 17.51], [855.7, 8.72]], "asks": [[855.9, 10.54], [855.91, 12.82], [855.92, 0.45], [855.93, 0.03], [855.95, 3.1], [855.96, 0.02], [855.98, 3.15], [855.99, 4.67], [856.0, 3.01], [856.01, 4.3], [856.02, 0.44], [856.03, 4.22], [856.04, 1.99], [856.05, 9.66], [856.06, 11.36], [856.07, 15.52], [856.08, 14.64], [856.09, 5.03], [856.1, 8.18], [856.11, 10.12]], "timestamp": "2025-12-20T00:05:15.805220+00:00"}, {"symbol": "BNBUSDT", "bids": [[855.82, 33.41], [855.81, 9.73], [855.8, 9.21], [855.79, 12.32], [855.78, 8.93], [855.77, 0.99], [855.76, 7.36], [855.75, 4.8], [855.74, 5.57], [855.73, 1.62], [855.72, 3.23], [855.71, 10.48], [855.7, 9.4], [855.69, 0.83], [855.68, 3.2], [855.67, 7.55], [855.66, 16.31], [855.65, 32.28], [855.64, 10.14], [855.63, 7.46]], "asks": [[855.83, 10.95], [855.84, 1.45], [855.85, 0.17], [855.87, 0.02], [855.88, 0.46], [855.89, 0.01], [855.9, 1.91], [855.91, 0.23], [855.92, 8.32], [855.93, 2.79], [855.94, 0.27], [855.95, 5.29], [855.96, 1.89], [855.97, 3.3], [855.98, 15.39], [855.99, 11.27], [856.0, 8.86], [856.01, 9.39], [856.02, 12.79], [856.03, 26.33]], "timestamp": "2025-12-20T00:06:09.344372+00:00"}, {"symbol": "BNBUSDT", "bids": [[855.6, 16.6], [855.59, 0.61], [855.58, 8.92], [855.57, 6.09], [855.56, 15.4], [855.55, 5.11], [855.54, 9.58], [855.53, 13.71], [855.52, 7.32], [855.51, 1.97], [855.5, 9.32], [855.49, 5.2], [855.48, 0.11], [855.47, 1.92], [855.46, 8.14], [855.45, 0.08], [855.44, 10.81], [855.43, 4.46], [855.42, 10.56], [855.41, 7.41]], "asks": [[855.61, 10.31], [855.62, 0.11], [855.63, 0.03], [855.64, 0.88], [855.65, 0.01], [855.66, 0.02], [855.67, 0.11], [855.68, 0.03], [855.69, 1.22], [855.7, 0.66], [855.71, 0.71], [855.72, 0.53], [855.73, 3.29], [855.74, 22.77], [855.75, 27.98], [855.76, 4.03], [855.77, 5.72], [855.78, 4.58], [855.79, 1.53], [855.8, 7.84]], "timestamp": "2025-12-20T00:07:02.184683+00:00"}, {"symbol": "BNBUSDT", "bids": [[855.44, 13.04], [855.43, 6.78], [855.42, 10.51], [855.41, 5.98], [855.4, 0.26], [855.39, 2.21], [855.38, 0.7], [855.37, 2.39], [855.36, 7.51], [855.35, 11.22], [855.34, 0.6], [855.33, 33.38], [855.32, 1.34], [855.31, 12.14], [855.3, 6.75], [855.29, 7.21], [855.28, 66.9], [855.27, 24.58], [855.26, 4.11], [855.25, 3.97]], "asks": [[855.45, 18.97], [855.46, 1.25], [855.47, 7.12], [855.48, 1.05], [855.5, 5.28], [855.51, 0.48], [855.52, 4.55], [855.53, 0.04], [855.54, 2.64], [855.55, 3.5], [855.56, 7.48], [855.57, 3.65], [855.58, 3.16], [855.59, 15.96], [855.6, 2.4], [855.61, 8.6], [855.62, 14.22], [855.63, 7.79], [855.64, 19.84], [855.65, 10.91]], "timestamp": "2025-12-20T00:07:54.932455+00:00"}, {"symbol": "BNBUSDT", "bids": [[855.95, 3.82], [855.94, 0.1], [855.92, 0.03], [855.91, 0.08], [855.89, 0.05], [855.88, 3.29], [855.87, 5.84], [855.86, 9.82], [855.85, 7.25], [855.84, 3.84], [855.83, 1.33], [855.82, 2.34], [855.81, 9.26], [855.8, 3.88], [855.79, 4.84], [855.78, 6.14], [855.77, 10.35], [855.76, 6.51], [855.75, 4.32], [855.74, 9.56]], "asks": [[855.96, 55.76], [855.97, 0.4], [855.98, 0.01], [855.99, 10.82], [856.0, 0.08], [856.01, 3.5], [856.02, 13.02], [856.03, 6.4], [856.04, 6.64], [856.05, 7.35], [856.06, 1.06], [856.07, 6.64], [856.08, 11.59], [856.09, 4.26], [856.11, 9.26], [856.12, 5.39], [856.13, 21.29], [856.14, 1.61], [856.15, 39.18], [856.16, 14.83]], "timestamp": "2025-12-20T00:08:48.375212+00:00"}, {"symbol": "BNBUSDT", "bids": [[855.91, 55.64], [855.9, 4.52], [855.89, 0.15], [855.88, 2.4], [855.87, 2.35], [855.86, 1.48], [855.85, 0.41], [855.84, 14.48], [855.83, 10.17], [855.82, 13.09], [855.81, 11.26], [855.8, 17.57], [855.79, 3.82], [855.78, 0.31], [855.77, 0.19], [855.76, 3.11], [855.75, 7.15], [855.74, 0.43], [855.73, 1.67], [855.72, 12.68]], "asks": [[855.92, 3.68], [855.93, 0.01], [855.94, 0.6], [855.95, 0.02], [855.96, 0.04], [855.97, 0.02], [855.98, 0.39], [855.99, 3.71], [856.0, 0.05], [856.01, 0.55], [856.02, 15.34], [856.03, 5.15], [856.04, 4.41], [856.05, 0.62], [856.06, 2.58], [856.07, 1.72], [856.08, 9.01], [856.09, 3.89], [856.1, 1.17], [856.11, 7.13]], "timestamp": "2025-12-20T00:09:41.827972+00:00"}, {"symbol": "BNBUSDT", "bids": [[855.72, 35.91], [855.71, 0.11], [855.7, 0.11], [855.69, 0.31], [855.68, 5.03], [855.67, 12.8], [855.66, 8.66], [855.65, 4.52], [855.64, 11.77], [855.63, 17.82], [855.62, 4.28], [855.61, 1.58], [855.6, 2.53], [855.59, 0.59], [855.58, 3.53], [855.57, 3.48], [855.56, 12.65], [855.55, 7.33], [855.54, 27.85], [855.53, 3.38]], "asks": [[855.73, 21.64], [855.74, 3.89], [855.75, 0.04], [855.76, 11.25], [855.77, 1.75], [855.78, 0.47], [855.8, 10.81], [855.81, 11.7], [855.82, 20.35], [855.83, 5.64], [855.84, 0.23], [855.85, 4.72], [855.86, 18.31], [855.87, 6.17], [855.88, 12.32], [855.89, 10.71], [855.9, 12.79], [855.91, 10.02], [855.92, 15.69], [855.93, 3.88]], "timestamp": "2025-12-20T00:10:35.171601+00:00"}, {"symbol": "BNBUSDT", "bids": [[855.72, 26.7], [855.71, 8.77], [855.7, 8.8], [855.69, 8.04], [855.68, 13.37], [855.67, 16.2], [855.66, 15.45], [855.65, 8.51], [855.64, 19.79], [855.63, 3.7], [855.62, 8.55], [855.61, 7.89], [855.6, 0.11], [855.59, 0.71], [855.58, 0.28], [855.57, 0.01], [855.56, 2.33], [855.55, 4.89], [855.54, 1.18], [855.53, 0.03]], "asks": [[855.73, 21.52], [855.74, 3.88], [855.76, 3.88], [855.77, 1.67], [855.78, 2.32], [855.79, 8.4], [855.8, 0.08], [855.81, 5.5], [855.82, 6.05], [855.83, 3.91], [855.84, 12.82], [855.85, 24.81], [855.86, 6.56], [855.87, 5.09], [855.88, 11.59], [855.89, 5.92], [855.9, 20.36], [855.91, 2.35], [855.92, 10.11], [855.93, 0.59]], "timestamp": "2025-12-20T00:11:27.870679+00:00"}, {"symbol": "BNBUSDT", "bids": [[856.19, 19.11], [856.18, 0.02], [856.17, 0.2], [856.16, 0.02], [856.15, 1.86], [856.14, 12.02], [856.13, 2.55], [856.12, 4.49], [856.11, 7.44], [856.1, 0.3], [856.09, 5.17], [856.08, 6.63], [856.07, 7.66], [856.06, 3.5], [856.05, 6.32], [856.04, 14.38], [856.03, 0.97], [856.02, 3.45], [856.01, 42.12], [856.0, 23.74]], "asks": [[856.2, 25.82], [856.21, 4.78], [856.22, 4.5], [856.23, 7.74], [856.24, 0.04], [856.25, 6.97], [856.26, 5.12], [856.27, 28.75], [856.28, 30.37], [856.29, 6.8], [856.3, 0.01], [856.31, 1.14], [856.32, 3.84], [856.33, 1.64], [856.34, 0.69], [856.35, 5.58], [856.36, 2.69], [856.37, 6.13], [856.38, 9.95], [856.39, 18.29]], "timestamp": "2025-12-20T00:12:23.534021+00:00"}, {"symbol": "BNBUSDT", "bids": [[856.71, 13.03], [856.7, 0.14], [856.68, 0.03], [856.67, 0.24], [856.66, 2.34], [856.64, 2.21], [856.63, 4.39], [856.62, 13.41], [856.61, 12.06], [856.6, 10.97], [856.59, 7.0], [856.58, 1.34], [856.57, 17.75], [856.56, 5.1], [856.55, 4.61], [856.54, 0.37], [856.53, 6.01], [856.52, 0.79], [856.51, 2.59], [856.5, 3.4]], "asks": [[856.72, 13.22], [856.73, 1.53], [856.74, 1.3], [856.75, 0.05], [856.76, 3.92], [856.77, 2.29], [856.78, 4.46], [856.79, 7.51], [856.8, 9.5], [856.81, 9.89], [856.82, 0.39], [856.83, 3.13], [856.84, 7.87], [856.85, 2.51], [856.86, 5.65], [856.87, 8.41], [856.88, 2.41], [856.89, 4.55], [856.9, 9.06], [856.91, 15.87]], "timestamp": "2025-12-20T00:13:16.642910+00:00"}, {"symbol": "BNBUSDT", "bids": [[856.75, 10.71], [856.74, 0.04], [856.72, 1.6], [856.71, 2.72], [856.7, 0.02], [856.69, 4.08], [856.68, 8.57], [856.67, 9.92], [856.66, 11.54], [856.65, 4.37], [856.64, 1.34], [856.63, 0.39], [856.62, 3.77], [856.61, 3.67], [856.6, 20.13], [856.59, 11.11], [856.58, 0.47], [856.57, 36.19], [856.56, 9.32], [856.55, 3.01]], "asks": [[856.76, 19.37], [856.77, 0.06], [856.78, 3.89], [856.79, 0.28], [856.8, 0.97], [856.81, 14.18], [856.82, 0.14], [856.84, 0.22], [856.85, 7.56], [856.86, 10.86], [856.87, 0.89], [856.88, 0.63], [856.89, 3.66], [856.9, 4.11], [856.91, 12.64], [856.92, 16.81], [856.93, 14.05], [856.94, 0.01], [856.95, 2.41], [856.96, 20.12]], "timestamp": "2025-12-20T00:14:10.017163+00:00"}, {"symbol": "BNBUSDT", "bids": [[856.3, 18.59], [856.29, 0.01], [856.28, 7.18], [856.27, 11.54], [856.26, 8.85], [856.24, 4.18], [856.23, 0.07], [856.22, 0.27], [856.21, 2.49], [856.2, 8.37], [856.19, 52.04], [856.18, 0.14], [856.17, 3.5], [856.16, 1.66], [856.15, 2.61], [856.14, 5.45], [856.13, 0.29], [856.12, 0.33], [856.11, 0.77], [856.1, 7.24]], "asks": [[856.31, 4.9], [856.32, 0.06], [856.34, 0.12], [856.35, 0.11], [856.36, 5.37], [856.37, 6.44], [856.38, 0.02], [856.39, 9.18], [856.4, 0.38], [856.41, 4.16], [856.42, 7.79], [856.43, 7.12], [856.44, 4.45], [856.45, 2.27], [856.46, 7.47], [856.47, 6.45], [856.48, 18.14], [856.49, 13.56], [856.5, 17.62], [856.51, 10.43]], "timestamp": "2025-12-20T00:15:11.867369+00:00"}, {"symbol": "BNBUSDT", "bids": [[856.37, 11.4], [856.36, 0.03], [856.35, 0.02], [856.34, 0.63], [856.33, 1.28], [856.32, 0.02], [856.31, 5.25], [856.3, 6.65], [856.29, 3.21], [856.28, 9.98], [856.27, 2.36], [856.26, 0.99], [856.25, 5.85], [856.24, 34.74], [856.23, 2.47], [856.22, 1.4], [856.21, 3.17], [856.2, 12.67], [856.19, 7.02], [856.18, 18.74]], "asks": [[856.38, 21.46], [856.39, 0.01], [856.4, 0.02], [856.41, 8.92], [856.42, 0.12], [856.43, 0.08], [856.44, 4.92], [856.45, 16.68], [856.46, 14.91], [856.47, 19.85], [856.48, 25.0], [856.49, 2.24], [856.5, 5.85], [856.51, 0.03], [856.52, 7.12], [856.53, 2.29], [856.54, 2.9], [856.55, 0.69], [856.56, 0.03], [856.57, 8.78]], "timestamp": "2025-12-20T00:16:05.916491+00:00"}]