[{"id": "789064968", "price": 856.68, "amount": 0.47, "side": "buy", "timestamp": 1766188807602}, {"id": "789064969", "price": 856.67, "amount": 1.91, "side": "sell", "timestamp": 1766188807638}, {"id": "789064970", "price": 856.67, "amount": 0.04, "side": "sell", "timestamp": 1766188808844}, {"id": "789064971", "price": 856.66, "amount": 0.01, "side": "sell", "timestamp": 1766188808844}, {"id": "789064972", "price": 856.66, "amount": 0.01, "side": "buy", "timestamp": 1766188809386}, {"id": "789064973", "price": 856.65, "amount": 0.08, "side": "sell", "timestamp": 1766188809864}, {"id": "789064974", "price": 856.65, "amount": 0.06, "side": "sell", "timestamp": 1766188810265}, {"id": "789064975", "price": 856.64, "amount": 0.02, "side": "sell", "timestamp": 1766188810308}, {"id": "789064976", "price": 856.63, "amount": 0.07, "side": "sell", "timestamp": 1766188810347}, {"id": "789064977", "price": 856.64, "amount": 0.08, "side": "buy", "timestamp": 1766188810567}, {"id": "789064978", "price": 856.64, "amount": 3.26, "side": "buy", "timestamp": 1766188811619}, {"id": "789064979", "price": 856.65, "amount": 0.02, "side": "buy", "timestamp": 1766188811619}, {"id": "789064980", "price": 856.66, "amount": 0.09, "side": "buy", "timestamp": 1766188811619}, {"id": "789064981", "price": 856.67, "amount": 1.0, "side": "buy", "timestamp": 1766188811619}, {"id": "789064982", "price": 856.68, "amount": 0.65, "side": "buy", "timestamp": 1766188811619}, {"id": "789064983", "price": 856.69, "amount": 4.58, "side": "buy", "timestamp": 1766188811619}, {"id": "789064984", "price": 856.7, "amount": 2.05, "side": "buy", "timestamp": 1766188811619}, {"id": "789064985", "price": 856.7, "amount": 0.82, "side": "sell", "timestamp": 1766188811724}, {"id": "789064986", "price": 856.7, "amount": 0.68, "side": "sell", "timestamp": 1766188812020}, {"id": "789064987", "price": 856.71, "amount": 0.31, "side": "buy", "timestamp": 1766188812192}, {"id": "789064988", "price": 856.71, "amount": 0.11, "side": "buy", "timestamp": 1766188812478}, {"id": "789064989", "price": 856.7, "amount": 0.18, "side": "sell", "timestamp": 1766188813169}, {"id": "789064990", "price": 856.71, "amount": 0.36, "side": "buy", "timestamp": 1766188813288}, {"id": "789064991", "price": 856.72, "amount": 0.1, "side": "buy", "timestamp": 1766188813323}, {"id": "789064992", "price": 856.73, "amount": 0.01, "side": "buy", "timestamp": 1766188813381}, {"id": "789064993", "price": 856.74, "amount": 0.17, "side": "buy", "timestamp": 1766188813907}, {"id": "789064994", "price": 856.73, "amount": 0.39, "side": "sell", "timestamp": 1766188813976}, {"id": "789064995", "price": 856.74, "amount": 0.4, "side": "buy", "timestamp": 1766188813994}, {"id": "789064996", "price": 856.73, "amount": 0.33, "side": "sell", "timestamp": 1766188814114}, {"id": "789064997", "price": 856.73, "amount": 0.46, "side": "sell", "timestamp": 1766188814345}, {"id": "789064998", "price": 856.74, "amount": 0.71, "side": "buy", "timestamp": 1766188814869}, {"id": "789064999", "price": 856.74, "amount": 0.08, "side": "buy", "timestamp": 1766188815071}, {"id": "789065000", "price": 856.74, "amount": 0.09, "side": "buy", "timestamp": 1766188815199}, {"id": "789065001", "price": 856.73, "amount": 0.06, "side": "sell", "timestamp": 1766188815531}, {"id": "789065002", "price": 856.72, "amount": 0.03, "side": "buy", "timestamp": 1766188816108}, {"id": "789065003", "price": 856.71, "amount": 0.6, "side": "sell", "timestamp": 1766188816998}, {"id": "789065004", "price": 856.68, "amount": 0.01, "side": "sell", "timestamp": 1766188817004}, {"id": "789065005", "price": 856.64, "amount": 0.01, "side": "sell", "timestamp": 1766188817050}, {"id": "789065006", "price": 856.63, "amount": 0.3, "side": "sell", "timestamp": 1766188817100}, {"id": "789065007", "price": 856.61, "amount": 0.42, "side": "sell", "timestamp": 1766188817121}, {"id": "789065008", "price": 856.6, "amount": 0.02, "side": "sell", "timestamp": 1766188817186}, {"id": "789065009", "price": 856.58, "amount": 0.05, "side": "sell", "timestamp": 1766188817186}, {"id": "789065010", "price": 856.58, "amount": 0.36, "side": "buy", "timestamp": 1766188817296}, {"id": "789065011", "price": 856.57, "amount": 0.39, "side": "sell", "timestamp": 1766188817297}, {"id": "789065012", "price": 856.56, "amount": 0.72, "side": "sell", "timestamp": 1766188817521}, {"id": "789065013", "price": 856.57, "amount": 12.46, "side": "buy", "timestamp": 1766188817971}, {"id": "789065014", "price": 856.57, "amount": 0.05, "side": "buy", "timestamp": 1766188818315}, {"id": "789065015", "price": 856.57, "amount": 0.42, "side": "buy", "timestamp": 1766188818475}, {"id": "789065016", "price": 856.58, "amount": 0.03, "side": "buy", "timestamp": 1766188818475}, {"id": "789065017", "price": 856.6, "amount": 0.04, "side": "buy", "timestamp": 1766188818533}, {"id": "789065131", "price": 856.75, "amount": 0.04, "side": "sell", "timestamp": 1766188863466}, {"id": "789065132", "price": 856.76, "amount": 0.12, "side": "buy", "timestamp": 1766188863805}, {"id": "789065133", "price": 856.76, "amount": 131.83, "side": "buy", "timestamp": 1766188864312}, {"id": "789065134", "price": 856.77, "amount": 0.07, "side": "buy", "timestamp": 1766188864327}, {"id": "789065135", "price": 856.78, "amount": 0.81, "side": "buy", "timestamp": 1766188864327}, {"id": "789065136", "price": 856.79, "amount": 1.78, "side": "buy", "timestamp": 1766188864350}, {"id": "789065137", "price": 856.8, "amount": 0.57, "side": "buy", "timestamp": 1766188864355}, {"id": "789065138", "price": 856.81, "amount": 0.02, "side": "buy", "timestamp": 1766188864370}, {"id": "789065139", "price": 856.82, "amount": 0.01, "side": "buy", "timestamp": 1766188864370}, {"id": "789065140", "price": 856.84, "amount": 0.07, "side": "buy", "timestamp": 1766188864370}, {"id": "789065141", "price": 856.85, "amount": 2.62, "side": "buy", "timestamp": 1766188864370}, {"id": "789065142", "price": 856.86, "amount": 13.55, "side": "buy", "timestamp": 1766188864389}, {"id": "789065143", "price": 856.87, "amount": 7.67, "side": "buy", "timestamp": 1766188864411}, {"id": "789065144", "price": 856.88, "amount": 1.44, "side": "buy", "timestamp": 1766188864442}, {"id": "789065145", "price": 856.89, "amount": 0.05, "side": "buy", "timestamp": 1766188864442}, {"id": "789065146", "price": 856.9, "amount": 0.01, "side": "buy", "timestamp": 1766188864442}, {"id": "789065147", "price": 856.91, "amount": 0.02, "side": "buy", "timestamp": 1766188864442}, {"id": "789065148", "price": 856.92, "amount": 0.28, "side": "buy", "timestamp": 1766188864442}, {"id": "789065149", "price": 856.92, "amount": 0.36, "side": "buy", "timestamp": 1766188864757}, {"id": "789065150", "price": 856.92, "amount": 0.12, "side": "buy", "timestamp": 1766188864907}, {"id": "789065151", "price": 856.92, "amount": 0.02, "side": "buy", "timestamp": 1766188865527}, {"id": "789065152", "price": 856.91, "amount": 3.57, "side": "sell", "timestamp": 1766188865833}, {"id": "789065153", "price": 856.92, "amount": 0.12, "side": "buy", "timestamp": 1766188865884}, {"id": "789065154", "price": 856.92, "amount": 0.14, "side": "buy", "timestamp": 1766188866837}, {"id": "789065155", "price": 856.92, "amount": 0.02, "side": "buy", "timestamp": 1766188867155}, {"id": "789065156", "price": 856.91, "amount": 0.01, "side": "sell", "timestamp": 1766188867182}, {"id": "789065157", "price": 856.91, "amount": 0.12, "side": "sell", "timestamp": 1766188867305}, {"id": "789065158", "price": 856.91, "amount": 0.04, "side": "sell", "timestamp": 1766188867582}, {"id": "789065159", "price": 856.92, "amount": 0.12, "side": "buy", "timestamp": 1766188867818}, {"id": "789065160", "price": 856.92, "amount": 0.12, "side": "buy", "timestamp": 1766188868829}, {"id": "789065161", "price": 856.91, "amount": 3.69, "side": "sell", "timestamp": 1766188868854}, {"id": "789065162", "price": 856.92, "amount": 0.12, "side": "buy", "timestamp": 1766188869904}, {"id": "789065163", "price": 856.91, "amount": 2.33, "side": "sell", "timestamp": 1766188869921}, {"id": "789065164", "price": 856.92, "amount": 0.72, "side": "buy", "timestamp": 1766188870466}, {"id": "789065165", "price": 856.92, "amount": 4.38, "side": "buy", "timestamp": 1766188870570}, {"id": "789065166", "price": 856.92, "amount": 0.12, "side": "buy", "timestamp": 1766188870816}, {"id": "789065167", "price": 856.91, "amount": 0.06, "side": "sell", "timestamp": 1766188870845}, {"id": "789065168", "price": 856.92, "amount": 0.06, "side": "buy", "timestamp": 1766188871549}, {"id": "789065169", "price": 856.92, "amount": 7.15, "side": "buy", "timestamp": 1766188871907}, {"id": "789065170", "price": 856.93, "amount": 0.17, "side": "buy", "timestamp": 1766188871985}, {"id": "789065171", "price": 856.94, "amount": 0.37, "side": "buy", "timestamp": 1766188871985}, {"id": "789065172", "price": 856.95, "amount": 0.12, "side": "buy", "timestamp": 1766188871985}, {"id": "789065173", "price": 856.96, "amount": 0.27, "side": "buy", "timestamp": 1766188871985}, {"id": "789065174", "price": 856.97, "amount": 2.12, "side": "buy", "timestamp": 1766188871985}, {"id": "789065175", "price": 856.98, "amount": 0.01, "side": "buy", "timestamp": 1766188871985}, {"id": "789065176", "price": 856.99, "amount": 1.19, "side": "buy", "timestamp": 1766188871985}, {"id": "789065177", "price": 857.0, "amount": 2.97, "side": "buy", "timestamp": 1766188871985}, {"id": "789065178", "price": 857.01, "amount": 1.8, "side": "buy", "timestamp": 1766188871985}, {"id": "789065179", "price": 857.0, "amount": 0.47, "side": "sell", "timestamp": 1766188872472}, {"id": "789065180", "price": 857.01, "amount": 0.02, "side": "buy", "timestamp": 1766188872858}, {"id": "789065453", "price": 856.43, "amount": 0.06, "side": "sell", "timestamp": 1766188937736}, {"id": "789065454", "price": 856.42, "amount": 0.23, "side": "sell", "timestamp": 1766188937900}, {"id": "789065455", "price": 856.41, "amount": 0.02, "side": "sell", "timestamp": 1766188937900}, {"id": "789065456", "price": 856.4, "amount": 0.87, "side": "sell", "timestamp": 1766188937900}, {"id": "789065457", "price": 856.39, "amount": 0.05, "side": "sell", "timestamp": 1766188937901}, {"id": "789065458", "price": 856.37, "amount": 0.03, "side": "buy", "timestamp": 1766188938309}, {"id": "789065459", "price": 856.36, "amount": 0.56, "side": "sell", "timestamp": 1766188938509}, {"id": "789065460", "price": 856.35, "amount": 1.54, "side": "sell", "timestamp": 1766188938509}, {"id": "789065461", "price": 856.34, "amount": 0.01, "side": "sell", "timestamp": 1766188938512}, {"id": "789065462", "price": 856.33, "amount": 0.02, "side": "sell", "timestamp": 1766188938512}, {"id": "789065463", "price": 856.32, "amount": 0.02, "side": "sell", "timestamp": 1766188938512}, {"id": "789065464", "price": 856.31, "amount": 0.19, "side": "sell", "timestamp": 1766188938512}, {"id": "789065465", "price": 856.32, "amount": 0.21, "side": "buy", "timestamp": 1766188938618}, {"id": "789065466", "price": 856.32, "amount": 0.01, "side": "buy", "timestamp": 1766188938941}, {"id": "789065467", "price": 856.32, "amount": 0.02, "side": "buy", "timestamp": 1766188939160}, {"id": "789065468", "price": 856.31, "amount": 0.04, "side": "sell", "timestamp": 1766188939196}, {"id": "789065469", "price": 856.32, "amount": 0.09, "side": "buy", "timestamp": 1766188939331}, {"id": "789065470", "price": 856.32, "amount": 0.01, "side": "buy", "timestamp": 1766188939938}, {"id": "789065471", "price": 856.31, "amount": 0.03, "side": "sell", "timestamp": 1766188941280}, {"id": "789065472", "price": 856.31, "amount": 1.88, "side": "sell", "timestamp": 1766188942493}, {"id": "789065473", "price": 856.3, "amount": 0.35, "side": "sell", "timestamp": 1766188942493}, {"id": "789065474", "price": 856.29, "amount": 0.2, "side": "sell", "timestamp": 1766188942493}, {"id": "789065475", "price": 856.28, "amount": 1.79, "side": "sell", "timestamp": 1766188942493}, {"id": "789065476", "price": 856.27, "amount": 2.0, "side": "sell", "timestamp": 1766188942493}, {"id": "789065477", "price": 856.25, "amount": 0.78, "side": "sell", "timestamp": 1766188942493}, {"id": "789065478", "price": 856.24, "amount": 4.25, "side": "sell", "timestamp": 1766188942493}, {"id": "789065479", "price": 856.23, "amount": 4.39, "side": "sell", "timestamp": 1766188942507}, {"id": "789065480", "price": 856.22, "amount": 0.72, "side": "sell", "timestamp": 1766188942526}, {"id": "789065481", "price": 856.21, "amount": 0.59, "side": "sell", "timestamp": 1766188942526}, {"id": "789065482", "price": 856.2, "amount": 13.51, "side": "sell", "timestamp": 1766188942526}, {"id": "789065483", "price": 856.19, "amount": 0.01, "side": "sell", "timestamp": 1766188942665}, {"id": "789065484", "price": 856.19, "amount": 0.01, "side": "buy", "timestamp": 1766188942690}, {"id": "789065485", "price": 856.17, "amount": 2.55, "side": "sell", "timestamp": 1766188942823}, {"id": "789065486", "price": 856.16, "amount": 0.02, "side": "sell", "timestamp": 1766188942823}, {"id": "789065487", "price": 856.15, "amount": 1.5, "side": "sell", "timestamp": 1766188942825}, {"id": "789065488", "price": 856.14, "amount": 3.5, "side": "sell", "timestamp": 1766188942825}, {"id": "789065489", "price": 856.13, "amount": 0.11, "side": "sell", "timestamp": 1766188942827}, {"id": "789065490", "price": 856.12, "amount": 0.48, "side": "sell", "timestamp": 1766188942827}, {"id": "789065491", "price": 856.11, "amount": 0.02, "side": "sell", "timestamp": 1766188942827}, {"id": "789065492", "price": 856.09, "amount": 0.3, "side": "sell", "timestamp": 1766188942827}, {"id": "789065493", "price": 856.08, "amount": 0.24, "side": "sell", "timestamp": 1766188942977}, {"id": "789065494", "price": 856.07, "amount": 0.02, "side": "sell", "timestamp": 1766188942977}, {"id": "789065495", "price": 856.06, "amount": 0.02, "side": "sell", "timestamp": 1766188942982}, {"id": "789065496", "price": 856.05, "amount": 1.38, "side": "sell", "timestamp": 1766188942982}, {"id": "789065497", "price": 856.04, "amount": 17.11, "side": "sell", "timestamp": 1766188942982}, {"id": "789065498", "price": 856.03, "amount": 4.25, "side": "sell", "timestamp": 1766188942982}, {"id": "789065499", "price": 856.02, "amount": 3.41, "side": "sell", "timestamp": 1766188943188}, {"id": "789065500", "price": 856.01, "amount": 0.19, "side": "sell", "timestamp": 1766188943192}, {"id": "789065501", "price": 856.0, "amount": 1.07, "side": "sell", "timestamp": 1766188943200}, {"id": "789065502", "price": 855.99, "amount": 0.14, "side": "sell", "timestamp": 1766188943200}, {"id": "789065631", "price": 856.28, "amount": 1.01, "side": "buy", "timestamp": 1766188972814}, {"id": "789065632", "price": 856.29, "amount": 0.21, "side": "buy", "timestamp": 1766188972814}, {"id": "789065633", "price": 856.3, "amount": 0.01, "side": "buy", "timestamp": 1766188972814}, {"id": "789065634", "price": 856.31, "amount": 0.22, "side": "buy", "timestamp": 1766188972814}, {"id": "789065635", "price": 856.32, "amount": 0.39, "side": "buy", "timestamp": 1766188972814}, {"id": "789065636", "price": 856.32, "amount": 0.19, "side": "buy", "timestamp": 1766188973108}, {"id": "789065637", "price": 856.31, "amount": 0.02, "side": "sell", "timestamp": 1766188973142}, {"id": "789065638", "price": 856.32, "amount": 0.01, "side": "buy", "timestamp": 1766188974228}, {"id": "789065639", "price": 856.32, "amount": 0.01, "side": "buy", "timestamp": 1766188974706}, {"id": "789065640", "price": 856.31, "amount": 2.58, "side": "sell", "timestamp": 1766188974790}, {"id": "789065641", "price": 856.3, "amount": 0.01, "side": "sell", "timestamp": 1766188974794}, {"id": "789065642", "price": 856.28, "amount": 0.03, "side": "sell", "timestamp": 1766188974832}, {"id": "789065643", "price": 856.27, "amount": 0.01, "side": "sell", "timestamp": 1766188974832}, {"id": "789065644", "price": 856.26, "amount": 1.42, "side": "sell", "timestamp": 1766188974832}, {"id": "789065645", "price": 856.24, "amount": 0.02, "side": "sell", "timestamp": 1766188974834}, {"id": "789065646", "price": 856.23, "amount": 0.03, "side": "sell", "timestamp": 1766188974834}, {"id": "789065647", "price": 856.22, "amount": 0.02, "side": "sell", "timestamp": 1766188975024}, {"id": "789065648", "price": 856.2, "amount": 0.02, "side": "sell", "timestamp": 1766188975024}, {"id": "789065649", "price": 856.19, "amount": 0.02, "side": "sell", "timestamp": 1766188975024}, {"id": "789065650", "price": 856.16, "amount": 0.24, "side": "sell", "timestamp": 1766188975291}, {"id": "789065651", "price": 856.17, "amount": 0.01, "side": "buy", "timestamp": 1766188976181}, {"id": "789065652", "price": 856.17, "amount": 0.02, "side": "buy", "timestamp": 1766188976556}, {"id": "789065653", "price": 856.17, "amount": 0.02, "side": "buy", "timestamp": 1766188977445}, {"id": "789065654", "price": 856.17, "amount": 0.02, "side": "buy", "timestamp": 1766188978400}, {"id": "789065655", "price": 856.17, "amount": 0.93, "side": "buy", "timestamp": 1766188978631}, {"id": "789065656", "price": 856.16, "amount": 0.05, "side": "sell", "timestamp": 1766188981273}, {"id": "789065657", "price": 856.16, "amount": 0.42, "side": "sell", "timestamp": 1766188982099}, {"id": "789065658", "price": 856.16, "amount": 0.24, "side": "sell", "timestamp": 1766188982798}, {"id": "789065659", "price": 856.16, "amount": 0.02, "side": "sell", "timestamp": 1766188983445}, {"id": "789065660", "price": 856.16, "amount": 0.89, "side": "sell", "timestamp": 1766188983837}, {"id": "789065661", "price": 856.16, "amount": 13.35, "side": "sell", "timestamp": 1766188984411}, {"id": "789065662", "price": 856.17, "amount": 0.44, "side": "buy", "timestamp": 1766188985843}, {"id": "789065663", "price": 856.16, "amount": 9.21, "side": "sell", "timestamp": 1766188986620}, {"id": "789065664", "price": 856.17, "amount": 0.55, "side": "buy", "timestamp": 1766188986663}, {"id": "789065665", "price": 856.16, "amount": 0.01, "side": "sell", "timestamp": 1766188987046}, {"id": "789065666", "price": 856.17, "amount": 0.07, "side": "buy", "timestamp": 1766188988257}, {"id": "789065667", "price": 856.17, "amount": 0.11, "side": "buy", "timestamp": 1766188988679}, {"id": "789065668", "price": 856.16, "amount": 0.03, "side": "sell", "timestamp": 1766188988775}, {"id": "789065669", "price": 856.17, "amount": 0.2, "side": "buy", "timestamp": 1766188988947}, {"id": "789065670", "price": 856.16, "amount": 10.1, "side": "sell", "timestamp": 1766188989077}, {"id": "789065671", "price": 856.16, "amount": 1.0, "side": "sell", "timestamp": 1766188989553}, {"id": "789065672", "price": 856.16, "amount": 4.9, "side": "sell", "timestamp": 1766188990536}, {"id": "789065673", "price": 856.16, "amount": 0.01, "side": "sell", "timestamp": 1766188991017}, {"id": "789065674", "price": 856.17, "amount": 0.05, "side": "buy", "timestamp": 1766188991728}, {"id": "789065675", "price": 856.16, "amount": 0.03, "side": "sell", "timestamp": 1766188991886}, {"id": "789065676", "price": 856.17, "amount": 0.01, "side": "buy", "timestamp": 1766188992479}, {"id": "789065677", "price": 856.17, "amount": 0.07, "side": "buy", "timestamp": 1766188994282}, {"id": "789065678", "price": 856.17, "amount": 0.02, "side": "buy", "timestamp": 1766188994559}, {"id": "789065679", "price": 856.17, "amount": 0.03, "side": "buy", "timestamp": 1766188996900}, {"id": "789065680", "price": 856.17, "amount": 0.02, "side": "buy", "timestamp": 1766188998551}, {"id": "789065742", "price": 856.15, "amount": 0.06, "side": "sell", "timestamp": 1766189026307}, {"id": "789065743", "price": 856.16, "amount": 0.01, "side": "buy", "timestamp": 1766189026446}, {"id": "789065744", "price": 856.16, "amount": 0.12, "side": "buy", "timestamp": 1766189027190}, {"id": "789065745", "price": 856.15, "amount": 0.22, "side": "sell", "timestamp": 1766189027265}, {"id": "789065746", "price": 856.15, "amount": 14.6, "side": "sell", "timestamp": 1766189028720}, {"id": "789065747", "price": 856.14, "amount": 0.01, "side": "sell", "timestamp": 1766189028721}, {"id": "789065748", "price": 856.12, "amount": 1.23, "side": "sell", "timestamp": 1766189028830}, {"id": "789065749", "price": 856.09, "amount": 0.03, "side": "sell", "timestamp": 1766189028832}, {"id": "789065750", "price": 856.08, "amount": 0.01, "side": "sell", "timestamp": 1766189028832}, {"id": "789065751", "price": 856.07, "amount": 0.04, "side": "sell", "timestamp": 1766189028832}, {"id": "789065752", "price": 856.05, "amount": 0.02, "side": "sell", "timestamp": 1766189028832}, {"id": "789065753", "price": 856.05, "amount": 44.28, "side": "buy", "timestamp": 1766189028858}, {"id": "789065754", "price": 856.06, "amount": 2.47, "side": "buy", "timestamp": 1766189028903}, {"id": "789065755", "price": 856.08, "amount": 0.12, "side": "buy", "timestamp": 1766189028903}, {"id": "789065756", "price": 856.09, "amount": 0.42, "side": "buy", "timestamp": 1766189028903}, {"id": "789065757", "price": 856.1, "amount": 11.12, "side": "buy", "timestamp": 1766189028903}, {"id": "789065758", "price": 856.07, "amount": 0.89, "side": "sell", "timestamp": 1766189029159}, {"id": "789065759", "price": 856.07, "amount": 0.56, "side": "sell", "timestamp": 1766189029390}, {"id": "789065760", "price": 856.07, "amount": 0.57, "side": "sell", "timestamp": 1766189030127}, {"id": "789065761", "price": 856.08, "amount": 0.03, "side": "buy", "timestamp": 1766189030630}, {"id": "789065762", "price": 856.07, "amount": 0.93, "side": "sell", "timestamp": 1766189030868}, {"id": "789065763", "price": 856.08, "amount": 0.01, "side": "buy", "timestamp": 1766189030932}, {"id": "789065764", "price": 856.08, "amount": 0.17, "side": "buy", "timestamp": 1766189031618}, {"id": "789065765", "price": 856.08, "amount": 0.01, "side": "buy", "timestamp": 1766189032045}, {"id": "789065766", "price": 856.07, "amount": 1.02, "side": "sell", "timestamp": 1766189032338}, {"id": "789065767", "price": 856.07, "amount": 6.29, "side": "sell", "timestamp": 1766189033434}, {"id": "789065768", "price": 856.08, "amount": 0.93, "side": "buy", "timestamp": 1766189036068}, {"id": "789065769", "price": 856.07, "amount": 0.01, "side": "sell", "timestamp": 1766189037748}, {"id": "789065770", "price": 856.08, "amount": 0.01, "side": "buy", "timestamp": 1766189037836}, {"id": "789065771", "price": 856.07, "amount": 0.13, "side": "sell", "timestamp": 1766189038124}, {"id": "789065772", "price": 856.08, "amount": 0.01, "side": "buy", "timestamp": 1766189038197}, {"id": "789065773", "price": 856.07, "amount": 0.04, "side": "sell", "timestamp": 1766189039111}, {"id": "789065774", "price": 856.08, "amount": 0.01, "side": "buy", "timestamp": 1766189039545}, {"id": "789065775", "price": 856.08, "amount": 0.02, "side": "buy", "timestamp": 1766189040615}, {"id": "789065776", "price": 856.08, "amount": 0.04, "side": "buy", "timestamp": 1766189040767}, {"id": "789065777", "price": 856.08, "amount": 0.04, "side": "buy", "timestamp": 1766189040997}, {"id": "789065778", "price": 856.08, "amount": 0.25, "side": "buy", "timestamp": 1766189042967}, {"id": "789065779", "price": 856.08, "amount": 0.39, "side": "buy", "timestamp": 1766189043587}, {"id": "789065780", "price": 856.08, "amount": 0.15, "side": "buy", "timestamp": 1766189044406}, {"id": "789065781", "price": 856.07, "amount": 0.89, "side": "sell", "timestamp": 1766189044536}, {"id": "789065782", "price": 856.08, "amount": 0.01, "side": "buy", "timestamp": 1766189044996}, {"id": "789065783", "price": 856.08, "amount": 0.01, "side": "buy", "timestamp": 1766189045264}, {"id": "789065784", "price": 856.07, "amount": 0.24, "side": "sell", "timestamp": 1766189047445}, {"id": "789065785", "price": 856.07, "amount": 0.38, "side": "sell", "timestamp": 1766189048894}, {"id": "789065786", "price": 856.07, "amount": 1.0, "side": "sell", "timestamp": 1766189049141}, {"id": "789065787", "price": 856.08, "amount": 0.01, "side": "buy", "timestamp": 1766189049775}, {"id": "789065788", "price": 856.08, "amount": 0.06, "side": "buy", "timestamp": 1766189049929}, {"id": "789065789", "price": 856.08, "amount": 0.1, "side": "buy", "timestamp": 1766189050044}, {"id": "789065790", "price": 856.08, "amount": 0.02, "side": "buy", "timestamp": 1766189051148}, {"id": "789065791", "price": 856.08, "amount": 0.01, "side": "buy", "timestamp": 1766189051483}, {"id": "789065855", "price": 855.89, "amount": 1.02, "side": "sell", "timestamp": 1766189081010}, {"id": "789065856", "price": 855.9, "amount": 0.01, "side": "buy", "timestamp": 1766189082342}, {"id": "789065857", "price": 855.89, "amount": 0.12, "side": "sell", "timestamp": 1766189082425}, {"id": "789065858", "price": 855.89, "amount": 0.01, "side": "sell", "timestamp": 1766189084713}, {"id": "789065859", "price": 855.89, "amount": 0.04, "side": "sell", "timestamp": 1766189085608}, {"id": "789065860", "price": 855.89, "amount": 0.55, "side": "sell", "timestamp": 1766189086027}, {"id": "789065861", "price": 855.89, "amount": 0.22, "side": "sell", "timestamp": 1766189086469}, {"id": "789065862", "price": 855.9, "amount": 0.01, "side": "buy", "timestamp": 1766189087955}, {"id": "789065863", "price": 855.89, "amount": 0.01, "side": "sell", "timestamp": 1766189088555}, {"id": "789065864", "price": 855.89, "amount": 0.01, "side": "sell", "timestamp": 1766189089058}, {"id": "789065865", "price": 855.9, "amount": 0.01, "side": "buy", "timestamp": 1766189089191}, {"id": "789065866", "price": 855.89, "amount": 2.33, "side": "sell", "timestamp": 1766189089729}, {"id": "789065867", "price": 855.9, "amount": 0.01, "side": "buy", "timestamp": 1766189090201}, {"id": "789065868", "price": 855.89, "amount": 0.22, "side": "sell", "timestamp": 1766189092280}, {"id": "789065869", "price": 855.9, "amount": 0.15, "side": "buy", "timestamp": 1766189093040}, {"id": "789065870", "price": 855.9, "amount": 0.97, "side": "buy", "timestamp": 1766189093849}, {"id": "789065871", "price": 855.89, "amount": 0.04, "side": "sell", "timestamp": 1766189095367}, {"id": "789065872", "price": 855.89, "amount": 4.71, "side": "sell", "timestamp": 1766189095572}, {"id": "789065873", "price": 855.89, "amount": 0.24, "side": "sell", "timestamp": 1766189096910}, {"id": "789065874", "price": 855.89, "amount": 2.83, "side": "sell", "timestamp": 1766189097621}, {"id": "789065875", "price": 855.9, "amount": 0.98, "side": "buy", "timestamp": 1766189099229}, {"id": "789065876", "price": 855.9, "amount": 0.01, "side": "buy", "timestamp": 1766189099550}, {"id": "789065877", "price": 855.9, "amount": 0.01, "side": "buy", "timestamp": 1766189099754}, {"id": "789065878", "price": 855.9, "amount": 0.93, "side": "buy", "timestamp": 1766189099931}, {"id": "789065879", "price": 855.89, "amount": 0.02, "side": "sell", "timestamp": 1766189099932}, {"id": "789065880", "price": 855.89, "amount": 0.02, "side": "sell", "timestamp": 1766189101026}, {"id": "789065881", "price": 855.9, "amount": 2.76, "side": "buy", "timestamp": 1766189101763}, {"id": "789065882", "price": 855.9, "amount": 0.01, "side": "buy", "timestamp": 1766189102030}, {"id": "789065883", "price": 855.89, "amount": 0.17, "side": "sell", "timestamp": 1766189102073}, {"id": "789065884", "price": 855.9, "amount": 0.01, "side": "buy", "timestamp": 1766189102738}, {"id": "789065885", "price": 855.9, "amount": 0.01, "side": "buy", "timestamp": 1766189102972}, {"id": "789065886", "price": 855.89, "amount": 0.01, "side": "sell", "timestamp": 1766189104225}, {"id": "789065887", "price": 855.89, "amount": 0.72, "side": "sell", "timestamp": 1766189104828}, {"id": "789065888", "price": 855.9, "amount": 0.03, "side": "buy", "timestamp": 1766189104917}, {"id": "789065889", "price": 855.89, "amount": 0.08, "side": "sell", "timestamp": 1766189105030}, {"id": "789065890", "price": 855.9, "amount": 3.48, "side": "buy", "timestamp": 1766189105198}, {"id": "789065891", "price": 855.9, "amount": 0.01, "side": "buy", "timestamp": 1766189105389}, {"id": "789065892", "price": 855.9, "amount": 0.09, "side": "buy", "timestamp": 1766189107423}, {"id": "789065893", "price": 855.89, "amount": 1.67, "side": "sell", "timestamp": 1766189107439}, {"id": "789065894", "price": 855.9, "amount": 0.02, "side": "buy", "timestamp": 1766189107636}, {"id": "789065895", "price": 855.9, "amount": 0.04, "side": "buy", "timestamp": 1766189108823}, {"id": "789065896", "price": 855.9, "amount": 0.11, "side": "buy", "timestamp": 1766189109746}, {"id": "789065897", "price": 855.9, "amount": 0.06, "side": "buy", "timestamp": 1766189109848}, {"id": "789065898", "price": 855.9, "amount": 0.01, "side": "buy", "timestamp": 1766189110162}, {"id": "789065899", "price": 855.89, "amount": 0.01, "side": "sell", "timestamp": 1766189110324}, {"id": "789065900", "price": 855.9, "amount": 0.08, "side": "buy", "timestamp": 1766189112293}, {"id": "789065901", "price": 855.9, "amount": 0.01, "side": "buy", "timestamp": 1766189112489}, {"id": "789065902", "price": 855.89, "amount": 1.67, "side": "sell", "timestamp": 1766189112759}, {"id": "789065903", "price": 855.9, "amount": 0.03, "side": "buy", "timestamp": 1766189114221}, {"id": "789065904", "price": 855.9, "amount": 10.0, "side": "buy", "timestamp": 1766189115368}, {"id": "789065973", "price": 855.82, "amount": 0.92, "side": "buy", "timestamp": 1766189150354}, {"id": "789065974", "price": 855.81, "amount": 0.01, "side": "sell", "timestamp": 1766189151585}, {"id": "789065975", "price": 855.82, "amount": 0.14, "side": "buy", "timestamp": 1766189151670}, {"id": "789065976", "price": 855.81, "amount": 0.06, "side": "sell", "timestamp": 1766189151874}, {"id": "789065977", "price": 855.81, "amount": 0.08, "side": "sell", "timestamp": 1766189152704}, {"id": "789065978", "price": 855.81, "amount": 0.38, "side": "sell", "timestamp": 1766189152827}, {"id": "789065979", "price": 855.8, "amount": 0.1, "side": "sell", "timestamp": 1766189152827}, {"id": "789065980", "price": 855.79, "amount": 0.03, "side": "sell", "timestamp": 1766189152830}, {"id": "789065981", "price": 855.79, "amount": 0.01, "side": "buy", "timestamp": 1766189153049}, {"id": "789065982", "price": 855.78, "amount": 0.04, "side": "sell", "timestamp": 1766189154553}, {"id": "789065983", "price": 855.79, "amount": 0.06, "side": "buy", "timestamp": 1766189155433}, {"id": "789065984", "price": 855.78, "amount": 0.05, "side": "sell", "timestamp": 1766189157510}, {"id": "789065985", "price": 855.78, "amount": 0.23, "side": "sell", "timestamp": 1766189158024}, {"id": "789065986", "price": 855.79, "amount": 0.44, "side": "buy", "timestamp": 1766189158030}, {"id": "789065987", "price": 855.79, "amount": 0.47, "side": "buy", "timestamp": 1766189158349}, {"id": "789065988", "price": 855.79, "amount": 0.24, "side": "buy", "timestamp": 1766189158616}, {"id": "789065989", "price": 855.78, "amount": 0.31, "side": "sell", "timestamp": 1766189158753}, {"id": "789065990", "price": 855.79, "amount": 0.01, "side": "buy", "timestamp": 1766189158916}, {"id": "789065991", "price": 855.79, "amount": 0.11, "side": "buy", "timestamp": 1766189159084}, {"id": "789065992", "price": 855.79, "amount": 0.93, "side": "buy", "timestamp": 1766189159412}, {"id": "789065993", "price": 855.78, "amount": 0.01, "side": "sell", "timestamp": 1766189159664}, {"id": "789065994", "price": 855.79, "amount": 10.43, "side": "buy", "timestamp": 1766189160032}, {"id": "789065995", "price": 855.8, "amount": 0.02, "side": "buy", "timestamp": 1766189160066}, {"id": "789065996", "price": 855.81, "amount": 0.93, "side": "buy", "timestamp": 1766189160084}, {"id": "789065997", "price": 855.82, "amount": 0.02, "side": "buy", "timestamp": 1766189160084}, {"id": "789065998", "price": 855.82, "amount": 0.09, "side": "sell", "timestamp": 1766189160092}, {"id": "789065999", "price": 855.83, "amount": 0.06, "side": "buy", "timestamp": 1766189160532}, {"id": "789066000", "price": 855.82, "amount": 0.01, "side": "sell", "timestamp": 1766189160555}, {"id": "789066001", "price": 855.82, "amount": 0.01, "side": "sell", "timestamp": 1766189160789}, {"id": "789066002", "price": 855.83, "amount": 0.01, "side": "buy", "timestamp": 1766189161199}, {"id": "789066003", "price": 855.82, "amount": 0.04, "side": "sell", "timestamp": 1766189161375}, {"id": "789066004", "price": 855.83, "amount": 0.01, "side": "buy", "timestamp": 1766189161769}, {"id": "789066005", "price": 855.82, "amount": 0.23, "side": "sell", "timestamp": 1766189162062}, {"id": "789066006", "price": 855.83, "amount": 0.97, "side": "buy", "timestamp": 1766189162783}, {"id": "789066007", "price": 855.82, "amount": 0.13, "side": "sell", "timestamp": 1766189162980}, {"id": "789066008", "price": 855.83, "amount": 0.05, "side": "buy", "timestamp": 1766189163565}, {"id": "789066009", "price": 855.82, "amount": 0.4, "side": "sell", "timestamp": 1766189163582}, {"id": "789066010", "price": 855.82, "amount": 0.15, "side": "sell", "timestamp": 1766189164056}, {"id": "789066011", "price": 855.83, "amount": 0.02, "side": "buy", "timestamp": 1766189164069}, {"id": "789066012", "price": 855.83, "amount": 0.01, "side": "buy", "timestamp": 1766189164439}, {"id": "789066013", "price": 855.83, "amount": 0.08, "side": "buy", "timestamp": 1766189164653}, {"id": "789066014", "price": 855.83, "amount": 0.01, "side": "buy", "timestamp": 1766189165076}, {"id": "789066015", "price": 855.82, "amount": 0.72, "side": "sell", "timestamp": 1766189165132}, {"id": "789066016", "price": 855.83, "amount": 0.01, "side": "buy", "timestamp": 1766189165800}, {"id": "789066017", "price": 855.83, "amount": 0.05, "side": "buy", "timestamp": 1766189166124}, {"id": "789066018", "price": 855.83, "amount": 0.07, "side": "buy", "timestamp": 1766189167436}, {"id": "789066019", "price": 855.83, "amount": 0.01, "side": "buy", "timestamp": 1766189167599}, {"id": "789066020", "price": 855.83, "amount": 0.01, "side": "buy", "timestamp": 1766189168169}, {"id": "789066021", "price": 855.83, "amount": 0.11, "side": "buy", "timestamp": 1766189168798}, {"id": "789066022", "price": 855.82, "amount": 0.24, "side": "sell", "timestamp": 1766189169174}, {"id": "789066080", "price": 855.67, "amount": 0.65, "side": "sell", "timestamp": 1766189205419}, {"id": "789066081", "price": 855.66, "amount": 0.15, "side": "sell", "timestamp": 1766189206210}, {"id": "789066082", "price": 855.66, "amount": 0.12, "side": "sell", "timestamp": 1766189206543}, {"id": "789066083", "price": 855.67, "amount": 0.04, "side": "buy", "timestamp": 1766189206587}, {"id": "789066084", "price": 855.66, "amount": 0.2, "side": "sell", "timestamp": 1766189206660}, {"id": "789066085", "price": 855.65, "amount": 0.04, "side": "sell", "timestamp": 1766189206662}, {"id": "789066086", "price": 855.64, "amount": 0.01, "side": "sell", "timestamp": 1766189206838}, {"id": "789066087", "price": 855.65, "amount": 0.11, "side": "buy", "timestamp": 1766189207307}, {"id": "789066088", "price": 855.65, "amount": 0.01, "side": "buy", "timestamp": 1766189208104}, {"id": "789066089", "price": 855.64, "amount": 0.36, "side": "sell", "timestamp": 1766189208343}, {"id": "789066090", "price": 855.64, "amount": 0.79, "side": "sell", "timestamp": 1766189208572}, {"id": "789066091", "price": 855.65, "amount": 0.93, "side": "buy", "timestamp": 1766189209737}, {"id": "789066092", "price": 855.64, "amount": 0.25, "side": "sell", "timestamp": 1766189209977}, {"id": "789066093", "price": 855.64, "amount": 0.6, "side": "sell", "timestamp": 1766189210497}, {"id": "789066094", "price": 855.63, "amount": 0.12, "side": "sell", "timestamp": 1766189210497}, {"id": "789066095", "price": 855.64, "amount": 0.01, "side": "buy", "timestamp": 1766189210562}, {"id": "789066096", "price": 855.63, "amount": 0.64, "side": "sell", "timestamp": 1766189211816}, {"id": "789066097", "price": 855.61, "amount": 0.3, "side": "sell", "timestamp": 1766189211816}, {"id": "789066098", "price": 855.6, "amount": 0.27, "side": "sell", "timestamp": 1766189211816}, {"id": "789066099", "price": 855.57, "amount": 1.28, "side": "sell", "timestamp": 1766189212263}, {"id": "789066100", "price": 855.56, "amount": 5.39, "side": "sell", "timestamp": 1766189212263}, {"id": "789066101", "price": 855.55, "amount": 1.26, "side": "sell", "timestamp": 1766189212263}, {"id": "789066102", "price": 855.54, "amount": 0.26, "side": "sell", "timestamp": 1766189212263}, {"id": "789066103", "price": 855.53, "amount": 2.39, "side": "sell", "timestamp": 1766189212263}, {"id": "789066104", "price": 855.53, "amount": 0.12, "side": "buy", "timestamp": 1766189213157}, {"id": "789066105", "price": 855.53, "amount": 0.01, "side": "buy", "timestamp": 1766189213693}, {"id": "789066106", "price": 855.53, "amount": 0.02, "side": "buy", "timestamp": 1766189214042}, {"id": "789066107", "price": 855.53, "amount": 0.14, "side": "buy", "timestamp": 1766189215272}, {"id": "789066108", "price": 855.53, "amount": 0.08, "side": "buy", "timestamp": 1766189215445}, {"id": "789066109", "price": 855.53, "amount": 11.88, "side": "buy", "timestamp": 1766189215626}, {"id": "789066110", "price": 855.53, "amount": 4.79, "side": "buy", "timestamp": 1766189215727}, {"id": "789066111", "price": 855.54, "amount": 1.52, "side": "buy", "timestamp": 1766189215743}, {"id": "789066112", "price": 855.55, "amount": 2.05, "side": "buy", "timestamp": 1766189215760}, {"id": "789066113", "price": 855.56, "amount": 0.01, "side": "buy", "timestamp": 1766189215763}, {"id": "789066114", "price": 855.57, "amount": 0.13, "side": "buy", "timestamp": 1766189215763}, {"id": "789066115", "price": 855.58, "amount": 2.16, "side": "buy", "timestamp": 1766189215763}, {"id": "789066116", "price": 855.58, "amount": 0.02, "side": "buy", "timestamp": 1766189215902}, {"id": "789066117", "price": 855.59, "amount": 0.09, "side": "buy", "timestamp": 1766189215902}, {"id": "789066118", "price": 855.6, "amount": 0.02, "side": "buy", "timestamp": 1766189215902}, {"id": "789066119", "price": 855.61, "amount": 0.01, "side": "buy", "timestamp": 1766189216484}, {"id": "789066120", "price": 855.6, "amount": 18.04, "side": "sell", "timestamp": 1766189216608}, {"id": "789066121", "price": 855.61, "amount": 0.14, "side": "buy", "timestamp": 1766189217647}, {"id": "789066122", "price": 855.61, "amount": 0.01, "side": "buy", "timestamp": 1766189219459}, {"id": "789066123", "price": 855.61, "amount": 1.07, "side": "buy", "timestamp": 1766189219812}, {"id": "789066124", "price": 855.61, "amount": 0.01, "side": "buy", "timestamp": 1766189220242}, {"id": "789066125", "price": 855.6, "amount": 1.42, "side": "sell", "timestamp": 1766189220472}, {"id": "789066126", "price": 855.6, "amount": 0.04, "side": "sell", "timestamp": 1766189221030}, {"id": "789066127", "price": 855.6, "amount": 0.06, "side": "sell", "timestamp": 1766189221376}, {"id": "789066128", "price": 855.61, "amount": 0.33, "side": "buy", "timestamp": 1766189221626}, {"id": "789066129", "price": 855.61, "amount": 0.15, "side": "buy", "timestamp": 1766189222025}, {"id": "789066221", "price": 855.69, "amount": 0.72, "side": "sell", "timestamp": 1766189255604}, {"id": "789066222", "price": 855.7, "amount": 0.01, "side": "buy", "timestamp": 1766189256154}, {"id": "789066223", "price": 855.69, "amount": 1.46, "side": "sell", "timestamp": 1766189256219}, {"id": "789066224", "price": 855.68, "amount": 0.11, "side": "sell", "timestamp": 1766189256276}, {"id": "789066225", "price": 855.66, "amount": 0.02, "side": "sell", "timestamp": 1766189256284}, {"id": "789066226", "price": 855.64, "amount": 4.59, "side": "sell", "timestamp": 1766189256662}, {"id": "789066227", "price": 855.63, "amount": 7.37, "side": "sell", "timestamp": 1766189256736}, {"id": "789066228", "price": 855.62, "amount": 12.74, "side": "sell", "timestamp": 1766189256737}, {"id": "789066229", "price": 855.61, "amount": 547.23, "side": "sell", "timestamp": 1766189257713}, {"id": "789066230", "price": 855.6, "amount": 0.92, "side": "sell", "timestamp": 1766189257720}, {"id": "789066231", "price": 855.59, "amount": 0.02, "side": "sell", "timestamp": 1766189257721}, {"id": "789066232", "price": 855.58, "amount": 3.44, "side": "sell", "timestamp": 1766189257721}, {"id": "789066233", "price": 855.58, "amount": 0.3, "side": "sell", "timestamp": 1766189257874}, {"id": "789066234", "price": 855.58, "amount": 0.03, "side": "sell", "timestamp": 1766189257979}, {"id": "789066235", "price": 855.59, "amount": 0.17, "side": "buy", "timestamp": 1766189258030}, {"id": "789066236", "price": 855.58, "amount": 0.01, "side": "sell", "timestamp": 1766189258498}, {"id": "789066237", "price": 855.57, "amount": 0.01, "side": "sell", "timestamp": 1766189258498}, {"id": "789066238", "price": 855.56, "amount": 0.01, "side": "sell", "timestamp": 1766189258498}, {"id": "789066239", "price": 855.54, "amount": 0.02, "side": "sell", "timestamp": 1766189258498}, {"id": "789066240", "price": 855.52, "amount": 0.1, "side": "sell", "timestamp": 1766189258498}, {"id": "789066241", "price": 855.52, "amount": 0.48, "side": "sell", "timestamp": 1766189258686}, {"id": "789066242", "price": 855.5, "amount": 0.33, "side": "sell", "timestamp": 1766189258686}, {"id": "789066243", "price": 855.5, "amount": 4.29, "side": "sell", "timestamp": 1766189259709}, {"id": "789066244", "price": 855.49, "amount": 0.03, "side": "sell", "timestamp": 1766189259711}, {"id": "789066245", "price": 855.48, "amount": 0.08, "side": "sell", "timestamp": 1766189259711}, {"id": "789066246", "price": 855.47, "amount": 0.1, "side": "sell", "timestamp": 1766189259859}, {"id": "789066247", "price": 855.46, "amount": 0.04, "side": "sell", "timestamp": 1766189259864}, {"id": "789066248", "price": 855.47, "amount": 0.27, "side": "buy", "timestamp": 1766189260350}, {"id": "789066249", "price": 855.46, "amount": 0.51, "side": "sell", "timestamp": 1766189261344}, {"id": "789066250", "price": 855.46, "amount": 0.25, "side": "sell", "timestamp": 1766189262384}, {"id": "789066251", "price": 855.47, "amount": 0.02, "side": "buy", "timestamp": 1766189262483}, {"id": "789066252", "price": 855.47, "amount": 1.07, "side": "buy", "timestamp": 1766189262938}, {"id": "789066253", "price": 855.47, "amount": 5.62, "side": "buy", "timestamp": 1766189263724}, {"id": "789066254", "price": 855.46, "amount": 0.06, "side": "sell", "timestamp": 1766189264090}, {"id": "789066255", "price": 855.46, "amount": 0.26, "side": "sell", "timestamp": 1766189264822}, {"id": "789066256", "price": 855.47, "amount": 0.06, "side": "buy", "timestamp": 1766189265324}, {"id": "789066257", "price": 855.46, "amount": 0.04, "side": "sell", "timestamp": 1766189266855}, {"id": "789066258", "price": 855.47, "amount": 0.02, "side": "buy", "timestamp": 1766189267628}, {"id": "789066259", "price": 855.47, "amount": 0.02, "side": "buy", "timestamp": 1766189267910}, {"id": "789066260", "price": 855.46, "amount": 0.81, "side": "sell", "timestamp": 1766189268249}, {"id": "789066261", "price": 855.47, "amount": 0.01, "side": "buy", "timestamp": 1766189268309}, {"id": "789066262", "price": 855.46, "amount": 2.02, "side": "sell", "timestamp": 1766189268417}, {"id": "789066263", "price": 855.45, "amount": 0.01, "side": "sell", "timestamp": 1766189268420}, {"id": "789066264", "price": 855.44, "amount": 0.03, "side": "sell", "timestamp": 1766189268915}, {"id": "789066265", "price": 855.45, "amount": 0.01, "side": "buy", "timestamp": 1766189268991}, {"id": "789066266", "price": 855.44, "amount": 0.01, "side": "sell", "timestamp": 1766189270566}, {"id": "789066267", "price": 855.44, "amount": 0.72, "side": "sell", "timestamp": 1766189270790}, {"id": "789066268", "price": 855.44, "amount": 8.66, "side": "sell", "timestamp": 1766189271755}, {"id": "789066269", "price": 855.45, "amount": 0.04, "side": "buy", "timestamp": 1766189272288}, {"id": "789066270", "price": 855.44, "amount": 0.01, "side": "sell", "timestamp": 1766189274628}, {"id": "789066376", "price": 855.65, "amount": 1.91, "side": "buy", "timestamp": 1766189314949}, {"id": "789066377", "price": 855.66, "amount": 0.1, "side": "buy", "timestamp": 1766189314951}, {"id": "789066378", "price": 855.68, "amount": 0.8, "side": "buy", "timestamp": 1766189315050}, {"id": "789066379", "price": 855.69, "amount": 0.04, "side": "buy", "timestamp": 1766189315050}, {"id": "789066380", "price": 855.7, "amount": 0.08, "side": "buy", "timestamp": 1766189315051}, {"id": "789066381", "price": 855.71, "amount": 0.1, "side": "buy", "timestamp": 1766189315097}, {"id": "789066382", "price": 855.72, "amount": 0.12, "side": "buy", "timestamp": 1766189315097}, {"id": "789066383", "price": 855.73, "amount": 1.02, "side": "buy", "timestamp": 1766189315149}, {"id": "789066384", "price": 855.72, "amount": 0.89, "side": "sell", "timestamp": 1766189316188}, {"id": "789066385", "price": 855.73, "amount": 3.51, "side": "buy", "timestamp": 1766189316914}, {"id": "789066386", "price": 855.74, "amount": 0.27, "side": "buy", "timestamp": 1766189316914}, {"id": "789066387", "price": 855.75, "amount": 2.32, "side": "buy", "timestamp": 1766189316915}, {"id": "789066388", "price": 855.76, "amount": 0.05, "side": "buy", "timestamp": 1766189316916}, {"id": "789066389", "price": 855.77, "amount": 4.18, "side": "buy", "timestamp": 1766189316916}, {"id": "789066390", "price": 855.78, "amount": 5.54, "side": "buy", "timestamp": 1766189316920}, {"id": "789066391", "price": 855.79, "amount": 0.03, "side": "buy", "timestamp": 1766189316949}, {"id": "789066392", "price": 855.8, "amount": 0.04, "side": "buy", "timestamp": 1766189316949}, {"id": "789066393", "price": 855.81, "amount": 0.05, "side": "buy", "timestamp": 1766189316956}, {"id": "789066394", "price": 855.82, "amount": 0.7, "side": "buy", "timestamp": 1766189316992}, {"id": "789066395", "price": 855.83, "amount": 0.02, "side": "buy", "timestamp": 1766189317000}, {"id": "789066396", "price": 855.84, "amount": 2.67, "side": "buy", "timestamp": 1766189317000}, {"id": "789066397", "price": 855.85, "amount": 1.55, "side": "buy", "timestamp": 1766189317017}, {"id": "789066398", "price": 855.86, "amount": 0.33, "side": "buy", "timestamp": 1766189317017}, {"id": "789066399", "price": 855.86, "amount": 2.49, "side": "buy", "timestamp": 1766189317610}, {"id": "789066400", "price": 855.87, "amount": 0.02, "side": "buy", "timestamp": 1766189317610}, {"id": "789066401", "price": 855.88, "amount": 0.03, "side": "buy", "timestamp": 1766189317610}, {"id": "789066402", "price": 855.89, "amount": 0.01, "side": "buy", "timestamp": 1766189317610}, {"id": "789066403", "price": 855.9, "amount": 1.71, "side": "buy", "timestamp": 1766189317610}, {"id": "789066404", "price": 855.91, "amount": 0.01, "side": "buy", "timestamp": 1766189317610}, {"id": "789066405", "price": 855.92, "amount": 0.06, "side": "buy", "timestamp": 1766189317610}, {"id": "789066406", "price": 855.93, "amount": 2.32, "side": "buy", "timestamp": 1766189317610}, {"id": "789066407", "price": 855.94, "amount": 8.6, "side": "buy", "timestamp": 1766189317610}, {"id": "789066408", "price": 855.95, "amount": 0.25, "side": "buy", "timestamp": 1766189317610}, {"id": "789066409", "price": 855.96, "amount": 2.44, "side": "buy", "timestamp": 1766189317610}, {"id": "789066410", "price": 855.94, "amount": 0.08, "side": "buy", "timestamp": 1766189318602}, {"id": "789066411", "price": 855.96, "amount": 0.16, "side": "buy", "timestamp": 1766189318656}, {"id": "789066412", "price": 855.95, "amount": 0.25, "side": "sell", "timestamp": 1766189318895}, {"id": "789066413", "price": 855.96, "amount": 0.02, "side": "buy", "timestamp": 1766189318974}, {"id": "789066414", "price": 855.96, "amount": 0.03, "side": "buy", "timestamp": 1766189319409}, {"id": "789066415", "price": 855.96, "amount": 0.03, "side": "buy", "timestamp": 1766189319704}, {"id": "789066416", "price": 855.96, "amount": 0.07, "side": "buy", "timestamp": 1766189320426}, {"id": "789066417", "price": 855.96, "amount": 0.03, "side": "buy", "timestamp": 1766189320637}, {"id": "789066418", "price": 855.96, "amount": 0.01, "side": "buy", "timestamp": 1766189321311}, {"id": "789066419", "price": 855.96, "amount": 3.17, "side": "buy", "timestamp": 1766189321488}, {"id": "789066420", "price": 855.96, "amount": 0.14, "side": "buy", "timestamp": 1766189324434}, {"id": "789066421", "price": 855.95, "amount": 0.01, "side": "sell", "timestamp": 1766189326364}, {"id": "789066422", "price": 855.96, "amount": 0.07, "side": "buy", "timestamp": 1766189326403}, {"id": "789066423", "price": 855.95, "amount": 0.19, "side": "sell", "timestamp": 1766189326409}, {"id": "789066424", "price": 855.95, "amount": 0.01, "side": "sell", "timestamp": 1766189326685}, {"id": "789066425", "price": 855.96, "amount": 7.93, "side": "buy", "timestamp": 1766189328140}, {"id": "789066489", "price": 855.82, "amount": 0.06, "side": "buy", "timestamp": 1766189362338}, {"id": "789066490", "price": 855.81, "amount": 0.02, "side": "sell", "timestamp": 1766189362726}, {"id": "789066491", "price": 855.82, "amount": 1.77, "side": "buy", "timestamp": 1766189363355}, {"id": "789066492", "price": 855.82, "amount": 0.01, "side": "buy", "timestamp": 1766189363898}, {"id": "789066493", "price": 855.82, "amount": 0.84, "side": "buy", "timestamp": 1766189365027}, {"id": "789066494", "price": 855.81, "amount": 1.28, "side": "sell", "timestamp": 1766189365612}, {"id": "789066495", "price": 855.8, "amount": 0.02, "side": "sell", "timestamp": 1766189365614}, {"id": "789066496", "price": 855.79, "amount": 0.13, "side": "sell", "timestamp": 1766189366392}, {"id": "789066497", "price": 855.8, "amount": 0.01, "side": "buy", "timestamp": 1766189366693}, {"id": "789066498", "price": 855.79, "amount": 0.44, "side": "sell", "timestamp": 1766189368252}, {"id": "789066499", "price": 855.78, "amount": 0.04, "side": "sell", "timestamp": 1766189368252}, {"id": "789066500", "price": 855.76, "amount": 0.32, "side": "sell", "timestamp": 1766189368252}, {"id": "789066501", "price": 855.75, "amount": 0.04, "side": "sell", "timestamp": 1766189368252}, {"id": "789066502", "price": 855.74, "amount": 0.01, "side": "sell", "timestamp": 1766189368252}, {"id": "789066503", "price": 855.72, "amount": 1.15, "side": "sell", "timestamp": 1766189368252}, {"id": "789066504", "price": 855.73, "amount": 0.06, "side": "buy", "timestamp": 1766189368393}, {"id": "789066505", "price": 855.73, "amount": 0.93, "side": "buy", "timestamp": 1766189368942}, {"id": "789066506", "price": 855.73, "amount": 0.01, "side": "buy", "timestamp": 1766189369051}, {"id": "789066507", "price": 855.72, "amount": 0.63, "side": "sell", "timestamp": 1766189369361}, {"id": "789066508", "price": 855.73, "amount": 0.98, "side": "buy", "timestamp": 1766189369539}, {"id": "789066509", "price": 855.73, "amount": 0.01, "side": "buy", "timestamp": 1766189370154}, {"id": "789066510", "price": 855.73, "amount": 2.06, "side": "buy", "timestamp": 1766189370370}, {"id": "789066511", "price": 855.72, "amount": 0.02, "side": "sell", "timestamp": 1766189370587}, {"id": "789066512", "price": 855.73, "amount": 14.11, "side": "buy", "timestamp": 1766189371548}, {"id": "789066513", "price": 855.74, "amount": 0.03, "side": "buy", "timestamp": 1766189371554}, {"id": "789066514", "price": 855.77, "amount": 0.01, "side": "buy", "timestamp": 1766189371558}, {"id": "789066515", "price": 855.78, "amount": 0.03, "side": "buy", "timestamp": 1766189371558}, {"id": "789066516", "price": 855.8, "amount": 0.55, "side": "buy", "timestamp": 1766189371558}, {"id": "789066517", "price": 855.81, "amount": 0.01, "side": "buy", "timestamp": 1766189371560}, {"id": "789066518", "price": 855.81, "amount": 0.23, "side": "sell", "timestamp": 1766189372563}, {"id": "789066519", "price": 855.81, "amount": 0.05, "side": "sell", "timestamp": 1766189373449}, {"id": "789066520", "price": 855.81, "amount": 0.01, "side": "sell", "timestamp": 1766189373811}, {"id": "789066521", "price": 855.82, "amount": 0.04, "side": "buy", "timestamp": 1766189374408}, {"id": "789066522", "price": 855.82, "amount": 0.15, "side": "buy", "timestamp": 1766189375242}, {"id": "789066523", "price": 855.82, "amount": 0.01, "side": "buy", "timestamp": 1766189375452}, {"id": "789066524", "price": 855.82, "amount": 0.01, "side": "buy", "timestamp": 1766189375665}, {"id": "789066525", "price": 855.82, "amount": 1.27, "side": "buy", "timestamp": 1766189376062}, {"id": "789066526", "price": 855.81, "amount": 1.05, "side": "sell", "timestamp": 1766189376509}, {"id": "789066527", "price": 855.82, "amount": 0.93, "side": "buy", "timestamp": 1766189378086}, {"id": "789066528", "price": 855.81, "amount": 0.09, "side": "sell", "timestamp": 1766189378862}, {"id": "789066529", "price": 855.82, "amount": 0.03, "side": "buy", "timestamp": 1766189380147}, {"id": "789066530", "price": 855.81, "amount": 0.03, "side": "sell", "timestamp": 1766189380199}, {"id": "789066531", "price": 855.82, "amount": 0.01, "side": "buy", "timestamp": 1766189380349}, {"id": "789066532", "price": 855.82, "amount": 66.66, "side": "buy", "timestamp": 1766189381267}, {"id": "789066533", "price": 855.83, "amount": 0.02, "side": "buy", "timestamp": 1766189381271}, {"id": "789066534", "price": 855.84, "amount": 0.02, "side": "buy", "timestamp": 1766189381271}, {"id": "789066535", "price": 855.85, "amount": 0.02, "side": "buy", "timestamp": 1766189381272}, {"id": "789066536", "price": 855.88, "amount": 0.05, "side": "buy", "timestamp": 1766189381272}, {"id": "789066537", "price": 855.9, "amount": 0.02, "side": "buy", "timestamp": 1766189381273}, {"id": "789066538", "price": 855.92, "amount": 0.04, "side": "buy", "timestamp": 1766189381698}, {"id": "789066579", "price": 855.64, "amount": 0.02, "side": "buy", "timestamp": 1766189404679}, {"id": "789066580", "price": 855.64, "amount": 0.03, "side": "buy", "timestamp": 1766189404882}, {"id": "789066581", "price": 855.64, "amount": 0.01, "side": "buy", "timestamp": 1766189405103}, {"id": "789066582", "price": 855.63, "amount": 0.02, "side": "sell", "timestamp": 1766189405956}, {"id": "789066583", "price": 855.64, "amount": 0.11, "side": "buy", "timestamp": 1766189406070}, {"id": "789066584", "price": 855.63, "amount": 1.11, "side": "sell", "timestamp": 1766189406790}, {"id": "789066585", "price": 855.64, "amount": 0.01, "side": "buy", "timestamp": 1766189407648}, {"id": "789066586", "price": 855.64, "amount": 0.01, "side": "buy", "timestamp": 1766189407854}, {"id": "789066587", "price": 855.63, "amount": 0.02, "side": "sell", "timestamp": 1766189409208}, {"id": "789066588", "price": 855.64, "amount": 0.01, "side": "buy", "timestamp": 1766189409817}, {"id": "789066589", "price": 855.64, "amount": 0.07, "side": "buy", "timestamp": 1766189409945}, {"id": "789066590", "price": 855.63, "amount": 1.7, "side": "sell", "timestamp": 1766189409990}, {"id": "789066591", "price": 855.64, "amount": 0.09, "side": "buy", "timestamp": 1766189410058}, {"id": "789066592", "price": 855.64, "amount": 0.21, "side": "buy", "timestamp": 1766189410415}, {"id": "789066593", "price": 855.64, "amount": 1.96, "side": "buy", "timestamp": 1766189410791}, {"id": "789066594", "price": 855.65, "amount": 0.05, "side": "buy", "timestamp": 1766189410792}, {"id": "789066595", "price": 855.67, "amount": 0.54, "side": "buy", "timestamp": 1766189410797}, {"id": "789066596", "price": 855.68, "amount": 0.01, "side": "buy", "timestamp": 1766189410798}, {"id": "789066597", "price": 855.72, "amount": 0.1, "side": "buy", "timestamp": 1766189410804}, {"id": "789066598", "price": 855.73, "amount": 0.01, "side": "buy", "timestamp": 1766189411660}, {"id": "789066599", "price": 855.73, "amount": 0.18, "side": "buy", "timestamp": 1766189411817}, {"id": "789066600", "price": 855.72, "amount": 5.47, "side": "sell", "timestamp": 1766189412849}, {"id": "789066601", "price": 855.73, "amount": 0.19, "side": "buy", "timestamp": 1766189413417}, {"id": "789066602", "price": 855.73, "amount": 2.0, "side": "buy", "timestamp": 1766189414032}, {"id": "789066603", "price": 855.72, "amount": 0.02, "side": "sell", "timestamp": 1766189414147}, {"id": "789066604", "price": 855.73, "amount": 1.0, "side": "buy", "timestamp": 1766189415574}, {"id": "789066605", "price": 855.73, "amount": 0.12, "side": "buy", "timestamp": 1766189415735}, {"id": "789066606", "price": 855.72, "amount": 0.02, "side": "sell", "timestamp": 1766189416607}, {"id": "789066607", "price": 855.72, "amount": 0.02, "side": "sell", "timestamp": 1766189417469}, {"id": "789066608", "price": 855.73, "amount": 0.04, "side": "buy", "timestamp": 1766189418070}, {"id": "789066609", "price": 855.72, "amount": 0.58, "side": "sell", "timestamp": 1766189418441}, {"id": "789066610", "price": 855.73, "amount": 0.93, "side": "buy", "timestamp": 1766189418868}, {"id": "789066611", "price": 855.72, "amount": 1.2, "side": "sell", "timestamp": 1766189418879}, {"id": "789066612", "price": 855.73, "amount": 0.11, "side": "buy", "timestamp": 1766189420198}, {"id": "789066613", "price": 855.73, "amount": 0.08, "side": "buy", "timestamp": 1766189421605}, {"id": "789066614", "price": 855.72, "amount": 1.11, "side": "sell", "timestamp": 1766189421819}, {"id": "789066615", "price": 855.72, "amount": 0.16, "side": "sell", "timestamp": 1766189422387}, {"id": "789066616", "price": 855.73, "amount": 0.05, "side": "buy", "timestamp": 1766189422419}, {"id": "789066617", "price": 855.72, "amount": 0.02, "side": "sell", "timestamp": 1766189422788}, {"id": "789066618", "price": 855.73, "amount": 0.28, "side": "buy", "timestamp": 1766189423265}, {"id": "789066619", "price": 855.72, "amount": 0.08, "side": "sell", "timestamp": 1766189425384}, {"id": "789066620", "price": 855.73, "amount": 0.12, "side": "buy", "timestamp": 1766189426145}, {"id": "789066621", "price": 855.73, "amount": 0.01, "side": "buy", "timestamp": 1766189426810}, {"id": "789066622", "price": 855.73, "amount": 0.62, "side": "buy", "timestamp": 1766189427573}, {"id": "789066623", "price": 855.72, "amount": 0.09, "side": "sell", "timestamp": 1766189428190}, {"id": "789066624", "price": 855.73, "amount": 0.03, "side": "buy", "timestamp": 1766189431910}, {"id": "789066625", "price": 855.73, "amount": 0.14, "side": "buy", "timestamp": 1766189432237}, {"id": "789066626", "price": 855.72, "amount": 0.1, "side": "sell", "timestamp": 1766189432699}, {"id": "789066627", "price": 855.73, "amount": 0.08, "side": "buy", "timestamp": 1766189433453}, {"id": "789066628", "price": 855.73, "amount": 0.05, "side": "buy", "timestamp": 1766189434419}, {"id": "789066669", "price": 855.65, "amount": 0.01, "side": "buy", "timestamp": 1766189463005}, {"id": "789066670", "price": 855.64, "amount": 0.05, "side": "sell", "timestamp": 1766189463490}, {"id": "789066671", "price": 855.65, "amount": 0.1, "side": "buy", "timestamp": 1766189463753}, {"id": "789066672", "price": 855.65, "amount": 0.01, "side": "buy", "timestamp": 1766189463934}, {"id": "789066673", "price": 855.65, "amount": 0.36, "side": "buy", "timestamp": 1766189464468}, {"id": "789066674", "price": 855.65, "amount": 0.02, "side": "buy", "timestamp": 1766189464736}, {"id": "789066675", "price": 855.64, "amount": 0.01, "side": "sell", "timestamp": 1766189464845}, {"id": "789066676", "price": 855.65, "amount": 0.77, "side": "buy", "timestamp": 1766189465186}, {"id": "789066677", "price": 855.64, "amount": 1.29, "side": "sell", "timestamp": 1766189465354}, {"id": "789066678", "price": 855.65, "amount": 0.04, "side": "buy", "timestamp": 1766189465821}, {"id": "789066679", "price": 855.65, "amount": 0.01, "side": "buy", "timestamp": 1766189466029}, {"id": "789066680", "price": 855.64, "amount": 0.05, "side": "sell", "timestamp": 1766189466315}, {"id": "789066681", "price": 855.65, "amount": 21.38, "side": "buy", "timestamp": 1766189466592}, {"id": "789066682", "price": 855.66, "amount": 0.01, "side": "buy", "timestamp": 1766189466601}, {"id": "789066683", "price": 855.67, "amount": 0.04, "side": "buy", "timestamp": 1766189466601}, {"id": "789066684", "price": 855.68, "amount": 7.46, "side": "buy", "timestamp": 1766189466601}, {"id": "789066685", "price": 855.69, "amount": 0.97, "side": "buy", "timestamp": 1766189466602}, {"id": "789066686", "price": 855.72, "amount": 0.03, "side": "buy", "timestamp": 1766189466602}, {"id": "789066687", "price": 855.73, "amount": 1.22, "side": "buy", "timestamp": 1766189466602}, {"id": "789066688", "price": 855.72, "amount": 1.11, "side": "sell", "timestamp": 1766189467398}, {"id": "789066689", "price": 855.72, "amount": 4.5, "side": "sell", "timestamp": 1766189468540}, {"id": "789066690", "price": 855.69, "amount": 0.02, "side": "sell", "timestamp": 1766189468555}, {"id": "789066691", "price": 855.69, "amount": 2.09, "side": "buy", "timestamp": 1766189468569}, {"id": "789066692", "price": 855.66, "amount": 0.02, "side": "sell", "timestamp": 1766189468583}, {"id": "789066693", "price": 855.65, "amount": 0.06, "side": "buy", "timestamp": 1766189469712}, {"id": "789066694", "price": 855.65, "amount": 0.03, "side": "buy", "timestamp": 1766189469988}, {"id": "789066695", "price": 855.65, "amount": 0.07, "side": "buy", "timestamp": 1766189470102}, {"id": "789066696", "price": 855.65, "amount": 0.05, "side": "buy", "timestamp": 1766189470428}, {"id": "789066697", "price": 855.65, "amount": 0.02, "side": "buy", "timestamp": 1766189471878}, {"id": "789066698", "price": 855.64, "amount": 0.38, "side": "sell", "timestamp": 1766189472687}, {"id": "789066699", "price": 855.65, "amount": 7.69, "side": "buy", "timestamp": 1766189473363}, {"id": "789066700", "price": 855.64, "amount": 0.3, "side": "sell", "timestamp": 1766189473394}, {"id": "789066701", "price": 855.65, "amount": 3.99, "side": "buy", "timestamp": 1766189476856}, {"id": "789066702", "price": 855.64, "amount": 0.01, "side": "sell", "timestamp": 1766189479323}, {"id": "789066703", "price": 855.65, "amount": 0.36, "side": "buy", "timestamp": 1766189479708}, {"id": "789066704", "price": 855.65, "amount": 2.0, "side": "buy", "timestamp": 1766189480358}, {"id": "789066705", "price": 855.65, "amount": 0.01, "side": "buy", "timestamp": 1766189480561}, {"id": "789066706", "price": 855.64, "amount": 0.19, "side": "sell", "timestamp": 1766189480996}, {"id": "789066707", "price": 855.64, "amount": 0.08, "side": "sell", "timestamp": 1766189481916}, {"id": "789066708", "price": 855.65, "amount": 3.99, "side": "buy", "timestamp": 1766189482037}, {"id": "789066709", "price": 855.65, "amount": 1.4, "side": "buy", "timestamp": 1766189482391}, {"id": "789066710", "price": 855.66, "amount": 0.03, "side": "buy", "timestamp": 1766189482391}, {"id": "789066711", "price": 855.67, "amount": 0.08, "side": "buy", "timestamp": 1766189482391}, {"id": "789066712", "price": 855.68, "amount": 0.01, "side": "buy", "timestamp": 1766189482397}, {"id": "789066713", "price": 855.7, "amount": 2.36, "side": "buy", "timestamp": 1766189482397}, {"id": "789066714", "price": 855.71, "amount": 2.56, "side": "buy", "timestamp": 1766189482412}, {"id": "789066715", "price": 855.72, "amount": 1.11, "side": "sell", "timestamp": 1766189482567}, {"id": "789066716", "price": 855.72, "amount": 0.01, "side": "sell", "timestamp": 1766189483662}, {"id": "789066717", "price": 855.73, "amount": 0.11, "side": "buy", "timestamp": 1766189484502}, {"id": "789066718", "price": 855.73, "amount": 4.06, "side": "buy", "timestamp": 1766189487180}, {"id": "789066802", "price": 856.13, "amount": 0.01, "side": "buy", "timestamp": 1766189521347}, {"id": "789066803", "price": 856.14, "amount": 1.05, "side": "buy", "timestamp": 1766189521347}, {"id": "789066804", "price": 856.15, "amount": 3.31, "side": "buy", "timestamp": 1766189521353}, {"id": "789066805", "price": 856.16, "amount": 0.09, "side": "buy", "timestamp": 1766189521391}, {"id": "789066806", "price": 856.17, "amount": 12.08, "side": "buy", "timestamp": 1766189521451}, {"id": "789066807", "price": 856.18, "amount": 1.02, "side": "buy", "timestamp": 1766189521452}, {"id": "789066808", "price": 856.19, "amount": 11.01, "side": "buy", "timestamp": 1766189521452}, {"id": "789066809", "price": 856.2, "amount": 0.7, "side": "buy", "timestamp": 1766189521463}, {"id": "789066810", "price": 856.22, "amount": 0.1, "side": "buy", "timestamp": 1766189521465}, {"id": "789066811", "price": 856.23, "amount": 0.9, "side": "buy", "timestamp": 1766189521465}, {"id": "789066812", "price": 856.24, "amount": 0.02, "side": "buy", "timestamp": 1766189521465}, {"id": "789066813", "price": 856.25, "amount": 0.08, "side": "buy", "timestamp": 1766189521465}, {"id": "789066814", "price": 856.26, "amount": 0.02, "side": "buy", "timestamp": 1766189521465}, {"id": "789066815", "price": 856.27, "amount": 0.88, "side": "buy", "timestamp": 1766189521465}, {"id": "789066816", "price": 856.25, "amount": 1.39, "side": "buy", "timestamp": 1766189521478}, {"id": "789066817", "price": 856.27, "amount": 1.66, "side": "buy", "timestamp": 1766189521535}, {"id": "789066818", "price": 856.26, "amount": 0.08, "side": "sell", "timestamp": 1766189522591}, {"id": "789066819", "price": 856.26, "amount": 0.01, "side": "sell", "timestamp": 1766189523039}, {"id": "789066820", "price": 856.26, "amount": 0.24, "side": "sell", "timestamp": 1766189523590}, {"id": "789066821", "price": 856.26, "amount": 0.03, "side": "sell", "timestamp": 1766189523794}, {"id": "789066822", "price": 856.26, "amount": 0.01, "side": "sell", "timestamp": 1766189524621}, {"id": "789066823", "price": 856.27, "amount": 0.03, "side": "buy", "timestamp": 1766189524754}, {"id": "789066824", "price": 856.26, "amount": 0.01, "side": "sell", "timestamp": 1766189524832}, {"id": "789066825", "price": 856.27, "amount": 0.02, "side": "buy", "timestamp": 1766189525034}, {"id": "789066826", "price": 856.26, "amount": 0.01, "side": "sell", "timestamp": 1766189525162}, {"id": "789066827", "price": 856.27, "amount": 0.01, "side": "buy", "timestamp": 1766189525944}, {"id": "789066828", "price": 856.26, "amount": 2.03, "side": "sell", "timestamp": 1766189528111}, {"id": "789066829", "price": 856.27, "amount": 2.32, "side": "buy", "timestamp": 1766189528665}, {"id": "789066830", "price": 856.26, "amount": 0.02, "side": "sell", "timestamp": 1766189528923}, {"id": "789066831", "price": 856.27, "amount": 4.66, "side": "buy", "timestamp": 1766189529098}, {"id": "789066832", "price": 856.27, "amount": 0.07, "side": "buy", "timestamp": 1766189529834}, {"id": "789066833", "price": 856.27, "amount": 0.1, "side": "buy", "timestamp": 1766189529997}, {"id": "789066834", "price": 856.27, "amount": 0.93, "side": "buy", "timestamp": 1766189530190}, {"id": "789066835", "price": 856.26, "amount": 0.07, "side": "sell", "timestamp": 1766189530245}, {"id": "789066836", "price": 856.27, "amount": 0.05, "side": "buy", "timestamp": 1766189530677}, {"id": "789066837", "price": 856.26, "amount": 22.08, "side": "sell", "timestamp": 1766189531613}, {"id": "789066838", "price": 856.25, "amount": 0.14, "side": "sell", "timestamp": 1766189531616}, {"id": "789066839", "price": 856.22, "amount": 0.05, "side": "sell", "timestamp": 1766189531621}, {"id": "789066840", "price": 856.2, "amount": 0.05, "side": "sell", "timestamp": 1766189531626}, {"id": "789066841", "price": 856.2, "amount": 0.15, "side": "buy", "timestamp": 1766189533397}, {"id": "789066842", "price": 856.19, "amount": 0.35, "side": "sell", "timestamp": 1766189534081}, {"id": "789066843", "price": 856.2, "amount": 0.14, "side": "buy", "timestamp": 1766189534633}, {"id": "789066844", "price": 856.2, "amount": 0.04, "side": "buy", "timestamp": 1766189535348}, {"id": "789066845", "price": 856.2, "amount": 0.7, "side": "buy", "timestamp": 1766189535582}, {"id": "789066846", "price": 856.2, "amount": 3.66, "side": "buy", "timestamp": 1766189536950}, {"id": "789066847", "price": 856.19, "amount": 0.33, "side": "sell", "timestamp": 1766189538535}, {"id": "789066848", "price": 856.19, "amount": 0.02, "side": "sell", "timestamp": 1766189541874}, {"id": "789066849", "price": 856.2, "amount": 3.99, "side": "buy", "timestamp": 1766189542130}, {"id": "789066850", "price": 856.2, "amount": 0.05, "side": "buy", "timestamp": 1766189542678}, {"id": "789066851", "price": 856.19, "amount": 1.36, "side": "sell", "timestamp": 1766189543384}, {"id": "789066922", "price": 856.54, "amount": 0.05, "side": "buy", "timestamp": 1766189574723}, {"id": "789066923", "price": 856.53, "amount": 0.01, "side": "sell", "timestamp": 1766189575011}, {"id": "789066924", "price": 856.54, "amount": 0.02, "side": "buy", "timestamp": 1766189575075}, {"id": "789066925", "price": 856.53, "amount": 0.01, "side": "sell", "timestamp": 1766189575914}, {"id": "789066926", "price": 856.54, "amount": 0.01, "side": "buy", "timestamp": 1766189576552}, {"id": "789066927", "price": 856.54, "amount": 0.11, "side": "buy", "timestamp": 1766189576847}, {"id": "789066928", "price": 856.54, "amount": 0.12, "side": "buy", "timestamp": 1766189578089}, {"id": "789066929", "price": 856.54, "amount": 8.01, "side": "buy", "timestamp": 1766189578683}, {"id": "789066930", "price": 856.54, "amount": 0.01, "side": "buy", "timestamp": 1766189579772}, {"id": "789066931", "price": 856.54, "amount": 1.03, "side": "buy", "timestamp": 1766189580196}, {"id": "789066932", "price": 856.55, "amount": 0.08, "side": "buy", "timestamp": 1766189580197}, {"id": "789066933", "price": 856.56, "amount": 1.41, "side": "buy", "timestamp": 1766189580197}, {"id": "789066934", "price": 856.57, "amount": 0.95, "side": "buy", "timestamp": 1766189580198}, {"id": "789066935", "price": 856.58, "amount": 0.05, "side": "buy", "timestamp": 1766189580210}, {"id": "789066936", "price": 856.59, "amount": 0.03, "side": "buy", "timestamp": 1766189580210}, {"id": "789066937", "price": 856.6, "amount": 0.02, "side": "buy", "timestamp": 1766189580223}, {"id": "789066938", "price": 856.61, "amount": 4.24, "side": "buy", "timestamp": 1766189580240}, {"id": "789066939", "price": 856.62, "amount": 0.07, "side": "buy", "timestamp": 1766189580255}, {"id": "789066940", "price": 856.64, "amount": 0.32, "side": "buy", "timestamp": 1766189580255}, {"id": "789066941", "price": 856.65, "amount": 2.27, "side": "buy", "timestamp": 1766189580258}, {"id": "789066942", "price": 856.68, "amount": 0.03, "side": "buy", "timestamp": 1766189580293}, {"id": "789066943", "price": 856.69, "amount": 0.01, "side": "buy", "timestamp": 1766189580293}, {"id": "789066944", "price": 856.7, "amount": 0.02, "side": "buy", "timestamp": 1766189580460}, {"id": "789066945", "price": 856.71, "amount": 0.02, "side": "buy", "timestamp": 1766189580460}, {"id": "789066946", "price": 856.72, "amount": 1.76, "side": "buy", "timestamp": 1766189580460}, {"id": "789066947", "price": 856.71, "amount": 0.02, "side": "sell", "timestamp": 1766189581137}, {"id": "789066948", "price": 856.72, "amount": 0.16, "side": "buy", "timestamp": 1766189582687}, {"id": "789066949", "price": 856.71, "amount": 0.11, "side": "sell", "timestamp": 1766189582721}, {"id": "789066950", "price": 856.72, "amount": 0.53, "side": "buy", "timestamp": 1766189583031}, {"id": "789066951", "price": 856.71, "amount": 0.03, "side": "sell", "timestamp": 1766189583366}, {"id": "789066952", "price": 856.71, "amount": 34.49, "side": "sell", "timestamp": 1766189583740}, {"id": "789066953", "price": 856.71, "amount": 0.24, "side": "sell", "timestamp": 1766189584427}, {"id": "789066954", "price": 856.72, "amount": 0.04, "side": "buy", "timestamp": 1766189584784}, {"id": "789066955", "price": 856.71, "amount": 14.55, "side": "sell", "timestamp": 1766189585068}, {"id": "789066956", "price": 856.72, "amount": 0.13, "side": "buy", "timestamp": 1766189585071}, {"id": "789066957", "price": 856.72, "amount": 0.93, "side": "buy", "timestamp": 1766189585422}, {"id": "789066958", "price": 856.72, "amount": 0.01, "side": "buy", "timestamp": 1766189585652}, {"id": "789066959", "price": 856.72, "amount": 0.01, "side": "buy", "timestamp": 1766189586302}, {"id": "789066960", "price": 856.71, "amount": 1.61, "side": "sell", "timestamp": 1766189588526}, {"id": "789066961", "price": 856.71, "amount": 0.01, "side": "sell", "timestamp": 1766189589010}, {"id": "789066962", "price": 856.72, "amount": 0.09, "side": "buy", "timestamp": 1766189589122}, {"id": "789066963", "price": 856.72, "amount": 0.04, "side": "buy", "timestamp": 1766189590688}, {"id": "789066964", "price": 856.72, "amount": 0.04, "side": "buy", "timestamp": 1766189591112}, {"id": "789066965", "price": 856.71, "amount": 0.01, "side": "sell", "timestamp": 1766189591673}, {"id": "789066966", "price": 856.72, "amount": 0.01, "side": "buy", "timestamp": 1766189591883}, {"id": "789066967", "price": 856.72, "amount": 0.21, "side": "buy", "timestamp": 1766189592660}, {"id": "789066968", "price": 856.72, "amount": 0.06, "side": "buy", "timestamp": 1766189594809}, {"id": "789066969", "price": 856.72, "amount": 0.03, "side": "buy", "timestamp": 1766189595305}, {"id": "789066970", "price": 856.71, "amount": 0.52, "side": "sell", "timestamp": 1766189595666}, {"id": "789066971", "price": 856.72, "amount": 0.67, "side": "buy", "timestamp": 1766189596643}, {"id": "789067015", "price": 856.57, "amount": 0.01, "side": "buy", "timestamp": 1766189626231}, {"id": "789067016", "price": 856.57, "amount": 0.09, "side": "buy", "timestamp": 1766189626713}, {"id": "789067017", "price": 856.57, "amount": 0.01, "side": "buy", "timestamp": 1766189626849}, {"id": "789067018", "price": 856.56, "amount": 0.01, "side": "sell", "timestamp": 1766189627662}, {"id": "789067019", "price": 856.57, "amount": 0.01, "side": "buy", "timestamp": 1766189628232}, {"id": "789067020", "price": 856.57, "amount": 0.39, "side": "buy", "timestamp": 1766189630071}, {"id": "789067021", "price": 856.57, "amount": 0.03, "side": "buy", "timestamp": 1766189632016}, {"id": "789067022", "price": 856.56, "amount": 1.61, "side": "sell", "timestamp": 1766189633631}, {"id": "789067023", "price": 856.57, "amount": 10.54, "side": "buy", "timestamp": 1766189633807}, {"id": "789067024", "price": 856.58, "amount": 0.65, "side": "buy", "timestamp": 1766189633814}, {"id": "789067025", "price": 856.59, "amount": 0.03, "side": "buy", "timestamp": 1766189633814}, {"id": "789067026", "price": 856.6, "amount": 0.03, "side": "buy", "timestamp": 1766189633814}, {"id": "789067027", "price": 856.63, "amount": 0.01, "side": "buy", "timestamp": 1766189633816}, {"id": "789067028", "price": 856.64, "amount": 0.02, "side": "buy", "timestamp": 1766189633816}, {"id": "789067029", "price": 856.65, "amount": 0.02, "side": "buy", "timestamp": 1766189633816}, {"id": "789067030", "price": 856.66, "amount": 0.1, "side": "buy", "timestamp": 1766189633816}, {"id": "789067031", "price": 856.68, "amount": 0.04, "side": "buy", "timestamp": 1766189633820}, {"id": "789067032", "price": 856.69, "amount": 0.03, "side": "buy", "timestamp": 1766189633828}, {"id": "789067033", "price": 856.7, "amount": 0.02, "side": "buy", "timestamp": 1766189633828}, {"id": "789067034", "price": 856.71, "amount": 0.01, "side": "buy", "timestamp": 1766189633828}, {"id": "789067035", "price": 856.71, "amount": 0.01, "side": "buy", "timestamp": 1766189633989}, {"id": "789067036", "price": 856.71, "amount": 0.11, "side": "buy", "timestamp": 1766189634553}, {"id": "789067037", "price": 856.71, "amount": 0.51, "side": "buy", "timestamp": 1766189634735}, {"id": "789067038", "price": 856.72, "amount": 0.42, "side": "buy", "timestamp": 1766189634735}, {"id": "789067039", "price": 856.72, "amount": 0.06, "side": "buy", "timestamp": 1766189635300}, {"id": "789067040", "price": 856.71, "amount": 0.06, "side": "sell", "timestamp": 1766189637032}, {"id": "789067041", "price": 856.72, "amount": 0.08, "side": "buy", "timestamp": 1766189637608}, {"id": "789067042", "price": 856.72, "amount": 0.04, "side": "buy", "timestamp": 1766189638716}, {"id": "789067043", "price": 856.72, "amount": 0.59, "side": "buy", "timestamp": 1766189639072}, {"id": "789067044", "price": 856.72, "amount": 0.98, "side": "buy", "timestamp": 1766189639854}, {"id": "789067045", "price": 856.72, "amount": 0.68, "side": "buy", "timestamp": 1766189640097}, {"id": "789067046", "price": 856.73, "amount": 0.12, "side": "buy", "timestamp": 1766189640097}, {"id": "789067047", "price": 856.75, "amount": 0.31, "side": "buy", "timestamp": 1766189640097}, {"id": "789067048", "price": 856.76, "amount": 4.22, "side": "buy", "timestamp": 1766189640510}, {"id": "789067049", "price": 856.75, "amount": 0.02, "side": "sell", "timestamp": 1766189641189}, {"id": "789067050", "price": 856.76, "amount": 0.06, "side": "buy", "timestamp": 1766189641430}, {"id": "789067051", "price": 856.76, "amount": 0.11, "side": "buy", "timestamp": 1766189642696}, {"id": "789067052", "price": 856.76, "amount": 0.02, "side": "buy", "timestamp": 1766189643463}, {"id": "789067053", "price": 856.75, "amount": 0.06, "side": "sell", "timestamp": 1766189644096}, {"id": "789067054", "price": 856.76, "amount": 0.01, "side": "buy", "timestamp": 1766189644493}, {"id": "789067055", "price": 856.76, "amount": 0.01, "side": "buy", "timestamp": 1766189644933}, {"id": "789067056", "price": 856.76, "amount": 0.22, "side": "buy", "timestamp": 1766189645044}, {"id": "789067057", "price": 856.76, "amount": 0.01, "side": "buy", "timestamp": 1766189645374}, {"id": "789067058", "price": 856.76, "amount": 0.01, "side": "buy", "timestamp": 1766189645882}, {"id": "789067059", "price": 856.75, "amount": 1.61, "side": "sell", "timestamp": 1766189648656}, {"id": "789067060", "price": 856.76, "amount": 0.11, "side": "buy", "timestamp": 1766189648924}, {"id": "789067061", "price": 856.76, "amount": 0.93, "side": "buy", "timestamp": 1766189649056}, {"id": "789067062", "price": 856.76, "amount": 0.03, "side": "buy", "timestamp": 1766189649310}, {"id": "789067063", "price": 856.76, "amount": 0.06, "side": "buy", "timestamp": 1766189649761}, {"id": "789067064", "price": 856.76, "amount": 0.11, "side": "buy", "timestamp": 1766189649941}, {"id": "789067167", "price": 856.1, "amount": 0.06, "side": "sell", "timestamp": 1766189700185}, {"id": "789067168", "price": 856.08, "amount": 0.07, "side": "sell", "timestamp": 1766189700304}, {"id": "789067169", "price": 856.08, "amount": 2.43, "side": "sell", "timestamp": 1766189700412}, {"id": "789067170", "price": 856.08, "amount": 0.05, "side": "sell", "timestamp": 1766189700515}, {"id": "789067171", "price": 856.07, "amount": 0.04, "side": "sell", "timestamp": 1766189700920}, {"id": "789067172", "price": 856.06, "amount": 0.04, "side": "sell", "timestamp": 1766189701418}, {"id": "789067173", "price": 856.07, "amount": 4.96, "side": "buy", "timestamp": 1766189702528}, {"id": "789067174", "price": 856.08, "amount": 0.01, "side": "buy", "timestamp": 1766189702532}, {"id": "789067175", "price": 856.09, "amount": 0.04, "side": "buy", "timestamp": 1766189702532}, {"id": "789067176", "price": 856.11, "amount": 0.24, "side": "buy", "timestamp": 1766189702537}, {"id": "789067177", "price": 856.12, "amount": 0.03, "side": "buy", "timestamp": 1766189702540}, {"id": "789067178", "price": 856.13, "amount": 0.03, "side": "buy", "timestamp": 1766189702541}, {"id": "789067179", "price": 856.16, "amount": 0.02, "side": "buy", "timestamp": 1766189702544}, {"id": "789067180", "price": 856.17, "amount": 0.02, "side": "buy", "timestamp": 1766189702544}, {"id": "789067181", "price": 856.18, "amount": 0.26, "side": "buy", "timestamp": 1766189703298}, {"id": "789067182", "price": 856.18, "amount": 0.73, "side": "buy", "timestamp": 1766189704213}, {"id": "789067183", "price": 856.19, "amount": 0.02, "side": "buy", "timestamp": 1766189704213}, {"id": "789067184", "price": 856.2, "amount": 0.02, "side": "buy", "timestamp": 1766189704213}, {"id": "789067185", "price": 856.22, "amount": 0.04, "side": "buy", "timestamp": 1766189704213}, {"id": "789067186", "price": 856.23, "amount": 0.13, "side": "buy", "timestamp": 1766189704213}, {"id": "789067187", "price": 856.24, "amount": 1.79, "side": "buy", "timestamp": 1766189704213}, {"id": "789067188", "price": 856.25, "amount": 0.02, "side": "buy", "timestamp": 1766189704213}, {"id": "789067189", "price": 856.26, "amount": 0.79, "side": "buy", "timestamp": 1766189704213}, {"id": "789067190", "price": 856.27, "amount": 1.46, "side": "buy", "timestamp": 1766189704213}, {"id": "789067191", "price": 856.26, "amount": 5.46, "side": "sell", "timestamp": 1766189704349}, {"id": "789067192", "price": 856.2, "amount": 0.03, "side": "sell", "timestamp": 1766189704495}, {"id": "789067193", "price": 856.19, "amount": 0.01, "side": "sell", "timestamp": 1766189704764}, {"id": "789067194", "price": 856.18, "amount": 0.04, "side": "sell", "timestamp": 1766189704764}, {"id": "789067195", "price": 856.17, "amount": 0.36, "side": "sell", "timestamp": 1766189704764}, {"id": "789067196", "price": 856.16, "amount": 0.04, "side": "sell", "timestamp": 1766189704764}, {"id": "789067197", "price": 856.14, "amount": 0.02, "side": "sell", "timestamp": 1766189704764}, {"id": "789067198", "price": 856.11, "amount": 1.41, "side": "sell", "timestamp": 1766189704764}, {"id": "789067199", "price": 856.12, "amount": 0.02, "side": "buy", "timestamp": 1766189705050}, {"id": "789067200", "price": 856.12, "amount": 0.07, "side": "buy", "timestamp": 1766189705414}, {"id": "789067201", "price": 856.13, "amount": 0.03, "side": "buy", "timestamp": 1766189705414}, {"id": "789067202", "price": 856.14, "amount": 0.05, "side": "sell", "timestamp": 1766189705452}, {"id": "789067203", "price": 856.14, "amount": 0.05, "side": "sell", "timestamp": 1766189705567}, {"id": "789067204", "price": 856.15, "amount": 0.01, "side": "buy", "timestamp": 1766189705959}, {"id": "789067205", "price": 856.14, "amount": 1.61, "side": "sell", "timestamp": 1766189709167}, {"id": "789067206", "price": 856.15, "amount": 2.39, "side": "buy", "timestamp": 1766189710732}, {"id": "789067207", "price": 856.16, "amount": 0.01, "side": "buy", "timestamp": 1766189710829}, {"id": "789067208", "price": 856.19, "amount": 0.11, "side": "buy", "timestamp": 1766189710829}, {"id": "789067209", "price": 856.2, "amount": 0.2, "side": "buy", "timestamp": 1766189710890}, {"id": "789067210", "price": 856.21, "amount": 0.18, "side": "buy", "timestamp": 1766189710890}, {"id": "789067211", "price": 856.23, "amount": 0.03, "side": "buy", "timestamp": 1766189710890}, {"id": "789067212", "price": 856.24, "amount": 0.04, "side": "buy", "timestamp": 1766189710890}, {"id": "789067213", "price": 856.27, "amount": 0.05, "side": "buy", "timestamp": 1766189711063}, {"id": "789067214", "price": 856.28, "amount": 0.01, "side": "buy", "timestamp": 1766189711144}, {"id": "789067215", "price": 856.3, "amount": 0.09, "side": "sell", "timestamp": 1766189711816}, {"id": "789067216", "price": 856.31, "amount": 0.93, "side": "buy", "timestamp": 1766189712337}, {"id": "789067255", "price": 856.32, "amount": 0.05, "side": "buy", "timestamp": 1766189742901}, {"id": "789067256", "price": 856.33, "amount": 5.83, "side": "buy", "timestamp": 1766189742901}, {"id": "789067257", "price": 856.34, "amount": 0.01, "side": "buy", "timestamp": 1766189742903}, {"id": "789067258", "price": 856.35, "amount": 0.02, "side": "buy", "timestamp": 1766189742903}, {"id": "789067259", "price": 856.36, "amount": 0.07, "side": "buy", "timestamp": 1766189744381}, {"id": "789067260", "price": 856.38, "amount": 0.01, "side": "buy", "timestamp": 1766189744385}, {"id": "789067261", "price": 856.39, "amount": 1.69, "side": "buy", "timestamp": 1766189744398}, {"id": "789067262", "price": 856.4, "amount": 0.03, "side": "buy", "timestamp": 1766189744398}, {"id": "789067263", "price": 856.42, "amount": 0.04, "side": "buy", "timestamp": 1766189745371}, {"id": "789067264", "price": 856.42, "amount": 0.03, "side": "buy", "timestamp": 1766189746888}, {"id": "789067265", "price": 856.42, "amount": 0.01, "side": "buy", "timestamp": 1766189747071}, {"id": "789067266", "price": 856.41, "amount": 5.91, "side": "sell", "timestamp": 1766189747492}, {"id": "789067267", "price": 856.42, "amount": 0.1, "side": "buy", "timestamp": 1766189747954}, {"id": "789067268", "price": 856.42, "amount": 0.13, "side": "buy", "timestamp": 1766189749521}, {"id": "789067269", "price": 856.42, "amount": 0.93, "side": "buy", "timestamp": 1766189750745}, {"id": "789067270", "price": 856.42, "amount": 0.14, "side": "buy", "timestamp": 1766189751021}, {"id": "789067271", "price": 856.43, "amount": 0.02, "side": "buy", "timestamp": 1766189751021}, {"id": "789067272", "price": 856.44, "amount": 0.02, "side": "buy", "timestamp": 1766189751021}, {"id": "789067273", "price": 856.46, "amount": 0.23, "side": "buy", "timestamp": 1766189751021}, {"id": "789067274", "price": 856.47, "amount": 0.04, "side": "buy", "timestamp": 1766189753201}, {"id": "789067275", "price": 856.47, "amount": 0.45, "side": "buy", "timestamp": 1766189753333}, {"id": "789067276", "price": 856.47, "amount": 0.09, "side": "buy", "timestamp": 1766189754020}, {"id": "789067277", "price": 856.47, "amount": 0.25, "side": "buy", "timestamp": 1766189754303}, {"id": "789067278", "price": 856.46, "amount": 1.61, "side": "sell", "timestamp": 1766189754552}, {"id": "789067279", "price": 856.47, "amount": 0.01, "side": "buy", "timestamp": 1766189754969}, {"id": "789067280", "price": 856.47, "amount": 0.08, "side": "buy", "timestamp": 1766189755349}, {"id": "789067281", "price": 856.46, "amount": 0.04, "side": "sell", "timestamp": 1766189755869}, {"id": "789067282", "price": 856.47, "amount": 0.09, "side": "buy", "timestamp": 1766189756908}, {"id": "789067283", "price": 856.47, "amount": 2.33, "side": "buy", "timestamp": 1766189757136}, {"id": "789067284", "price": 856.47, "amount": 5.38, "side": "buy", "timestamp": 1766189757328}, {"id": "789067285", "price": 856.48, "amount": 0.05, "side": "buy", "timestamp": 1766189757798}, {"id": "789067286", "price": 856.48, "amount": 0.01, "side": "buy", "timestamp": 1766189759871}, {"id": "789067287", "price": 856.47, "amount": 0.42, "side": "sell", "timestamp": 1766189760568}, {"id": "789067288", "price": 856.48, "amount": 0.28, "side": "buy", "timestamp": 1766189761514}, {"id": "789067289", "price": 856.47, "amount": 0.62, "side": "sell", "timestamp": 1766189762052}, {"id": "789067290", "price": 856.48, "amount": 2.0, "side": "buy", "timestamp": 1766189762354}, {"id": "789067291", "price": 856.48, "amount": 0.02, "side": "buy", "timestamp": 1766189763263}, {"id": "789067292", "price": 856.47, "amount": 24.11, "side": "sell", "timestamp": 1766189764133}, {"id": "789067293", "price": 856.47, "amount": 0.04, "side": "buy", "timestamp": 1766189764460}, {"id": "789067294", "price": 856.46, "amount": 0.5, "side": "sell", "timestamp": 1766189764702}, {"id": "789067295", "price": 856.43, "amount": 0.03, "side": "sell", "timestamp": 1766189764704}, {"id": "789067296", "price": 856.42, "amount": 0.01, "side": "sell", "timestamp": 1766189764704}, {"id": "789067297", "price": 856.41, "amount": 0.04, "side": "sell", "timestamp": 1766189764707}, {"id": "789067298", "price": 856.4, "amount": 0.03, "side": "sell", "timestamp": 1766189764709}, {"id": "789067299", "price": 856.39, "amount": 0.01, "side": "sell", "timestamp": 1766189764709}, {"id": "789067300", "price": 856.38, "amount": 0.02, "side": "sell", "timestamp": 1766189764709}, {"id": "789067301", "price": 856.38, "amount": 0.03, "side": "buy", "timestamp": 1766189764962}, {"id": "789067302", "price": 856.38, "amount": 4.43, "side": "buy", "timestamp": 1766189765403}, {"id": "789067303", "price": 856.38, "amount": 0.03, "side": "buy", "timestamp": 1766189765569}, {"id": "789067304", "price": 856.38, "amount": 0.5, "side": "buy", "timestamp": 1766189765763}]