[{"symbol": "ETHUSDT", "bids": [[3195.85, 1.823], [3195.84, 0.222], [3195.83, 0.007], [3195.81, 0.045], [3195.8, 0.016], [3195.79, 0.008], [3195.78, 0.2], [3195.77, 0.013], [3195.76, 0.046], [3195.75, 0.02], [3195.73, 0.292], [3195.72, 0.046], [3195.7, 1.015], [3195.69, 0.081], [3195.68, 0.051], [3195.66, 0.483], [3195.65, 0.782], [3195.64, 0.031], [3195.63, 0.038], [3195.62, 0.163]], "asks": [[3195.86, 173.114], [3195.87, 0.144], [3195.89, 0.577], [3195.9, 1.28], [3195.91, 0.038], [3195.92, 0.007], [3195.93, 0.007], [3195.94, 0.021], [3195.95, 0.389], [3195.96, 0.64], [3195.97, 0.021], [3195.98, 0.008], [3195.99, 1.46], [3196.0, 0.108], [3196.01, 3.859], [3196.02, 15.879], [3196.03, 6.567], [3196.04, 0.008], [3196.05, 0.414], [3196.06, 1.29]], "timestamp": "2025-12-11T10:53:58.918344+00:00"}, {"symbol": "ETHUSDT", "bids": [[3195.56, 58.519], [3195.55, 0.021], [3195.54, 0.706], [3195.52, 0.015], [3195.51, 0.319], [3195.5, 7.125], [3195.49, 0.052], [3195.48, 0.221], [3195.46, 0.098], [3195.45, 0.645], [3195.43, 0.028], [3195.42, 0.007], [3195.41, 0.046], [3195.4, 0.036], [3195.39, 0.008], [3195.38, 1.282], [3195.37, 0.138], [3195.36, 0.293], [3195.35, 0.026], [3195.34, 10.714]], "asks": [[3195.57, 51.0], [3195.58, 0.181], [3195.59, 0.007], [3195.6, 0.021], [3195.61, 0.08], [3195.63, 0.045], [3195.64, 0.015], [3195.65, 0.013], [3195.66, 0.045], [3195.67, 0.007], [3195.68, 0.029], [3195.7, 0.022], [3195.71, 1.272], [3195.72, 1.687], [3195.73, 8.128], [3195.74, 0.11], [3195.75, 0.007], [3195.76, 0.014], [3195.77, 0.028], [3195.78, 0.048]], "timestamp": "2025-12-11T10:54:52.917246+00:00"}, {"symbol": "ETHUSDT", "bids": [[3193.68, 148.868], [3193.67, 0.483], [3193.65, 0.007], [3193.63, 0.6], [3193.62, 1.291], [3193.61, 0.008], [3193.6, 0.02], [3193.58, 0.013], [3193.57, 0.008], [3193.56, 0.02], [3193.55, 0.06], [3193.54, 0.013], [3193.53, 0.012], [3193.52, 0.016], [3193.51, 0.028], [3193.5, 1.913], [3193.48, 0.021], [3193.46, 0.013], [3193.45, 0.015], [3193.44, 1.87]], "asks": [[3193.69, 36.52], [3193.7, 0.021], [3193.71, 0.007], [3193.72, 0.007], [3193.73, 0.828], [3193.75, 0.008], [3193.76, 0.018], [3193.77, 0.801], [3193.79, 0.046], [3193.8, 0.26], [3193.81, 0.007], [3193.83, 0.059], [3193.84, 0.084], [3193.85, 0.013], [3193.86, 0.015], [3193.87, 0.038], [3193.88, 0.112], [3193.89, 0.118], [3193.9, 0.021], [3193.91, 0.797]], "timestamp": "2025-12-11T10:55:44.628671+00:00"}, {"symbol": "ETHUSDT", "bids": [[3194.61, 100.317], [3194.6, 1.282], [3194.59, 0.007], [3194.58, 0.007], [3194.57, 0.038], [3194.56, 0.007], [3194.55, 0.014], [3194.54, 1.135], [3194.53, 1.298], [3194.52, 0.007], [3194.5, 0.028], [3194.49, 0.326], [3194.48, 1.206], [3194.47, 1.132], [3194.46, 0.261], [3194.45, 0.325], [3194.44, 0.029], [3194.41, 1.312], [3194.4, 1.646], [3194.38, 0.013]], "asks": [[3194.62, 88.525], [3194.63, 0.806], [3194.64, 0.656], [3194.65, 1.5], [3194.66, 0.008], [3194.67, 0.385], [3194.68, 0.007], [3194.69, 0.015], [3194.7, 0.605], [3194.71, 0.053], [3194.72, 2.143], [3194.73, 0.02], [3194.74, 0.015], [3194.75, 0.462], [3194.76, 0.563], [3194.77, 2.553], [3194.78, 0.008], [3194.79, 0.795], [3194.8, 0.075], [3194.81, 0.035]], "timestamp": "2025-12-11T10:56:37.137234+00:00"}, {"symbol": "ETHUSDT", "bids": [[3195.59, 176.373], [3195.58, 1.869], [3195.57, 1.876], [3195.56, 1.259], [3195.55, 0.022], [3195.54, 0.124], [3195.52, 0.008], [3195.51, 0.02], [3195.5, 0.585], [3195.49, 0.052], [3195.48, 1.259], [3195.47, 0.135], [3195.45, 0.027], [3195.44, 6.321], [3195.43, 0.478], [3195.42, 0.015], [3195.41, 1.259], [3195.4, 0.648], [3195.39, 0.045], [3195.38, 0.008]], "asks": [[3195.6, 32.413], [3195.61, 0.046], [3195.62, 0.2], [3195.63, 1.713], [3195.64, 1.479], [3195.65, 0.752], [3195.66, 0.045], [3195.67, 0.015], [3195.68, 0.055], [3195.69, 0.008], [3195.7, 0.052], [3195.71, 0.037], [3195.72, 3.583], [3195.73, 0.287], [3195.74, 0.045], [3195.75, 0.014], [3195.76, 2.182], [3195.77, 0.319], [3195.78, 1.29], [3195.79, 0.348]], "timestamp": "2025-12-11T10:57:28.788611+00:00"}, {"symbol": "ETHUSDT", "bids": [[3196.25, 71.628], [3196.24, 0.024], [3196.22, 0.045], [3196.21, 0.078], [3196.2, 0.78], [3196.19, 0.045], [3196.18, 0.097], [3196.16, 0.022], [3196.14, 1.421], [3196.13, 0.045], [3196.12, 0.028], [3196.11, 0.741], [3196.1, 0.662], [3196.09, 6.343], [3196.08, 103.141], [3196.07, 684.746], [3196.06, 0.227], [3196.05, 0.02], [3196.04, 0.042], [3196.03, 0.427]], "asks": [[3196.26, 47.443], [3196.27, 0.171], [3196.29, 1.538], [3196.3, 0.007], [3196.31, 0.015], [3196.32, 0.022], [3196.33, 0.656], [3196.34, 0.027], [3196.35, 0.014], [3196.36, 0.015], [3196.37, 0.265], [3196.38, 0.022], [3196.39, 1.208], [3196.4, 1.31], [3196.41, 0.007], [3196.42, 5.635], [3196.43, 0.021], [3196.44, 1.672], [3196.45, 0.013], [3196.46, 0.018]], "timestamp": "2025-12-11T10:58:25.984304+00:00"}, {"symbol": "ETHUSDT", "bids": [[3195.23, 62.369], [3195.22, 0.021], [3195.2, 0.014], [3195.18, 0.45], [3195.17, 1.019], [3195.16, 0.015], [3195.15, 0.028], [3195.14, 0.007], [3195.13, 0.051], [3195.12, 0.008], [3195.1, 0.024], [3195.09, 0.064], [3195.08, 1.252], [3195.06, 0.193], [3195.05, 0.344], [3195.04, 0.007], [3195.03, 6.44], [3195.02, 0.671], [3195.01, 0.334], [3195.0, 20.944]], "asks": [[3195.24, 34.721], [3195.25, 0.021], [3195.26, 0.007], [3195.28, 0.585], [3195.29, 1.267], [3195.3, 0.067], [3195.31, 0.015], [3195.32, 0.34], [3195.33, 0.008], [3195.34, 0.007], [3195.35, 0.348], [3195.36, 1.867], [3195.37, 0.321], [3195.38, 0.014], [3195.39, 0.933], [3195.4, 1.916], [3195.41, 0.02], [3195.42, 0.982], [3195.43, 1.267], [3195.44, 0.108]], "timestamp": "2025-12-11T10:59:24.502536+00:00"}, {"symbol": "ETHUSDT", "bids": [[3193.53, 18.347], [3193.52, 0.692], [3193.51, 0.078], [3193.5, 0.13], [3193.49, 0.058], [3193.48, 0.038], [3193.47, 0.007], [3193.46, 7.179], [3193.45, 0.008], [3193.44, 0.015], [3193.42, 0.059], [3193.4, 0.022], [3193.39, 0.014], [3193.38, 4.948], [3193.37, 5.592], [3193.36, 0.79], [3193.35, 6.703], [3193.33, 0.453], [3193.32, 0.013], [3193.31, 1.26]], "asks": [[3193.54, 155.721], [3193.55, 17.907], [3193.56, 0.059], [3193.58, 0.007], [3193.59, 0.007], [3193.6, 0.007], [3193.61, 0.053], [3193.62, 1.899], [3193.64, 0.007], [3193.65, 0.591], [3193.66, 0.026], [3193.67, 1.344], [3193.68, 0.663], [3193.7, 1.291], [3193.71, 0.043], [3193.72, 1.305], [3193.73, 0.194], [3193.74, 0.644], [3193.75, 3.622], [3193.76, 25.179]], "timestamp": "2025-12-11T11:00:21.991782+00:00"}, {"symbol": "ETHUSDT", "bids": [[3192.65, 94.005], [3192.64, 0.09], [3192.63, 0.008], [3192.62, 0.007], [3192.61, 0.106], [3192.6, 0.174], [3192.59, 1.26], [3192.58, 0.013], [3192.57, 1.086], [3192.56, 0.356], [3192.55, 0.028], [3192.54, 1.544], [3192.53, 0.212], [3192.52, 1.97], [3192.51, 0.017], [3192.5, 5.668], [3192.49, 2.45], [3192.48, 0.026], [3192.47, 0.176], [3192.46, 0.137]], "asks": [[3192.66, 18.88], [3192.67, 8.203], [3192.68, 1.123], [3192.69, 0.007], [3192.7, 1.892], [3192.71, 0.045], [3192.72, 0.835], [3192.74, 0.015], [3192.75, 0.065], [3192.77, 0.023], [3192.78, 0.228], [3192.79, 0.038], [3192.81, 0.028], [3192.82, 0.015], [3192.83, 0.051], [3192.84, 0.014], [3192.85, 0.015], [3192.86, 0.335], [3192.87, 0.007], [3192.88, 2.695]], "timestamp": "2025-12-11T11:01:18.730397+00:00"}, {"symbol": "ETHUSDT", "bids": [[3192.71, 124.98], [3192.7, 0.014], [3192.69, 0.085], [3192.68, 1.588], [3192.67, 0.008], [3192.66, 0.347], [3192.65, 1.851], [3192.64, 0.021], [3192.62, 0.007], [3192.61, 1.291], [3192.6, 0.036], [3192.59, 0.02], [3192.58, 0.028], [3192.57, 0.126], [3192.56, 0.085], [3192.55, 5.671], [3192.54, 1.283], [3192.53, 0.007], [3192.52, 0.013], [3192.51, 2.408]], "asks": [[3192.72, 39.822], [3192.73, 1.404], [3192.74, 0.321], [3192.75, 0.914], [3192.76, 6.809], [3192.77, 12.3], [3192.78, 0.222], [3192.8, 0.045], [3192.81, 0.373], [3192.82, 0.007], [3192.83, 0.013], [3192.84, 11.949], [3192.85, 1.312], [3192.86, 0.091], [3192.87, 0.015], [3192.88, 0.007], [3192.89, 0.058], [3192.9, 21.985], [3192.91, 11.987], [3192.92, 0.423]], "timestamp": "2025-12-11T11:02:18.386474+00:00"}, {"symbol": "ETHUSDT", "bids": [[3192.18, 63.154], [3192.17, 0.125], [3192.15, 0.014], [3192.14, 1.241], [3192.13, 0.078], [3192.12, 1.279], [3192.11, 0.063], [3192.1, 0.03], [3192.09, 2.277], [3192.08, 12.262], [3192.07, 0.046], [3192.06, 0.126], [3192.05, 0.007], [3192.04, 1.275], [3192.02, 2.403], [3192.01, 0.028], [3192.0, 0.368], [3191.99, 0.01], [3191.98, 2.536], [3191.97, 2.217]], "asks": [[3192.19, 47.44], [3192.2, 0.03], [3192.21, 0.09], [3192.23, 0.015], [3192.24, 0.281], [3192.25, 0.359], [3192.26, 0.714], [3192.27, 1.713], [3192.28, 0.046], [3192.29, 0.077], [3192.3, 2.669], [3192.31, 0.015], [3192.32, 0.036], [3192.33, 0.038], [3192.34, 0.007], [3192.35, 0.968], [3192.36, 0.658], [3192.37, 0.052], [3192.38, 0.099], [3192.39, 0.365]], "timestamp": "2025-12-11T11:03:17.582415+00:00"}, {"symbol": "ETHUSDT", "bids": [[3194.37, 54.648], [3194.36, 0.099], [3194.35, 0.095], [3194.34, 0.622], [3194.33, 1.389], [3194.32, 0.393], [3194.31, 0.313], [3194.3, 0.035], [3194.29, 1.27], [3194.28, 0.048], [3194.27, 0.015], [3194.26, 0.028], [3194.25, 0.007], [3194.24, 0.06], [3194.23, 1.928], [3194.21, 3.686], [3194.2, 0.082], [3194.19, 0.156], [3194.18, 0.468], [3194.17, 0.619]], "asks": [[3194.38, 7.945], [3194.39, 0.007], [3194.4, 0.344], [3194.41, 0.007], [3194.42, 0.045], [3194.43, 5.026], [3194.44, 2.179], [3194.45, 0.077], [3194.46, 1.751], [3194.47, 0.434], [3194.48, 0.007], [3194.49, 0.349], [3194.5, 0.313], [3194.51, 0.007], [3194.52, 0.304], [3194.53, 0.007], [3194.54, 1.592], [3194.55, 0.68], [3194.56, 0.056], [3194.57, 1.281]], "timestamp": "2025-12-11T11:04:17.789495+00:00"}, {"symbol": "ETHUSDT", "bids": [[3197.94, 43.572], [3197.93, 0.052], [3197.92, 0.662], [3197.9, 0.015], [3197.89, 0.561], [3197.88, 0.668], [3197.87, 0.013], [3197.86, 0.008], [3197.85, 0.319], [3197.84, 0.482], [3197.83, 1.279], [3197.82, 0.081], [3197.81, 0.01], [3197.8, 0.015], [3197.79, 0.31], [3197.78, 0.007], [3197.77, 0.018], [3197.76, 0.542], [3197.75, 0.828], [3197.74, 9.28]], "asks": [[3197.95, 97.779], [3197.96, 0.007], [3197.97, 0.446], [3197.99, 0.007], [3198.0, 0.087], [3198.01, 1.5], [3198.02, 0.008], [3198.03, 0.013], [3198.04, 0.046], [3198.05, 1.251], [3198.07, 0.021], [3198.08, 0.053], [3198.1, 0.069], [3198.12, 0.028], [3198.13, 2.703], [3198.14, 2.373], [3198.15, 0.32], [3198.16, 0.014], [3198.17, 0.008], [3198.18, 0.013]], "timestamp": "2025-12-11T11:05:14.418050+00:00"}, {"symbol": "ETHUSDT", "bids": [[3196.52, 0.649], [3196.51, 0.09], [3196.5, 0.072], [3196.49, 0.017], [3196.48, 0.007], [3196.47, 0.606], [3196.46, 0.093], [3196.45, 0.017], [3196.44, 0.016], [3196.43, 0.038], [3196.41, 0.008], [3196.4, 0.062], [3196.39, 0.038], [3196.38, 0.008], [3196.37, 0.625], [3196.36, 0.007], [3196.35, 0.44], [3196.34, 0.952], [3196.33, 0.021], [3196.32, 0.632]], "asks": [[3196.53, 158.298], [3196.54, 0.052], [3196.57, 5.99], [3196.58, 20.038], [3196.59, 2.698], [3196.6, 0.022], [3196.61, 0.013], [3196.62, 0.062], [3196.63, 20.0], [3196.64, 5.652], [3196.65, 0.639], [3196.66, 20.015], [3196.67, 0.132], [3196.69, 1.744], [3196.7, 5.214], [3196.71, 0.565], [3196.72, 1.411], [3196.74, 1.26], [3196.75, 0.708], [3196.76, 0.023]], "timestamp": "2025-12-11T11:06:12.275241+00:00"}, {"symbol": "ETHUSDT", "bids": [[3198.55, 30.795], [3198.54, 0.014], [3198.53, 0.007], [3198.52, 0.086], [3198.51, 0.053], [3198.5, 0.016], [3198.49, 0.108], [3198.48, 0.02], [3198.47, 0.175], [3198.46, 0.051], [3198.45, 4.559], [3198.44, 18.869], [3198.41, 0.035], [3198.4, 11.311], [3198.39, 3.976], [3198.38, 20.642], [3198.37, 0.007], [3198.36, 0.046], [3198.35, 0.013], [3198.34, 0.59]], "asks": [[3198.56, 140.893], [3198.57, 0.052], [3198.59, 1.174], [3198.6, 0.021], [3198.61, 5.022], [3198.63, 0.008], [3198.64, 0.029], [3198.65, 0.008], [3198.66, 0.038], [3198.67, 0.021], [3198.68, 0.633], [3198.7, 1.395], [3198.71, 0.016], [3198.72, 0.164], [3198.73, 0.021], [3198.74, 0.038], [3198.75, 0.014], [3198.76, 7.95], [3198.77, 20.331], [3198.78, 0.059]], "timestamp": "2025-12-11T11:07:06.941289+00:00"}, {"symbol": "ETHUSDT", "bids": [[3198.3, 122.118], [3198.29, 3.139], [3198.28, 0.087], [3198.26, 0.588], [3198.25, 0.201], [3198.24, 0.24], [3198.23, 1.473], [3198.22, 0.016], [3198.21, 2.173], [3198.2, 0.792], [3198.19, 0.007], [3198.18, 0.03], [3198.17, 0.021], [3198.16, 1.046], [3198.15, 0.02], [3198.14, 1.258], [3198.13, 0.624], [3198.12, 2.976], [3198.11, 0.019], [3198.1, 0.045]], "asks": [[3198.31, 20.88], [3198.32, 0.241], [3198.36, 0.038], [3198.39, 0.021], [3198.4, 27.431], [3198.41, 0.007], [3198.42, 0.029], [3198.43, 0.008], [3198.44, 0.038], [3198.45, 0.027], [3198.46, 0.008], [3198.47, 0.008], [3198.48, 0.051], [3198.49, 0.007], [3198.51, 0.021], [3198.52, 0.048], [3198.53, 0.007], [3198.54, 0.021], [3198.56, 0.066], [3198.57, 0.047]], "timestamp": "2025-12-11T11:08:07.218414+00:00"}, {"symbol": "ETHUSDT", "bids": [[3195.56, 45.498], [3195.55, 0.061], [3195.54, 0.045], [3195.53, 0.008], [3195.52, 0.007], [3195.51, 0.198], [3195.5, 0.016], [3195.49, 0.053], [3195.47, 0.107], [3195.46, 1.5], [3195.45, 21.934], [3195.44, 1.273], [3195.43, 0.038], [3195.42, 0.008], [3195.41, 0.013], [3195.4, 8.78], [3195.39, 0.038], [3195.38, 0.03], [3195.37, 2.578], [3195.36, 6.691]], "asks": [[3195.57, 125.447], [3195.58, 2.691], [3195.59, 0.524], [3195.6, 1.575], [3195.61, 0.173], [3195.62, 0.008], [3195.63, 0.045], [3195.64, 0.007], [3195.65, 0.803], [3195.66, 0.025], [3195.67, 0.058], [3195.68, 0.008], [3195.69, 0.013], [3195.7, 0.744], [3195.71, 1.282], [3195.72, 0.021], [3195.73, 0.133], [3195.74, 0.007], [3195.75, 0.424], [3195.76, 0.031]], "timestamp": "2025-12-11T11:09:07.432353+00:00"}, {"symbol": "ETHUSDT", "bids": [[3193.87, 22.662], [3193.86, 0.007], [3193.85, 0.038], [3193.83, 0.043], [3193.82, 0.015], [3193.81, 0.038], [3193.8, 0.267], [3193.79, 1.467], [3193.78, 0.096], [3193.77, 0.046], [3193.76, 0.222], [3193.75, 0.007], [3193.73, 0.607], [3193.72, 1.253], [3193.71, 0.087], [3193.7, 0.169], [3193.69, 0.076], [3193.68, 0.008], [3193.67, 0.028], [3193.65, 0.052]], "asks": [[3193.88, 111.059], [3193.89, 1.676], [3193.9, 0.052], [3193.91, 0.339], [3193.92, 0.62], [3193.93, 3.34], [3193.94, 0.007], [3193.95, 0.045], [3193.96, 0.028], [3193.99, 0.053], [3194.0, 0.027], [3194.02, 0.023], [3194.03, 0.059], [3194.04, 0.016], [3194.05, 0.399], [3194.06, 3.537], [3194.07, 0.046], [3194.08, 0.157], [3194.09, 0.02], [3194.1, 0.363]], "timestamp": "2025-12-11T11:10:04.105002+00:00"}, {"symbol": "ETHUSDT", "bids": [[3196.45, 65.408], [3196.44, 0.191], [3196.42, 0.007], [3196.41, 0.007], [3196.4, 0.007], [3196.39, 0.007], [3196.38, 0.013], [3196.37, 0.093], [3196.36, 0.141], [3196.35, 0.014], [3196.34, 0.029], [3196.33, 1.305], [3196.32, 0.008], [3196.3, 0.982], [3196.29, 1.602], [3196.28, 21.94], [3196.27, 14.554], [3196.26, 0.184], [3196.25, 1.5], [3196.24, 0.008]], "asks": [[3196.46, 32.109], [3196.47, 0.014], [3196.48, 0.008], [3196.49, 0.076], [3196.5, 0.092], [3196.51, 0.008], [3196.52, 0.04], [3196.53, 0.008], [3196.54, 0.023], [3196.55, 0.007], [3196.56, 0.046], [3196.57, 1.274], [3196.58, 0.015], [3196.59, 0.156], [3196.6, 0.022], [3196.61, 0.02], [3196.62, 0.193], [3196.64, 2.712], [3196.65, 0.671], [3196.66, 1.375]], "timestamp": "2025-12-11T11:11:01.801439+00:00"}, {"symbol": "ETHUSDT", "bids": [[3195.48, 47.349], [3195.47, 0.014], [3195.46, 0.038], [3195.45, 0.773], [3195.44, 0.008], [3195.42, 0.408], [3195.41, 3.198], [3195.4, 0.027], [3195.39, 0.9], [3195.38, 1.513], [3195.37, 0.046], [3195.36, 0.171], [3195.35, 2.593], [3195.34, 2.031], [3195.33, 2.163], [3195.32, 0.035], [3195.31, 0.052], [3195.3, 0.729], [3195.29, 0.06], [3195.28, 0.645]], "asks": [[3195.49, 37.263], [3195.5, 0.071], [3195.51, 0.007], [3195.52, 1.5], [3195.54, 0.73], [3195.55, 0.007], [3195.56, 0.008], [3195.57, 0.013], [3195.58, 0.045], [3195.6, 0.042], [3195.61, 0.007], [3195.63, 0.021], [3195.64, 0.045], [3195.65, 1.252], [3195.66, 0.192], [3195.67, 0.007], [3195.68, 0.078], [3195.69, 0.371], [3195.7, 0.451], [3195.71, 3.581]], "timestamp": "2025-12-11T11:11:57.979173+00:00"}, {"symbol": "ETHUSDT", "bids": [[3194.9, 167.168], [3194.89, 5.829], [3194.88, 4.19], [3194.87, 1.253], [3194.86, 0.038], [3194.85, 0.163], [3194.83, 25.085], [3194.82, 2.539], [3194.81, 0.022], [3194.8, 0.12], [3194.79, 0.013], [3194.78, 0.064], [3194.77, 0.046], [3194.76, 0.481], [3194.75, 1.281], [3194.74, 0.015], [3194.73, 0.013], [3194.72, 0.014], [3194.71, 0.028], [3194.7, 7.807]], "asks": [[3194.91, 22.229], [3194.92, 0.014], [3194.93, 0.007], [3194.94, 16.449], [3194.95, 0.045], [3194.96, 0.007], [3194.97, 0.064], [3194.98, 0.008], [3194.99, 0.058], [3195.0, 0.029], [3195.01, 0.008], [3195.02, 0.02], [3195.03, 0.053], [3195.04, 0.154], [3195.05, 0.02], [3195.06, 0.382], [3195.08, 0.045], [3195.09, 0.03], [3195.1, 0.116], [3195.11, 0.013]], "timestamp": "2025-12-11T11:12:54.473701+00:00"}, {"symbol": "ETHUSDT", "bids": [[3195.53, 12.122], [3195.52, 0.007], [3195.51, 0.007], [3195.5, 0.007], [3195.49, 0.045], [3195.48, 0.015], [3195.46, 0.028], [3195.45, 0.022], [3195.44, 0.045], [3195.43, 0.025], [3195.42, 0.028], [3195.4, 0.061], [3195.39, 0.035], [3195.37, 0.2], [3195.36, 0.073], [3195.35, 0.782], [3195.33, 0.809], [3195.32, 0.928], [3195.31, 1.273], [3195.3, 0.388]], "asks": [[3195.54, 178.349], [3195.55, 0.082], [3195.58, 0.038], [3195.59, 0.365], [3195.6, 0.529], [3195.61, 0.008], [3195.62, 0.13], [3195.63, 0.39], [3195.64, 0.053], [3195.65, 0.084], [3195.66, 1.305], [3195.67, 0.007], [3195.68, 0.021], [3195.7, 9.61], [3195.71, 0.066], [3195.73, 0.008], [3195.74, 28.761], [3195.75, 1.726], [3195.76, 0.014], [3195.77, 0.056]], "timestamp": "2025-12-11T11:13:51.576457+00:00"}, {"symbol": "ETHUSDT", "bids": [[3194.46, 54.769], [3194.45, 0.021], [3194.44, 0.208], [3194.43, 0.115], [3194.42, 0.185], [3194.4, 0.163], [3194.39, 0.16], [3194.37, 0.207], [3194.36, 1.276], [3194.35, 0.158], [3194.34, 0.216], [3194.33, 0.015], [3194.31, 0.066], [3194.3, 2.907], [3194.29, 0.106], [3194.28, 1.253], [3194.27, 3.115], [3194.26, 4.577], [3194.25, 3.384], [3194.24, 3.497]], "asks": [[3194.47, 73.021], [3194.48, 0.021], [3194.49, 1.201], [3194.5, 1.545], [3194.51, 0.035], [3194.52, 0.328], [3194.54, 0.053], [3194.55, 1.153], [3194.57, 0.015], [3194.58, 0.058], [3194.6, 1.581], [3194.61, 0.35], [3194.62, 0.636], [3194.63, 0.977], [3194.64, 0.028], [3194.67, 1.312], [3194.68, 0.939], [3194.7, 0.458], [3194.71, 0.321], [3194.72, 3.164]], "timestamp": "2025-12-11T11:14:47.689355+00:00"}, {"symbol": "ETHUSDT", "bids": [[3194.99, 60.364], [3194.98, 1.274], [3194.97, 0.045], [3194.95, 0.406], [3194.94, 0.007], [3194.93, 0.038], [3194.92, 0.021], [3194.91, 0.007], [3194.9, 0.023], [3194.88, 1.627], [3194.87, 0.007], [3194.86, 0.007], [3194.85, 0.035], [3194.84, 0.007], [3194.83, 0.078], [3194.82, 0.504], [3194.81, 1.318], [3194.8, 0.224], [3194.79, 0.013], [3194.78, 0.032]], "asks": [[3195.0, 57.36], [3195.01, 0.137], [3195.02, 0.904], [3195.03, 1.507], [3195.04, 0.021], [3195.05, 0.007], [3195.06, 0.37], [3195.07, 0.008], [3195.08, 0.013], [3195.09, 0.025], [3195.1, 0.459], [3195.11, 0.02], [3195.12, 0.015], [3195.13, 0.02], [3195.14, 0.093], [3195.15, 0.987], [3195.16, 0.028], [3195.18, 0.071], [3195.19, 2.119], [3195.2, 0.043]], "timestamp": "2025-12-11T11:15:45.754379+00:00"}, {"symbol": "ETHUSDT", "bids": [[3195.94, 2.013], [3195.93, 1.89], [3195.91, 0.406], [3195.9, 0.029], [3195.88, 0.404], [3195.87, 0.058], [3195.86, 0.791], [3195.85, 0.008], [3195.84, 1.514], [3195.83, 0.058], [3195.82, 0.025], [3195.81, 0.015], [3195.8, 0.007], [3195.79, 0.357], [3195.78, 0.025], [3195.77, 0.027], [3195.75, 0.942], [3195.74, 0.045], [3195.73, 1.023], [3195.72, 0.632]], "asks": [[3195.95, 66.414], [3195.96, 23.246], [3195.97, 1.65], [3195.98, 48.198], [3195.99, 0.504], [3196.0, 86.453], [3196.01, 0.972], [3196.02, 0.193], [3196.03, 1.653], [3196.04, 0.029], [3196.05, 0.227], [3196.06, 0.333], [3196.08, 1.3], [3196.09, 0.358], [3196.1, 1.631], [3196.11, 3.717], [3196.12, 0.34], [3196.13, 0.008], [3196.14, 0.023], [3196.15, 0.465]], "timestamp": "2025-12-11T11:16:43.120885+00:00"}, {"symbol": "ETHUSDT", "bids": [[3195.23, 112.223], [3195.22, 0.356], [3195.21, 0.038], [3195.2, 0.007], [3195.19, 2.781], [3195.18, 1.266], [3195.17, 0.038], [3195.16, 0.016], [3195.15, 0.02], [3195.13, 0.013], [3195.12, 0.046], [3195.11, 0.015], [3195.1, 0.014], [3195.09, 0.026], [3195.08, 1.281], [3195.07, 0.008], [3195.06, 0.02], [3195.05, 0.838], [3195.04, 20.682], [3195.03, 0.029]], "asks": [[3195.24, 64.239], [3195.25, 0.007], [3195.28, 0.362], [3195.29, 0.32], [3195.3, 0.021], [3195.31, 0.007], [3195.32, 0.053], [3195.33, 0.013], [3195.34, 0.575], [3195.35, 0.015], [3195.36, 0.064], [3195.37, 0.463], [3195.38, 1.312], [3195.39, 1.275], [3195.4, 0.831], [3195.41, 0.146], [3195.42, 0.008], [3195.43, 0.804], [3195.44, 0.017], [3195.45, 0.058]], "timestamp": "2025-12-11T11:17:39.473776+00:00"}, {"symbol": "ETHUSDT", "bids": [[3194.23, 66.767], [3194.22, 1.169], [3194.2, 0.493], [3194.19, 1.253], [3194.18, 0.008], [3194.17, 0.052], [3194.16, 0.008], [3194.15, 0.013], [3194.13, 0.051], [3194.12, 1.261], [3194.1, 0.036], [3194.09, 0.051], [3194.07, 2.397], [3194.06, 0.028], [3194.05, 1.567], [3194.04, 0.038], [3194.03, 0.021], [3194.02, 0.008], [3194.01, 0.626], [3194.0, 0.069]], "asks": [[3194.24, 28.175], [3194.25, 0.165], [3194.26, 0.063], [3194.27, 0.939], [3194.28, 0.522], [3194.29, 0.015], [3194.3, 0.647], [3194.31, 1.498], [3194.32, 0.028], [3194.33, 0.358], [3194.34, 0.313], [3194.35, 0.372], [3194.36, 0.007], [3194.37, 0.351], [3194.38, 0.349], [3194.39, 0.321], [3194.4, 0.821], [3194.41, 0.344], [3194.42, 3.978], [3194.43, 0.046]], "timestamp": "2025-12-11T11:18:36.793665+00:00"}, {"symbol": "ETHUSDT", "bids": [[3198.11, 152.144], [3198.1, 24.04], [3198.09, 0.012], [3198.08, 0.008], [3198.07, 18.749], [3198.06, 1.915], [3198.05, 0.038], [3198.04, 0.021], [3198.0, 0.087], [3197.99, 0.022], [3197.98, 1.264], [3197.97, 0.013], [3197.96, 0.054], [3197.95, 1.663], [3197.94, 0.013], [3197.93, 0.51], [3197.92, 0.059], [3197.9, 3.063], [3197.89, 0.806], [3197.88, 0.051]], "asks": [[3198.12, 1.608], [3198.13, 0.045], [3198.15, 0.007], [3198.16, 0.008], [3198.17, 0.539], [3198.19, 0.015], [3198.2, 0.132], [3198.21, 0.138], [3198.22, 0.007], [3198.23, 0.008], [3198.24, 0.203], [3198.25, 0.232], [3198.26, 0.021], [3198.27, 0.791], [3198.28, 0.421], [3198.29, 1.075], [3198.3, 1.247], [3198.31, 0.414], [3198.32, 0.02], [3198.33, 0.14]], "timestamp": "2025-12-11T11:19:34.012249+00:00"}, {"symbol": "ETHUSDT", "bids": [[3196.26, 25.812], [3196.25, 10.658], [3196.24, 0.035], [3196.23, 0.045], [3196.22, 0.008], [3196.21, 0.008], [3196.2, 0.049], [3196.19, 1.429], [3196.18, 0.028], [3196.17, 0.035], [3196.16, 0.007], [3196.15, 0.059], [3196.14, 0.007], [3196.12, 0.021], [3196.1, 0.05], [3196.09, 0.06], [3196.08, 0.026], [3196.07, 1.252], [3196.06, 6.673], [3196.05, 0.091]], "asks": [[3196.27, 158.945], [3196.28, 1.363], [3196.29, 0.495], [3196.3, 0.407], [3196.31, 0.015], [3196.32, 0.357], [3196.34, 1.259], [3196.35, 0.022], [3196.36, 0.051], [3196.37, 0.015], [3196.38, 0.007], [3196.39, 0.021], [3196.4, 0.858], [3196.41, 1.259], [3196.42, 0.021], [3196.43, 2.363], [3196.44, 0.125], [3196.45, 0.02], [3196.46, 0.166], [3196.47, 0.058]], "timestamp": "2025-12-11T11:20:31.998246+00:00"}, {"symbol": "ETHUSDT", "bids": [[3195.68, 11.531], [3195.67, 0.052], [3195.66, 0.535], [3195.65, 0.007], [3195.64, 0.007], [3195.63, 0.038], [3195.62, 0.007], [3195.61, 0.015], [3195.6, 0.235], [3195.59, 0.045], [3195.58, 0.02], [3195.57, 0.008], [3195.56, 0.02], [3195.55, 0.045], [3195.54, 0.021], [3195.52, 0.027], [3195.51, 0.035], [3195.5, 1.313], [3195.48, 0.101], [3195.47, 0.007]], "asks": [[3195.69, 148.497], [3195.7, 0.975], [3195.72, 0.038], [3195.73, 1.26], [3195.74, 0.028], [3195.75, 0.351], [3195.76, 0.471], [3195.77, 0.048], [3195.78, 0.468], [3195.79, 0.037], [3195.8, 0.442], [3195.81, 3.237], [3195.82, 4.6], [3195.83, 2.035], [3195.84, 1.193], [3195.85, 8.364], [3195.86, 2.628], [3195.87, 1.348], [3195.88, 0.021], [3195.89, 11.817]], "timestamp": "2025-12-11T11:21:28.948150+00:00"}, {"symbol": "ETHUSDT", "bids": [[3193.0, 1422.627], [3192.99, 1.588], [3192.96, 0.026], [3192.95, 0.051], [3192.94, 3.821], [3192.93, 0.007], [3192.92, 0.121], [3192.91, 0.007], [3192.9, 0.052], [3192.89, 0.069], [3192.87, 0.2], [3192.86, 0.104], [3192.85, 0.022], [3192.83, 1.361], [3192.82, 0.045], [3192.81, 0.018], [3192.8, 0.716], [3192.78, 0.045], [3192.77, 0.043], [3192.76, 0.015]], "asks": [[3193.01, 141.69], [3193.02, 0.277], [3193.03, 0.007], [3193.04, 3.612], [3193.05, 0.007], [3193.06, 0.007], [3193.07, 0.038], [3193.08, 0.208], [3193.09, 0.013], [3193.1, 0.007], [3193.12, 1.642], [3193.13, 1.316], [3193.14, 0.007], [3193.15, 0.021], [3193.16, 0.312], [3193.17, 9.349], [3193.18, 0.283], [3193.19, 3.055], [3193.2, 0.928], [3193.21, 2.73]], "timestamp": "2025-12-11T11:22:26.598476+00:00"}, {"symbol": "ETHUSDT", "bids": [[3197.02, 100.967], [3197.01, 0.083], [3197.0, 0.007], [3196.99, 0.045], [3196.98, 0.007], [3196.97, 0.025], [3196.95, 0.093], [3196.94, 0.028], [3196.93, 0.038], [3196.92, 0.035], [3196.91, 0.008], [3196.9, 0.014], [3196.89, 0.658], [3196.88, 0.018], [3196.87, 7.696], [3196.86, 7.575], [3196.85, 0.014], [3196.84, 0.008], [3196.83, 0.051], [3196.82, 0.855]], "asks": [[3197.03, 124.341], [3197.04, 0.014], [3197.07, 0.038], [3197.1, 1.289], [3197.11, 0.051], [3197.14, 0.863], [3197.15, 0.038], [3197.17, 1.584], [3197.19, 0.107], [3197.2, 0.044], [3197.21, 0.038], [3197.22, 0.094], [3197.23, 0.021], [3197.24, 0.007], [3197.25, 0.053], [3197.26, 2.384], [3197.27, 1.111], [3197.28, 0.163], [3197.29, 0.683], [3197.3, 4.086]], "timestamp": "2025-12-11T11:23:25.017209+00:00"}, {"symbol": "ETHUSDT", "bids": [[3196.91, 91.686], [3196.9, 0.066], [3196.89, 0.007], [3196.87, 1.259], [3196.86, 0.045], [3196.84, 0.028], [3196.82, 0.116], [3196.8, 0.066], [3196.78, 1.495], [3196.77, 1.699], [3196.76, 0.05], [3196.75, 0.046], [3196.74, 0.176], [3196.73, 0.91], [3196.72, 0.008], [3196.71, 0.378], [3196.7, 1.617], [3196.69, 0.083], [3196.68, 0.015], [3196.67, 3.941]], "asks": [[3196.92, 27.716], [3196.93, 0.076], [3196.94, 0.038], [3196.95, 0.014], [3196.96, 0.327], [3196.97, 0.007], [3196.98, 0.04], [3196.99, 0.06], [3197.0, 0.373], [3197.01, 0.015], [3197.02, 0.014], [3197.03, 0.102], [3197.04, 0.055], [3197.05, 0.459], [3197.06, 0.031], [3197.07, 0.156], [3197.08, 0.02], [3197.09, 0.073], [3197.1, 0.045], [3197.11, 4.547]], "timestamp": "2025-12-11T11:24:30.110809+00:00"}, {"symbol": "ETHUSDT", "bids": [[3194.92, 5.891], [3194.91, 0.007], [3194.89, 0.038], [3194.85, 0.053], [3194.84, 0.013], [3194.83, 0.235], [3194.82, 1.528], [3194.81, 0.067], [3194.8, 0.05], [3194.78, 0.008], [3194.77, 0.938], [3194.76, 0.059], [3194.75, 0.051], [3194.74, 0.008], [3194.72, 0.02], [3194.71, 0.046], [3194.7, 0.045], [3194.69, 0.335], [3194.68, 0.007], [3194.67, 0.82]], "asks": [[3194.93, 101.446], [3194.94, 0.025], [3194.95, 0.645], [3194.96, 1.717], [3194.97, 0.201], [3194.98, 1.305], [3194.99, 0.015], [3195.0, 0.518], [3195.01, 0.021], [3195.02, 0.065], [3195.03, 0.921], [3195.04, 0.013], [3195.05, 0.415], [3195.06, 0.669], [3195.07, 1.345], [3195.08, 0.268], [3195.09, 2.313], [3195.1, 0.021], [3195.11, 0.028], [3195.12, 6.96]], "timestamp": "2025-12-11T11:25:39.240923+00:00"}, {"symbol": "ETHUSDT", "bids": [[3195.48, 46.584], [3195.47, 0.021], [3195.45, 0.007], [3195.44, 0.046], [3195.43, 0.42], [3195.41, 0.402], [3195.4, 0.151], [3195.39, 0.008], [3195.37, 0.02], [3195.36, 0.054], [3195.35, 0.357], [3195.34, 1.252], [3195.33, 0.028], [3195.32, 0.038], [3195.31, 0.021], [3195.3, 8.338], [3195.29, 15.279], [3195.28, 0.038], [3195.27, 0.027], [3195.26, 1.267]], "asks": [[3195.49, 46.541], [3195.5, 0.093], [3195.51, 22.614], [3195.52, 1.5], [3195.54, 100.007], [3195.55, 0.052], [3195.56, 0.32], [3195.57, 0.02], [3195.58, 1.259], [3195.59, 0.063], [3195.6, 0.251], [3195.61, 0.32], [3195.63, 21.955], [3195.64, 3.09], [3195.65, 3.407], [3195.66, 3.754], [3195.67, 4.285], [3195.68, 4.138], [3195.69, 10.568], [3195.7, 0.818]], "timestamp": "2025-12-11T11:26:36.258008+00:00"}, {"symbol": "ETHUSDT", "bids": [[3195.9, 0.508], [3195.89, 0.045], [3195.88, 0.007], [3195.87, 0.007], [3195.85, 0.334], [3195.84, 0.05], [3195.83, 0.028], [3195.81, 0.053], [3195.8, 0.007], [3195.78, 0.008], [3195.77, 0.058], [3195.75, 0.744], [3195.74, 0.33], [3195.73, 0.571], [3195.72, 0.008], [3195.71, 1.326], [3195.7, 0.875], [3195.69, 1.512], [3195.68, 0.221], [3195.67, 6.542]], "asks": [[3195.91, 184.574], [3195.92, 24.447], [3195.93, 0.025], [3195.96, 22.707], [3195.97, 17.535], [3195.98, 31.444], [3195.99, 0.022], [3196.0, 0.772], [3196.02, 0.046], [3196.03, 0.021], [3196.04, 0.016], [3196.05, 0.015], [3196.06, 30.076], [3196.07, 0.045], [3196.09, 20.555], [3196.1, 31.395], [3196.11, 0.045], [3196.12, 0.021], [3196.13, 0.007], [3196.14, 2.519]], "timestamp": "2025-12-11T11:27:34.219369+00:00"}, {"symbol": "ETHUSDT", "bids": [[3194.06, 99.449], [3194.05, 0.506], [3194.04, 0.742], [3194.02, 0.086], [3194.01, 2.281], [3194.0, 2.49], [3193.99, 0.017], [3193.98, 0.075], [3193.97, 0.015], [3193.96, 0.038], [3193.95, 0.368], [3193.94, 1.43], [3193.93, 0.007], [3193.92, 1.318], [3193.91, 0.05], [3193.9, 3.243], [3193.89, 0.163], [3193.88, 1.38], [3193.87, 2.074], [3193.86, 0.644]], "asks": [[3194.07, 29.671], [3194.08, 0.529], [3194.09, 0.045], [3194.1, 1.521], [3194.12, 0.007], [3194.13, 0.007], [3194.14, 0.008], [3194.15, 0.013], [3194.16, 0.052], [3194.18, 0.021], [3194.2, 0.196], [3194.21, 0.059], [3194.22, 0.007], [3194.23, 0.007], [3194.24, 0.028], [3194.25, 1.444], [3194.26, 2.512], [3194.27, 0.013], [3194.28, 0.022], [3194.29, 0.053]], "timestamp": "2025-12-11T11:28:34.024672+00:00"}, {"symbol": "ETHUSDT", "bids": [[3194.04, 53.782], [3194.03, 1.26], [3194.02, 0.038], [3194.0, 0.507], [3193.98, 0.022], [3193.97, 0.07], [3193.96, 0.078], [3193.95, 0.06], [3193.94, 1.267], [3193.93, 0.013], [3193.92, 0.016], [3193.9, 0.059], [3193.89, 0.031], [3193.88, 0.015], [3193.87, 1.607], [3193.86, 0.02], [3193.85, 0.036], [3193.84, 0.074], [3193.83, 0.831], [3193.82, 1.121]], "asks": [[3194.05, 123.559], [3194.06, 0.021], [3194.08, 14.949], [3194.09, 0.007], [3194.1, 0.741], [3194.11, 2.99], [3194.12, 0.046], [3194.13, 0.02], [3194.16, 30.359], [3194.17, 30.052], [3194.18, 0.014], [3194.19, 0.021], [3194.2, 23.216], [3194.21, 0.045], [3194.22, 0.035], [3194.23, 0.093], [3194.24, 0.013], [3194.25, 1.376], [3194.26, 0.17], [3194.27, 1.0]], "timestamp": "2025-12-11T11:29:34.946204+00:00"}, {"symbol": "ETHUSDT", "bids": [[3195.37, 15.978], [3195.36, 1.039], [3195.35, 28.527], [3195.34, 3.989], [3195.31, 12.998], [3195.3, 229.011], [3195.29, 21.219], [3195.28, 8.535], [3195.27, 64.231], [3195.26, 7.009], [3195.25, 25.271], [3195.24, 22.018], [3195.23, 50.326], [3195.22, 56.17], [3195.21, 37.021], [3195.2, 33.822], [3195.19, 47.24], [3195.18, 22.167], [3195.17, 20.021], [3195.16, 105.918]], "asks": [[3195.44, 0.014], [3195.45, 0.022], [3195.46, 0.013], [3195.47, 1.058], [3195.48, 0.022], [3195.49, 0.089], [3195.5, 0.03], [3195.51, 0.015], [3195.52, 0.046], [3195.53, 8.002], [3195.54, 0.606], [3195.55, 0.034], [3195.56, 0.076], [3195.57, 0.028], [3195.58, 2.011], [3195.59, 0.04], [3195.6, 1.236], [3195.61, 0.007], [3195.62, 4.629], [3195.63, 2.052]], "timestamp": "2025-12-11T11:30:37.203260+00:00"}, {"symbol": "ETHUSDT", "bids": [[3196.89, 98.448], [3196.88, 0.021], [3196.87, 0.038], [3196.86, 0.007], [3196.84, 0.007], [3196.82, 1.361], [3196.81, 0.02], [3196.8, 0.036], [3196.78, 0.008], [3196.77, 0.02], [3196.76, 0.205], [3196.75, 0.059], [3196.74, 0.007], [3196.73, 0.007], [3196.72, 1.272], [3196.71, 0.853], [3196.7, 0.03], [3196.69, 15.111], [3196.68, 0.035], [3196.67, 0.625]], "asks": [[3196.9, 46.846], [3196.91, 0.714], [3196.92, 0.016], [3196.93, 0.007], [3196.94, 0.038], [3196.95, 0.056], [3196.96, 0.972], [3196.97, 1.252], [3196.98, 0.028], [3196.99, 0.045], [3197.0, 0.755], [3197.01, 0.035], [3197.02, 0.014], [3197.03, 0.009], [3197.04, 0.026], [3197.05, 0.072], [3197.06, 1.26], [3197.07, 0.078], [3197.08, 0.021], [3197.09, 0.045]], "timestamp": "2025-12-11T11:31:39.480284+00:00"}, {"symbol": "ETHUSDT", "bids": [[3196.7, 57.369], [3196.69, 1.297], [3196.67, 1.507], [3196.65, 0.014], [3196.63, 0.021], [3196.62, 0.038], [3196.61, 0.021], [3196.6, 1.848], [3196.59, 0.013], [3196.58, 0.045], [3196.57, 0.287], [3196.56, 0.646], [3196.55, 0.47], [3196.54, 0.028], [3196.53, 0.357], [3196.52, 1.506], [3196.51, 0.028], [3196.5, 0.76], [3196.49, 0.112], [3196.48, 0.993]], "asks": [[3196.71, 13.551], [3196.72, 1.969], [3196.75, 4.314], [3196.76, 1.514], [3196.78, 0.32], [3196.79, 0.34], [3196.8, 0.599], [3196.82, 0.015], [3196.83, 0.02], [3196.85, 0.03], [3196.86, 1.003], [3196.87, 0.128], [3196.88, 0.02], [3196.89, 0.809], [3196.9, 0.864], [3196.91, 0.111], [3196.92, 0.085], [3196.93, 0.015], [3196.95, 0.473], [3196.96, 0.014]], "timestamp": "2025-12-11T11:32:42.060152+00:00"}, {"symbol": "ETHUSDT", "bids": [[3193.53, 20.582], [3193.52, 0.015], [3193.51, 0.821], [3193.5, 4.478], [3193.48, 0.008], [3193.47, 0.64], [3193.46, 0.059], [3193.45, 0.008], [3193.44, 0.015], [3193.43, 0.007], [3193.42, 0.42], [3193.41, 0.169], [3193.4, 0.912], [3193.39, 0.021], [3193.38, 0.142], [3193.37, 0.035], [3193.36, 0.038], [3193.35, 0.061], [3193.34, 0.02], [3193.33, 0.811]], "asks": [[3193.54, 49.105], [3193.55, 0.039], [3193.58, 1.26], [3193.59, 0.007], [3193.6, 1.376], [3193.61, 0.015], [3193.62, 0.02], [3193.63, 0.008], [3193.65, 0.028], [3193.67, 0.058], [3193.68, 1.261], [3193.7, 1.401], [3193.71, 4.139], [3193.72, 0.361], [3193.73, 0.626], [3193.74, 0.813], [3193.75, 4.96], [3193.76, 1.183], [3193.77, 0.397], [3193.79, 0.015]], "timestamp": "2025-12-11T11:33:39.917162+00:00"}, {"symbol": "ETHUSDT", "bids": [[3195.0, 78.696], [3194.99, 0.245], [3194.98, 0.123], [3194.97, 0.045], [3194.96, 0.013], [3194.95, 0.045], [3194.94, 0.028], [3194.93, 0.007], [3194.92, 0.048], [3194.91, 0.015], [3194.9, 0.378], [3194.89, 0.045], [3194.88, 0.035], [3194.87, 0.008], [3194.86, 0.013], [3194.85, 0.427], [3194.84, 0.046], [3194.83, 0.013], [3194.82, 0.172], [3194.81, 0.027]], "asks": [[3195.01, 88.289], [3195.02, 1.283], [3195.07, 0.038], [3195.08, 0.655], [3195.09, 1.891], [3195.1, 0.036], [3195.11, 0.038], [3195.12, 0.193], [3195.15, 0.066], [3195.17, 1.252], [3195.18, 0.029], [3195.2, 1.283], [3195.21, 0.343], [3195.22, 0.007], [3195.24, 0.021], [3195.25, 0.929], [3195.26, 0.007], [3195.27, 0.013], [3195.28, 0.008], [3195.29, 0.156]], "timestamp": "2025-12-11T11:34:37.970295+00:00"}, {"symbol": "ETHUSDT", "bids": [[3194.74, 51.504], [3194.73, 0.007], [3194.71, 2.356], [3194.7, 1.854], [3194.69, 0.541], [3194.68, 0.007], [3194.67, 0.021], [3194.66, 0.007], [3194.65, 0.045], [3194.64, 0.337], [3194.63, 1.266], [3194.62, 0.014], [3194.61, 0.328], [3194.6, 0.082], [3194.59, 0.017], [3194.58, 3.477], [3194.57, 0.008], [3194.56, 0.052], [3194.55, 1.288], [3194.54, 0.014]], "asks": [[3194.75, 48.399], [3194.76, 0.024], [3194.77, 0.007], [3194.81, 0.053], [3194.82, 0.008], [3194.83, 0.098], [3194.84, 0.432], [3194.85, 1.507], [3194.86, 0.035], [3194.87, 1.298], [3194.88, 0.008], [3194.89, 0.02], [3194.9, 0.64], [3194.92, 0.171], [3194.93, 0.057], [3194.94, 1.316], [3194.95, 6.692], [3194.96, 0.313], [3194.97, 0.373], [3194.98, 0.077]], "timestamp": "2025-12-11T11:35:36.371703+00:00"}, {"symbol": "ETHUSDT", "bids": [[3193.9, 21.804], [3193.89, 0.007], [3193.88, 0.045], [3193.87, 1.5], [3193.85, 0.023], [3193.84, 0.038], [3193.83, 0.091], [3193.82, 0.008], [3193.8, 0.066], [3193.79, 0.021], [3193.77, 0.163], [3193.76, 0.075], [3193.75, 0.344], [3193.74, 0.334], [3193.73, 0.025], [3193.72, 11.047], [3193.71, 0.071], [3193.7, 0.791], [3193.69, 0.311], [3193.68, 0.371]], "asks": [[3193.91, 63.021], [3193.92, 0.025], [3193.93, 0.007], [3193.94, 1.26], [3193.95, 0.783], [3193.96, 1.515], [3193.97, 0.007], [3193.98, 0.008], [3193.99, 0.058], [3194.0, 0.124], [3194.01, 1.879], [3194.02, 0.084], [3194.03, 0.061], [3194.04, 0.014], [3194.05, 0.365], [3194.06, 1.545], [3194.07, 0.201], [3194.08, 0.413], [3194.09, 1.26], [3194.1, 5.891]], "timestamp": "2025-12-11T11:36:35.937607+00:00"}, {"symbol": "ETHUSDT", "bids": [[3196.26, 85.116], [3196.25, 0.106], [3196.23, 0.007], [3196.21, 0.038], [3196.2, 0.036], [3196.19, 0.015], [3196.18, 0.013], [3196.16, 0.007], [3196.15, 0.403], [3196.14, 0.605], [3196.13, 0.033], [3196.12, 0.02], [3196.11, 0.35], [3196.1, 0.438], [3196.09, 0.1], [3196.08, 1.26], [3196.07, 0.33], [3196.06, 1.246], [3196.05, 0.617], [3196.04, 0.29]], "asks": [[3196.27, 64.326], [3196.28, 1.703], [3196.3, 0.143], [3196.32, 0.008], [3196.33, 0.008], [3196.34, 0.329], [3196.35, 1.005], [3196.36, 1.252], [3196.37, 0.678], [3196.38, 0.021], [3196.4, 0.031], [3196.41, 0.059], [3196.42, 0.094], [3196.43, 1.288], [3196.44, 0.015], [3196.45, 0.008], [3196.46, 1.013], [3196.47, 0.046], [3196.48, 5.794], [3196.49, 0.031]], "timestamp": "2025-12-11T11:37:35.933098+00:00"}, {"symbol": "ETHUSDT", "bids": [[3195.2, 82.284], [3195.19, 0.085], [3195.17, 0.807], [3195.16, 0.008], [3195.15, 1.38], [3195.14, 1.307], [3195.13, 0.037], [3195.12, 0.008], [3195.1, 0.069], [3195.09, 0.412], [3195.08, 0.816], [3195.07, 1.259], [3195.06, 0.325], [3195.05, 0.292], [3195.04, 2.414], [3195.03, 0.038], [3195.02, 0.286], [3195.01, 0.103], [3195.0, 1.783], [3194.99, 0.081]], "asks": [[3195.21, 13.052], [3195.22, 4.467], [3195.26, 0.038], [3195.28, 0.008], [3195.29, 0.013], [3195.3, 0.021], [3195.32, 0.059], [3195.34, 0.14], [3195.35, 0.021], [3195.36, 0.046], [3195.37, 0.008], [3195.38, 0.013], [3195.39, 1.045], [3195.4, 3.571], [3195.41, 0.253], [3195.42, 0.07], [3195.44, 0.059], [3195.45, 0.163], [3195.46, 0.015], [3195.47, 0.691]], "timestamp": "2025-12-11T11:38:35.718714+00:00"}, {"symbol": "ETHUSDT", "bids": [[3195.77, 38.398], [3195.76, 0.059], [3195.75, 0.014], [3195.74, 0.007], [3195.72, 0.27], [3195.71, 1.29], [3195.7, 0.007], [3195.69, 0.021], [3195.68, 0.007], [3195.67, 0.021], [3195.66, 0.364], [3195.65, 0.752], [3195.64, 1.525], [3195.63, 0.432], [3195.62, 0.466], [3195.61, 0.818], [3195.6, 0.067], [3195.59, 0.187], [3195.58, 0.281], [3195.57, 1.601]], "asks": [[3195.78, 150.537], [3195.79, 1.335], [3195.8, 0.007], [3195.83, 0.054], [3195.84, 1.252], [3195.85, 0.008], [3195.86, 1.124], [3195.88, 0.046], [3195.89, 0.013], [3195.9, 0.037], [3195.91, 0.241], [3195.92, 0.029], [3195.93, 1.418], [3195.94, 0.038], [3195.95, 0.008], [3195.96, 0.638], [3195.97, 0.046], [3195.98, 0.046], [3195.99, 0.396], [3196.0, 0.372]], "timestamp": "2025-12-11T11:39:34.566366+00:00"}, {"symbol": "ETHUSDT", "bids": [[3196.66, 50.435], [3196.65, 0.014], [3196.64, 0.007], [3196.61, 0.014], [3196.59, 0.059], [3196.55, 0.059], [3196.52, 0.099], [3196.51, 0.038], [3196.5, 0.021], [3196.49, 0.021], [3196.47, 0.038], [3196.46, 0.021], [3196.45, 0.007], [3196.44, 1.453], [3196.43, 0.051], [3196.42, 1.26], [3196.41, 8.35], [3196.4, 4.037], [3196.39, 8.42], [3196.38, 0.731]], "asks": [[3196.67, 130.92], [3196.68, 15.177], [3196.69, 0.007], [3196.7, 1.01], [3196.71, 0.047], [3196.72, 0.007], [3196.73, 1.848], [3196.74, 0.996], [3196.76, 0.848], [3196.77, 0.544], [3196.78, 0.045], [3196.79, 0.093], [3196.8, 15.924], [3196.81, 2.581], [3196.82, 0.074], [3196.83, 2.612], [3196.85, 0.868], [3196.86, 6.519], [3196.87, 6.391], [3196.88, 0.034]], "timestamp": "2025-12-11T11:40:32.047792+00:00"}, {"symbol": "ETHUSDT", "bids": [[3195.75, 46.75], [3195.74, 0.028], [3195.72, 1.507], [3195.71, 0.685], [3195.7, 0.343], [3195.69, 1.26], [3195.68, 0.113], [3195.67, 7.675], [3195.66, 0.038], [3195.65, 0.015], [3195.64, 0.013], [3195.63, 0.832], [3195.62, 0.463], [3195.61, 4.411], [3195.6, 23.237], [3195.59, 2.542], [3195.58, 0.13], [3195.57, 0.057], [3195.56, 0.045], [3195.54, 0.021]], "asks": [[3195.76, 61.929], [3195.77, 1.081], [3195.79, 5.558], [3195.8, 21.484], [3195.81, 0.007], [3195.83, 0.06], [3195.84, 0.325], [3195.86, 0.007], [3195.87, 4.393], [3195.88, 1.252], [3195.89, 0.007], [3195.9, 0.356], [3195.91, 0.15], [3195.92, 0.045], [3195.93, 0.035], [3195.94, 0.008], [3195.95, 1.272], [3195.96, 1.545], [3195.97, 0.015], [3195.98, 0.021]], "timestamp": "2025-12-11T11:41:29.779753+00:00"}, {"symbol": "ETHUSDT", "bids": [[3195.46, 2.86], [3195.45, 5.548], [3195.44, 0.153], [3195.43, 0.319], [3195.42, 0.79], [3195.4, 0.36], [3195.39, 0.027], [3195.38, 0.018], [3195.37, 0.023], [3195.36, 0.022], [3195.35, 0.066], [3195.33, 0.039], [3195.32, 0.042], [3195.31, 0.051], [3195.3, 0.036], [3195.29, 0.008], [3195.28, 1.926], [3195.27, 0.456], [3195.26, 0.008], [3195.25, 1.357]], "asks": [[3195.47, 106.873], [3195.48, 0.031], [3195.5, 1.268], [3195.52, 0.008], [3195.53, 0.936], [3195.54, 0.671], [3195.55, 0.013], [3195.56, 2.2], [3195.57, 1.315], [3195.58, 0.021], [3195.59, 0.051], [3195.6, 0.928], [3195.61, 0.159], [3195.62, 1.036], [3195.63, 0.038], [3195.64, 0.028], [3195.65, 1.252], [3195.66, 0.32], [3195.67, 0.051], [3195.68, 0.015]], "timestamp": "2025-12-11T11:42:26.565263+00:00"}, {"symbol": "ETHUSDT", "bids": [[3195.13, 150.233], [3195.12, 1.55], [3195.1, 0.007], [3195.08, 0.553], [3195.07, 1.306], [3195.06, 0.249], [3195.05, 0.013], [3195.04, 1.938], [3195.02, 0.376], [3195.01, 0.141], [3195.0, 4.586], [3194.99, 2.558], [3194.98, 0.038], [3194.97, 3.628], [3194.96, 0.066], [3194.95, 0.344], [3194.94, 2.159], [3194.93, 0.013], [3194.91, 0.321], [3194.9, 0.465]], "asks": [[3195.14, 19.452], [3195.15, 0.059], [3195.16, 0.007], [3195.18, 0.007], [3195.19, 2.02], [3195.2, 0.125], [3195.21, 0.055], [3195.22, 3.625], [3195.23, 0.046], [3195.25, 0.028], [3195.26, 0.087], [3195.27, 0.053], [3195.28, 0.034], [3195.29, 0.632], [3195.3, 0.938], [3195.31, 0.176], [3195.32, 0.014], [3195.33, 0.796], [3195.34, 1.383], [3195.35, 0.045]], "timestamp": "2025-12-11T11:43:24.058870+00:00"}, {"symbol": "ETHUSDT", "bids": [[3196.42, 95.227], [3196.41, 1.235], [3196.4, 0.95], [3196.39, 0.007], [3196.38, 0.17], [3196.37, 0.046], [3196.36, 1.373], [3196.35, 0.773], [3196.34, 0.42], [3196.33, 0.014], [3196.32, 0.418], [3196.31, 0.046], [3196.3, 1.448], [3196.29, 2.216], [3196.28, 0.328], [3196.27, 0.038], [3196.26, 2.868], [3196.25, 1.305], [3196.24, 0.008], [3196.23, 0.027]], "asks": [[3196.43, 24.493], [3196.44, 0.024], [3196.45, 1.916], [3196.46, 0.007], [3196.49, 0.038], [3196.5, 0.022], [3196.51, 0.013], [3196.52, 0.198], [3196.54, 0.051], [3196.56, 0.036], [3196.58, 0.663], [3196.59, 0.008], [3196.6, 0.043], [3196.62, 0.124], [3196.63, 0.013], [3196.64, 1.656], [3196.65, 0.798], [3196.66, 0.051], [3196.67, 0.01], [3196.68, 3.804]], "timestamp": "2025-12-11T11:44:21.953210+00:00"}, {"symbol": "ETHUSDT", "bids": [[3195.37, 40.733], [3195.36, 0.06], [3195.35, 0.007], [3195.33, 0.015], [3195.32, 0.022], [3195.31, 0.038], [3195.3, 0.041], [3195.29, 0.022], [3195.27, 0.06], [3195.26, 1.28], [3195.24, 0.036], [3195.23, 0.007], [3195.22, 0.066], [3195.21, 0.551], [3195.2, 0.386], [3195.19, 1.365], [3195.18, 0.908], [3195.17, 0.305], [3195.16, 0.017], [3195.15, 0.339]], "asks": [[3195.38, 121.075], [3195.39, 2.093], [3195.4, 0.007], [3195.41, 0.007], [3195.42, 0.007], [3195.43, 0.038], [3195.44, 5.451], [3195.45, 2.213], [3195.46, 0.013], [3195.47, 0.121], [3195.48, 0.65], [3195.49, 4.24], [3195.5, 0.766], [3195.51, 0.225], [3195.52, 0.078], [3195.53, 9.334], [3195.54, 0.007], [3195.55, 43.054], [3195.56, 0.646], [3195.57, 0.007]], "timestamp": "2025-12-11T11:45:21.296320+00:00"}, {"symbol": "ETHUSDT", "bids": [[3195.93, 170.055], [3195.92, 0.052], [3195.9, 13.87], [3195.88, 0.976], [3195.87, 0.551], [3195.86, 0.015], [3195.85, 1.265], [3195.84, 0.045], [3195.83, 4.093], [3195.82, 18.772], [3195.81, 0.64], [3195.8, 0.066], [3195.79, 0.021], [3195.78, 0.335], [3195.76, 1.393], [3195.75, 0.935], [3195.74, 0.306], [3195.73, 1.415], [3195.72, 0.326], [3195.71, 0.029]], "asks": [[3195.94, 0.527], [3195.95, 0.014], [3195.96, 0.02], [3195.97, 0.07], [3195.99, 0.027], [3196.0, 0.022], [3196.01, 0.038], [3196.02, 0.015], [3196.03, 0.007], [3196.04, 1.58], [3196.05, 0.231], [3196.06, 0.007], [3196.07, 0.67], [3196.08, 0.015], [3196.09, 0.007], [3196.1, 0.361], [3196.11, 0.015], [3196.12, 0.066], [3196.14, 0.02], [3196.15, 0.485]], "timestamp": "2025-12-11T11:46:20.343957+00:00"}, {"symbol": "ETHUSDT", "bids": [[3196.35, 18.434], [3196.34, 0.283], [3196.32, 0.312], [3196.31, 0.038], [3196.3, 0.015], [3196.27, 0.021], [3196.26, 0.312], [3196.24, 20.769], [3196.23, 0.277], [3196.22, 0.007], [3196.21, 0.02], [3196.2, 0.107], [3196.19, 0.038], [3196.18, 0.008], [3196.17, 0.028], [3196.15, 0.035], [3196.13, 0.066], [3196.12, 0.008], [3196.11, 0.111], [3196.1, 0.825]], "asks": [[3196.36, 175.762], [3196.37, 0.014], [3196.4, 0.007], [3196.42, 0.438], [3196.43, 0.415], [3196.44, 0.413], [3196.46, 0.038], [3196.47, 0.021], [3196.48, 1.401], [3196.49, 9.622], [3196.5, 0.122], [3196.51, 0.419], [3196.52, 3.021], [3196.53, 0.124], [3196.54, 0.038], [3196.55, 0.128], [3196.56, 0.029], [3196.57, 0.023], [3196.58, 4.73], [3196.59, 0.034]], "timestamp": "2025-12-11T11:47:20.473481+00:00"}, {"symbol": "ETHUSDT", "bids": [[3195.6, 110.571], [3195.59, 0.021], [3195.58, 0.038], [3195.56, 0.007], [3195.55, 0.007], [3195.54, 0.008], [3195.53, 0.038], [3195.52, 0.281], [3195.51, 0.007], [3195.5, 1.28], [3195.49, 0.038], [3195.48, 0.021], [3195.46, 0.021], [3195.45, 0.015], [3195.44, 0.007], [3195.43, 1.575], [3195.42, 0.031], [3195.41, 2.429], [3195.4, 10.109], [3195.39, 2.526]], "asks": [[3195.61, 38.017], [3195.62, 0.007], [3195.65, 0.038], [3195.67, 2.328], [3195.68, 0.008], [3195.69, 0.213], [3195.7, 0.056], [3195.72, 1.521], [3195.73, 0.045], [3195.74, 1.26], [3195.75, 0.798], [3195.77, 8.893], [3195.78, 0.684], [3195.79, 0.132], [3195.8, 0.027], [3195.81, 0.015], [3195.82, 0.058], [3195.83, 0.007], [3195.84, 0.008], [3195.85, 0.413]], "timestamp": "2025-12-11T11:48:17.764387+00:00"}, {"symbol": "ETHUSDT", "bids": [[3194.7, 1.12], [3194.69, 0.014], [3194.68, 0.013], [3194.67, 0.156], [3194.66, 0.015], [3194.65, 0.795], [3194.64, 0.015], [3194.63, 0.008], [3194.62, 0.007], [3194.61, 0.562], [3194.6, 0.103], [3194.59, 0.008], [3194.58, 0.425], [3194.57, 10.694], [3194.56, 0.066], [3194.55, 0.022], [3194.54, 0.013], [3194.53, 10.701], [3194.52, 0.996], [3194.51, 0.01]], "asks": [[3194.71, 237.138], [3194.72, 6.285], [3194.76, 3.124], [3194.77, 11.768], [3194.78, 0.007], [3194.79, 0.021], [3194.8, 0.014], [3194.81, 0.045], [3194.82, 0.021], [3194.83, 0.008], [3194.84, 0.015], [3194.85, 1.273], [3194.87, 0.064], [3194.88, 0.124], [3194.9, 2.015], [3194.91, 0.707], [3194.92, 0.038], [3194.93, 1.253], [3194.94, 0.367], [3194.95, 0.091]], "timestamp": "2025-12-11T11:49:14.733023+00:00"}, {"symbol": "ETHUSDT", "bids": [[3195.51, 79.464], [3195.5, 0.454], [3195.48, 0.207], [3195.47, 0.4], [3195.46, 0.007], [3195.45, 0.06], [3195.44, 0.544], [3195.43, 1.272], [3195.42, 0.215], [3195.41, 0.038], [3195.4, 0.029], [3195.39, 0.029], [3195.37, 0.796], [3195.36, 2.334], [3195.35, 2.448], [3195.34, 0.013], [3195.33, 0.015], [3195.31, 0.053], [3195.3, 1.012], [3195.29, 0.015]], "asks": [[3195.52, 83.346], [3195.53, 0.014], [3195.55, 0.038], [3195.56, 0.877], [3195.57, 1.483], [3195.58, 0.529], [3195.59, 1.364], [3195.6, 2.057], [3195.61, 0.007], [3195.62, 0.051], [3195.63, 0.078], [3195.64, 0.058], [3195.66, 0.015], [3195.67, 0.027], [3195.69, 0.371], [3195.7, 0.045], [3195.71, 0.037], [3195.72, 1.22], [3195.73, 1.305], [3195.74, 0.027]], "timestamp": "2025-12-11T11:50:11.137651+00:00"}, {"symbol": "ETHUSDT", "bids": [[3193.85, 6.717], [3193.84, 0.992], [3193.83, 0.295], [3193.82, 0.007], [3193.81, 0.045], [3193.8, 0.021], [3193.79, 0.03], [3193.78, 0.007], [3193.77, 0.035], [3193.76, 0.054], [3193.75, 0.312], [3193.74, 0.008], [3193.73, 0.501], [3193.72, 0.053], [3193.71, 1.552], [3193.7, 1.12], [3193.69, 71.426], [3193.68, 14.884], [3193.67, 0.029], [3193.66, 0.433]], "asks": [[3193.86, 199.295], [3193.87, 1.433], [3193.88, 0.016], [3193.9, 1.93], [3193.91, 3.112], [3193.93, 0.038], [3193.94, 0.306], [3193.95, 0.02], [3193.96, 3.168], [3193.97, 0.016], [3193.98, 0.059], [3193.99, 2.87], [3194.0, 0.348], [3194.01, 0.008], [3194.02, 0.038], [3194.03, 0.086], [3194.04, 0.027], [3194.06, 1.353], [3194.07, 0.024], [3194.08, 0.163]], "timestamp": "2025-12-11T11:51:08.697146+00:00"}, {"symbol": "ETHUSDT", "bids": [[3195.08, 83.354], [3195.07, 0.052], [3195.06, 0.007], [3195.05, 0.014], [3195.04, 0.093], [3195.03, 1.297], [3195.02, 0.016], [3195.01, 0.713], [3195.0, 2.51], [3194.98, 0.007], [3194.97, 0.021], [3194.96, 1.29], [3194.95, 0.014], [3194.94, 0.028], [3194.93, 0.602], [3194.92, 0.069], [3194.91, 0.014], [3194.9, 0.021], [3194.89, 1.273], [3194.88, 0.016]], "asks": [[3195.09, 35.616], [3195.1, 0.03], [3195.13, 0.007], [3195.14, 0.046], [3195.15, 0.007], [3195.16, 0.036], [3195.17, 0.638], [3195.18, 0.046], [3195.2, 3.397], [3195.21, 0.04], [3195.22, 1.298], [3195.23, 0.028], [3195.24, 0.577], [3195.25, 0.03], [3195.26, 0.24], [3195.27, 0.007], [3195.28, 2.219], [3195.29, 0.32], [3195.3, 1.978], [3195.31, 0.066]], "timestamp": "2025-12-11T11:52:05.119483+00:00"}, {"symbol": "ETHUSDT", "bids": [[3195.53, 44.925], [3195.52, 0.014], [3195.51, 0.163], [3195.5, 0.344], [3195.49, 0.015], [3195.48, 0.007], [3195.46, 0.066], [3195.45, 2.672], [3195.44, 5.065], [3195.43, 0.007], [3195.42, 0.028], [3195.41, 0.038], [3195.4, 4.83], [3195.39, 0.035], [3195.37, 0.046], [3195.36, 0.022], [3195.35, 0.035], [3195.34, 4.214], [3195.33, 0.065], [3195.32, 4.304]], "asks": [[3195.54, 110.077], [3195.55, 1.357], [3195.56, 0.454], [3195.57, 1.529], [3195.58, 0.015], [3195.6, 0.101], [3195.62, 1.318], [3195.63, 0.078], [3195.64, 0.008], [3195.65, 0.013], [3195.66, 0.053], [3195.68, 4.532], [3195.69, 0.031], [3195.7, 1.266], [3195.72, 0.081], [3195.73, 0.313], [3195.74, 0.156], [3195.75, 0.028], [3195.76, 0.063], [3195.77, 1.252]], "timestamp": "2025-12-11T11:53:02.708019+00:00"}, {"symbol": "ETHUSDT", "bids": [[3195.19, 79.14], [3195.18, 0.93], [3195.16, 0.562], [3195.15, 0.093], [3195.14, 1.937], [3195.13, 0.007], [3195.12, 0.333], [3195.1, 0.007], [3195.09, 0.054], [3195.08, 1.273], [3195.07, 0.008], [3195.05, 0.021], [3195.03, 2.362], [3195.02, 0.038], [3195.01, 0.106], [3195.0, 1.482], [3194.99, 0.02], [3194.98, 0.354], [3194.97, 9.947], [3194.96, 5.009]], "asks": [[3195.2, 68.048], [3195.21, 1.923], [3195.24, 0.008], [3195.25, 0.043], [3195.26, 0.008], [3195.27, 0.048], [3195.28, 0.028], [3195.3, 0.037], [3195.31, 0.059], [3195.32, 0.023], [3195.33, 0.156], [3195.34, 0.013], [3195.35, 0.804], [3195.36, 0.808], [3195.37, 1.252], [3195.38, 5.726], [3195.39, 0.633], [3195.4, 0.027], [3195.41, 0.069], [3195.42, 0.319]], "timestamp": "2025-12-11T11:53:59.170083+00:00"}, {"symbol": "ETHUSDT", "bids": [[3193.9, 16.133], [3193.89, 0.074], [3193.88, 0.067], [3193.85, 1.884], [3193.84, 0.253], [3193.83, 0.021], [3193.82, 0.085], [3193.81, 0.007], [3193.8, 0.052], [3193.79, 0.028], [3193.78, 0.007], [3193.77, 0.008], [3193.76, 0.058], [3193.75, 0.015], [3193.73, 0.028], [3193.72, 0.045], [3193.71, 0.008], [3193.7, 0.044], [3193.69, 0.015], [3193.68, 1.007]], "asks": [[3193.91, 69.553], [3193.92, 0.014], [3193.93, 0.007], [3193.94, 0.055], [3193.95, 0.507], [3193.96, 0.038], [3193.97, 0.022], [3193.99, 0.073], [3194.0, 1.38], [3194.01, 0.05], [3194.02, 0.451], [3194.03, 1.99], [3194.04, 1.18], [3194.05, 0.649], [3194.06, 2.093], [3194.07, 5.529], [3194.08, 1.665], [3194.09, 0.015], [3194.1, 9.044], [3194.11, 0.045]], "timestamp": "2025-12-11T11:54:55.334637+00:00"}, {"symbol": "ETHUSDT", "bids": [[3192.97, 78.765], [3192.96, 0.022], [3192.94, 0.007], [3192.91, 0.192], [3192.9, 1.329], [3192.89, 0.013], [3192.88, 0.007], [3192.87, 3.19], [3192.86, 3.056], [3192.85, 6.09], [3192.84, 0.366], [3192.83, 4.373], [3192.82, 3.615], [3192.81, 27.672], [3192.8, 7.364], [3192.79, 0.214], [3192.78, 0.626], [3192.77, 0.023], [3192.76, 1.443], [3192.75, 0.46]], "asks": [[3192.98, 13.032], [3192.99, 8.007], [3193.0, 0.007], [3193.01, 12.931], [3193.02, 0.021], [3193.03, 0.007], [3193.04, 0.028], [3193.05, 0.498], [3193.06, 0.014], [3193.07, 0.02], [3193.08, 0.016], [3193.09, 0.013], [3193.1, 0.021], [3193.11, 0.015], [3193.12, 0.059], [3193.13, 0.145], [3193.14, 1.8], [3193.15, 0.431], [3193.16, 0.078], [3193.17, 0.633]], "timestamp": "2025-12-11T11:55:52.068232+00:00"}, {"symbol": "ETHUSDT", "bids": [[3193.21, 50.992], [3193.2, 0.137], [3193.19, 0.173], [3193.18, 0.227], [3193.17, 0.183], [3193.16, 1.253], [3193.15, 1.818], [3193.14, 3.367], [3193.13, 3.051], [3193.12, 3.104], [3193.11, 24.967], [3193.1, 131.718], [3193.09, 0.03], [3193.08, 0.336], [3193.07, 1.319], [3193.06, 0.617], [3193.05, 4.396], [3193.04, 0.007], [3193.03, 0.607], [3193.02, 0.132]], "asks": [[3193.22, 70.057], [3193.23, 0.021], [3193.24, 1.798], [3193.25, 4.837], [3193.26, 0.007], [3193.27, 0.007], [3193.28, 1.206], [3193.29, 0.069], [3193.3, 0.027], [3193.32, 0.023], [3193.33, 0.02], [3193.35, 2.868], [3193.36, 1.899], [3193.38, 0.022], [3193.39, 0.129], [3193.4, 0.014], [3193.41, 0.109], [3193.42, 0.132], [3193.43, 1.886], [3193.44, 0.046]], "timestamp": "2025-12-11T11:56:47.178284+00:00"}, {"symbol": "ETHUSDT", "bids": [[3194.14, 37.495], [3194.13, 0.109], [3194.11, 1.602], [3194.1, 0.342], [3194.09, 2.807], [3194.08, 0.101], [3194.07, 0.815], [3194.06, 0.051], [3194.05, 0.751], [3194.04, 0.035], [3194.03, 0.382], [3194.02, 0.008], [3194.01, 0.633], [3194.0, 0.034], [3193.99, 1.299], [3193.98, 0.34], [3193.97, 0.022], [3193.96, 0.022], [3193.95, 0.037], [3193.94, 0.066]], "asks": [[3194.15, 152.644], [3194.16, 0.028], [3194.19, 1.26], [3194.2, 5.103], [3194.21, 4.11], [3194.22, 1.931], [3194.23, 0.036], [3194.24, 1.565], [3194.25, 0.022], [3194.26, 0.028], [3194.27, 1.301], [3194.28, 0.014], [3194.29, 0.329], [3194.3, 0.098], [3194.31, 0.038], [3194.32, 0.771], [3194.33, 0.013], [3194.34, 1.623], [3194.35, 1.551], [3194.37, 0.639]], "timestamp": "2025-12-11T11:57:44.684850+00:00"}, {"symbol": "ETHUSDT", "bids": [[3194.54, 16.831], [3194.53, 0.102], [3194.52, 0.16], [3194.51, 1.034], [3194.5, 0.007], [3194.49, 0.045], [3194.48, 0.063], [3194.47, 0.021], [3194.46, 0.007], [3194.45, 0.045], [3194.44, 0.361], [3194.43, 0.066], [3194.42, 0.007], [3194.41, 0.008], [3194.4, 1.358], [3194.39, 1.372], [3194.37, 0.035], [3194.36, 0.045], [3194.34, 0.028], [3194.33, 0.024]], "asks": [[3194.55, 56.979], [3194.56, 0.112], [3194.57, 1.891], [3194.58, 1.416], [3194.59, 0.024], [3194.6, 0.439], [3194.61, 0.053], [3194.62, 0.028], [3194.63, 0.02], [3194.64, 0.321], [3194.65, 0.545], [3194.66, 0.013], [3194.67, 1.887], [3194.68, 0.494], [3194.69, 2.622], [3194.7, 0.443], [3194.71, 5.636], [3194.72, 0.649], [3194.73, 0.694], [3194.74, 12.833]], "timestamp": "2025-12-11T11:58:43.763136+00:00"}, {"symbol": "ETHUSDT", "bids": [[3194.09, 11.647], [3194.08, 0.014], [3194.07, 0.163], [3194.06, 2.532], [3194.05, 0.351], [3194.04, 0.022], [3194.03, 0.208], [3194.01, 0.333], [3194.0, 508.182], [3193.99, 0.028], [3193.98, 0.34], [3193.97, 0.961], [3193.96, 0.028], [3193.95, 0.032], [3193.94, 0.03], [3193.93, 0.045], [3193.92, 0.906], [3193.91, 0.007], [3193.9, 0.033], [3193.89, 0.067]], "asks": [[3194.1, 245.884], [3194.11, 2.82], [3194.12, 1.26], [3194.13, 0.007], [3194.15, 1.684], [3194.16, 9.518], [3194.17, 2.008], [3194.18, 0.026], [3194.19, 0.007], [3194.2, 1.517], [3194.21, 0.071], [3194.22, 0.015], [3194.23, 0.007], [3194.24, 0.013], [3194.25, 0.153], [3194.26, 0.02], [3194.27, 0.008], [3194.28, 0.02], [3194.29, 1.298], [3194.3, 2.532]], "timestamp": "2025-12-11T11:59:39.149665+00:00"}, {"symbol": "ETHUSDT", "bids": [[3191.69, 28.413], [3191.68, 0.03], [3191.67, 0.337], [3191.66, 0.036], [3191.65, 0.038], [3191.64, 1.507], [3191.63, 0.046], [3191.62, 0.013], [3191.61, 0.007], [3191.6, 0.015], [3191.58, 0.02], [3191.57, 0.022], [3191.56, 0.069], [3191.55, 0.053], [3191.54, 0.137], [3191.53, 0.128], [3191.5, 0.044], [3191.49, 0.038], [3191.48, 0.01], [3191.47, 0.042]], "asks": [[3191.7, 120.025], [3191.71, 0.076], [3191.74, 1.355], [3191.75, 0.774], [3191.76, 0.008], [3191.77, 0.164], [3191.78, 0.051], [3191.79, 4.362], [3191.8, 0.007], [3191.81, 1.275], [3191.83, 0.038], [3191.84, 0.021], [3191.85, 2.334], [3191.87, 0.021], [3191.88, 1.328], [3191.9, 0.044], [3191.91, 0.007], [3191.92, 0.829], [3191.93, 0.028], [3191.95, 2.416]], "timestamp": "2025-12-11T12:00:36.495334+00:00"}, {"symbol": "ETHUSDT", "bids": [[3192.31, 128.12], [3192.3, 23.512], [3192.29, 1.3], [3192.28, 0.008], [3192.26, 1.494], [3192.25, 0.095], [3192.24, 0.046], [3192.23, 0.013], [3192.21, 0.043], [3192.2, 1.307], [3192.19, 0.008], [3192.18, 0.038], [3192.17, 0.021], [3192.15, 0.397], [3192.14, 29.246], [3192.13, 0.056], [3192.12, 5.367], [3192.11, 0.052], [3192.1, 0.431], [3192.09, 0.169]], "asks": [[3192.32, 56.609], [3192.33, 0.014], [3192.34, 1.205], [3192.35, 2.024], [3192.36, 0.01], [3192.37, 0.015], [3192.39, 0.156], [3192.4, 0.698], [3192.41, 0.038], [3192.42, 0.144], [3192.43, 0.027], [3192.44, 1.988], [3192.45, 0.404], [3192.46, 0.822], [3192.48, 0.792], [3192.49, 4.748], [3192.5, 0.44], [3192.51, 0.328], [3192.52, 1.274], [3192.53, 0.347]], "timestamp": "2025-12-11T12:01:33.518663+00:00"}, {"symbol": "ETHUSDT", "bids": [[3192.97, 134.219], [3192.96, 2.207], [3192.95, 0.102], [3192.94, 1.5], [3192.92, 0.007], [3192.91, 2.838], [3192.9, 1.754], [3192.89, 1.274], [3192.87, 0.604], [3192.86, 0.016], [3192.85, 0.008], [3192.84, 0.048], [3192.83, 2.493], [3192.82, 10.633], [3192.81, 4.611], [3192.8, 0.449], [3192.79, 0.164], [3192.78, 0.207], [3192.77, 0.028], [3192.76, 2.252]], "asks": [[3192.98, 6.753], [3192.99, 0.789], [3193.0, 1.841], [3193.01, 0.007], [3193.02, 0.322], [3193.03, 0.023], [3193.04, 0.053], [3193.05, 0.007], [3193.06, 0.045], [3193.07, 0.007], [3193.08, 1.508], [3193.09, 0.02], [3193.1, 5.095], [3193.11, 0.08], [3193.12, 0.008], [3193.13, 0.388], [3193.14, 0.446], [3193.15, 0.453], [3193.16, 0.014], [3193.17, 0.037]], "timestamp": "2025-12-11T12:02:30.670739+00:00"}, {"symbol": "ETHUSDT", "bids": [[3192.18, 48.244], [3192.17, 0.081], [3192.15, 1.521], [3192.14, 0.007], [3192.13, 0.351], [3192.12, 1.52], [3192.11, 0.007], [3192.1, 0.055], [3192.09, 0.053], [3192.08, 0.046], [3192.07, 0.008], [3192.06, 0.246], [3192.05, 0.07], [3192.04, 1.32], [3192.03, 0.008], [3192.02, 5.104], [3192.01, 2.87], [3192.0, 34.995], [3191.99, 52.276], [3191.98, 0.027]], "asks": [[3192.19, 7.199], [3192.2, 2.088], [3192.21, 0.007], [3192.23, 0.045], [3192.24, 1.507], [3192.26, 0.015], [3192.27, 1.951], [3192.3, 0.104], [3192.32, 0.007], [3192.33, 0.114], [3192.34, 0.038], [3192.35, 0.744], [3192.36, 1.139], [3192.38, 0.038], [3192.39, 0.028], [3192.4, 0.029], [3192.42, 0.373], [3192.43, 1.254], [3192.44, 0.007], [3192.45, 0.343]], "timestamp": "2025-12-11T12:03:28.459220+00:00"}, {"symbol": "ETHUSDT", "bids": [[3193.35, 130.022], [3193.34, 0.063], [3193.33, 0.007], [3193.32, 0.811], [3193.31, 0.045], [3193.3, 0.014], [3193.28, 0.007], [3193.27, 0.083], [3193.24, 0.008], [3193.23, 1.311], [3193.22, 0.335], [3193.21, 0.028], [3193.2, 0.051], [3193.19, 0.051], [3193.18, 0.007], [3193.17, 0.021], [3193.16, 1.261], [3193.15, 0.077], [3193.14, 0.007], [3193.13, 0.021]], "asks": [[3193.36, 29.662], [3193.37, 0.045], [3193.38, 0.031], [3193.39, 0.007], [3193.4, 0.007], [3193.41, 0.038], [3193.42, 1.123], [3193.43, 0.405], [3193.44, 1.273], [3193.45, 0.06], [3193.46, 0.014], [3193.47, 0.021], [3193.48, 0.024], [3193.49, 0.007], [3193.5, 0.077], [3193.51, 1.527], [3193.52, 0.013], [3193.54, 0.076], [3193.55, 0.015], [3193.56, 0.034]], "timestamp": "2025-12-11T12:04:25.117985+00:00"}, {"symbol": "ETHUSDT", "bids": [[3192.15, 39.269], [3192.14, 0.036], [3192.13, 0.038], [3192.1, 0.009], [3192.09, 0.038], [3192.08, 0.021], [3192.06, 0.008], [3192.05, 0.436], [3192.03, 1.888], [3192.02, 0.647], [3192.01, 15.684], [3192.0, 105.111], [3191.99, 0.281], [3191.98, 0.103], [3191.97, 2.637], [3191.96, 1.269], [3191.95, 0.013], [3191.94, 0.077], [3191.93, 0.116], [3191.92, 0.367]], "asks": [[3192.16, 53.928], [3192.17, 1.689], [3192.18, 0.078], [3192.2, 0.431], [3192.21, 3.637], [3192.22, 1.407], [3192.23, 0.007], [3192.24, 0.028], [3192.25, 1.342], [3192.26, 0.042], [3192.27, 0.328], [3192.28, 0.021], [3192.29, 0.137], [3192.3, 1.325], [3192.31, 0.634], [3192.32, 2.337], [3192.34, 0.035], [3192.36, 1.205], [3192.37, 1.278], [3192.38, 0.007]], "timestamp": "2025-12-11T12:05:22.973257+00:00"}, {"symbol": "ETHUSDT", "bids": [[3195.34, 214.001], [3195.33, 7.611], [3195.32, 1.514], [3195.31, 1.284], [3195.3, 0.028], [3195.29, 0.066], [3195.26, 0.021], [3195.25, 0.951], [3195.24, 1.292], [3195.23, 0.013], [3195.21, 0.059], [3195.2, 0.1], [3195.19, 1.101], [3195.18, 2.383], [3195.17, 0.028], [3195.16, 0.3], [3195.15, 0.045], [3195.14, 0.028], [3195.13, 0.008], [3195.12, 0.156]], "asks": [[3195.35, 3.649], [3195.36, 0.015], [3195.38, 0.061], [3195.39, 0.008], [3195.4, 0.024], [3195.42, 0.046], [3195.43, 0.009], [3195.45, 0.015], [3195.46, 0.038], [3195.47, 0.008], [3195.49, 0.015], [3195.5, 0.151], [3195.52, 0.372], [3195.53, 0.113], [3195.54, 0.246], [3195.55, 0.807], [3195.56, 0.214], [3195.57, 0.406], [3195.58, 2.447], [3195.59, 0.013]], "timestamp": "2025-12-11T12:06:18.755226+00:00"}, {"symbol": "ETHUSDT", "bids": [[3188.9, 84.328], [3188.89, 0.109], [3188.88, 0.095], [3188.87, 0.038], [3188.86, 0.015], [3188.85, 0.014], [3188.84, 0.008], [3188.83, 0.02], [3188.82, 0.038], [3188.81, 0.103], [3188.8, 0.109], [3188.79, 0.174], [3188.78, 0.091], [3188.75, 0.109], [3188.74, 3.083], [3188.73, 0.021], [3188.72, 1.364], [3188.71, 0.806], [3188.7, 6.576], [3188.69, 0.068]], "asks": [[3188.91, 21.591], [3188.92, 0.547], [3188.93, 2.435], [3188.95, 0.007], [3188.96, 0.038], [3188.98, 0.008], [3188.99, 0.013], [3189.0, 11.819], [3189.01, 0.783], [3189.02, 0.013], [3189.03, 2.876], [3189.04, 0.104], [3189.05, 4.057], [3189.06, 0.213], [3189.07, 0.008], [3189.08, 0.013], [3189.09, 0.192], [3189.1, 0.057], [3189.12, 0.276], [3189.13, 0.792]], "timestamp": "2025-12-11T12:07:14.317386+00:00"}, {"symbol": "ETHUSDT", "bids": [[3188.52, 31.96], [3188.51, 0.17], [3188.5, 0.045], [3188.49, 0.062], [3188.47, 0.016], [3188.46, 0.145], [3188.45, 1.27], [3188.44, 2.723], [3188.43, 7.678], [3188.42, 4.672], [3188.41, 0.138], [3188.4, 0.041], [3188.39, 1.294], [3188.38, 0.099], [3188.37, 1.306], [3188.36, 0.052], [3188.35, 0.075], [3188.34, 0.333], [3188.33, 0.448], [3188.32, 0.272]], "asks": [[3188.53, 46.445], [3188.54, 22.587], [3188.55, 2.811], [3188.56, 10.708], [3188.57, 0.131], [3188.58, 2.236], [3188.6, 2.27], [3188.61, 0.02], [3188.62, 0.008], [3188.63, 0.007], [3188.64, 3.676], [3188.65, 3.136], [3188.66, 0.735], [3188.67, 0.078], [3188.68, 0.027], [3188.69, 0.046], [3188.7, 0.361], [3188.71, 0.007], [3188.72, 0.028], [3188.73, 0.058]], "timestamp": "2025-12-11T12:08:09.225526+00:00"}, {"symbol": "ETHUSDT", "bids": [[3187.78, 41.951], [3187.77, 1.35], [3187.76, 0.161], [3187.75, 0.37], [3187.74, 0.015], [3187.72, 0.074], [3187.7, 0.205], [3187.69, 0.02], [3187.68, 0.054], [3187.67, 0.071], [3187.66, 0.02], [3187.65, 0.035], [3187.64, 0.038], [3187.63, 0.021], [3187.62, 0.091], [3187.6, 1.701], [3187.59, 6.421], [3187.58, 0.223], [3187.57, 0.013], [3187.56, 0.038]], "asks": [[3187.79, 296.787], [3187.8, 5.257], [3187.81, 0.116], [3187.82, 0.038], [3187.83, 1.262], [3187.84, 0.007], [3187.85, 2.377], [3187.86, 0.045], [3187.87, 7.735], [3187.88, 0.021], [3187.89, 0.015], [3187.9, 0.02], [3187.91, 2.951], [3187.92, 0.215], [3187.93, 0.063], [3187.94, 1.902], [3187.95, 2.399], [3187.96, 0.015], [3187.97, 0.065], [3187.98, 0.309]], "timestamp": "2025-12-11T12:09:04.350514+00:00"}, {"symbol": "ETHUSDT", "bids": [[3187.19, 158.344], [3187.18, 0.014], [3187.16, 0.007], [3187.13, 0.038], [3187.12, 0.109], [3187.1, 1.27], [3187.09, 0.038], [3187.08, 0.036], [3187.06, 0.015], [3187.05, 0.058], [3187.04, 0.008], [3187.03, 2.512], [3187.02, 2.224], [3187.01, 0.058], [3187.0, 0.391], [3186.98, 0.035], [3186.96, 0.051], [3186.95, 3.406], [3186.94, 0.572], [3186.93, 0.627]], "asks": [[3187.2, 24.862], [3187.21, 0.007], [3187.22, 0.523], [3187.23, 0.007], [3187.24, 0.693], [3187.25, 1.595], [3187.26, 0.871], [3187.28, 0.035], [3187.29, 0.078], [3187.3, 0.014], [3187.31, 0.097], [3187.32, 0.835], [3187.33, 0.034], [3187.34, 0.3], [3187.35, 0.042], [3187.36, 5.117], [3187.37, 0.053], [3187.39, 2.816], [3187.4, 1.263], [3187.41, 0.843]], "timestamp": "2025-12-11T12:09:59.588622+00:00"}, {"symbol": "ETHUSDT", "bids": [[3187.09, 104.986], [3187.08, 0.007], [3187.07, 0.007], [3187.06, 0.376], [3187.05, 0.609], [3187.04, 0.007], [3187.02, 0.015], [3187.01, 0.051], [3187.0, 0.007], [3186.99, 0.016], [3186.98, 0.013], [3186.97, 0.046], [3186.96, 0.333], [3186.93, 0.046], [3186.92, 1.284], [3186.9, 0.038], [3186.89, 0.061], [3186.88, 0.008], [3186.86, 0.476], [3186.85, 0.008]], "asks": [[3187.1, 43.878], [3187.11, 0.767], [3187.12, 3.701], [3187.13, 0.086], [3187.14, 0.078], [3187.15, 0.955], [3187.17, 0.053], [3187.18, 0.193], [3187.19, 0.015], [3187.2, 2.787], [3187.21, 0.093], [3187.22, 0.017], [3187.23, 0.087], [3187.24, 0.075], [3187.26, 0.068], [3187.27, 0.038], [3187.28, 0.01], [3187.29, 4.006], [3187.3, 0.049], [3187.31, 0.071]], "timestamp": "2025-12-11T12:10:54.430207+00:00"}, {"symbol": "ETHUSDT", "bids": [[3188.15, 59.244], [3188.14, 0.149], [3188.13, 0.007], [3188.12, 1.255], [3188.11, 0.045], [3188.1, 0.028], [3188.08, 0.029], [3188.07, 0.665], [3188.06, 2.077], [3188.05, 3.501], [3188.04, 0.021], [3188.03, 0.038], [3188.01, 0.255], [3188.0, 16.999], [3187.99, 38.313], [3187.98, 1.596], [3187.97, 0.045], [3187.95, 0.335], [3187.94, 0.02], [3187.93, 0.007]], "asks": [[3188.16, 27.877], [3188.17, 0.024], [3188.18, 0.696], [3188.19, 1.545], [3188.2, 1.818], [3188.21, 0.007], [3188.22, 0.054], [3188.23, 0.077], [3188.24, 0.113], [3188.25, 0.014], [3188.26, 0.053], [3188.27, 0.013], [3188.28, 0.045], [3188.29, 0.02], [3188.3, 0.58], [3188.31, 0.254], [3188.32, 0.017], [3188.33, 0.008], [3188.34, 1.125], [3188.35, 0.06]], "timestamp": "2025-12-11T12:11:50.491526+00:00"}, {"symbol": "ETHUSDT", "bids": [[3188.31, 48.357], [3188.3, 0.368], [3188.29, 0.007], [3188.28, 0.2], [3188.27, 0.052], [3188.26, 0.007], [3188.25, 0.015], [3188.24, 0.017], [3188.23, 0.058], [3188.22, 1.626], [3188.21, 0.027], [3188.2, 0.415], [3188.19, 0.06], [3188.17, 0.02], [3188.16, 1.033], [3188.15, 1.194], [3188.14, 0.052], [3188.13, 0.348], [3188.11, 1.27], [3188.1, 0.156]], "asks": [[3188.32, 59.502], [3188.33, 0.062], [3188.34, 0.038], [3188.36, 0.008], [3188.37, 0.121], [3188.38, 0.038], [3188.4, 0.049], [3188.41, 1.268], [3188.42, 0.88], [3188.43, 0.021], [3188.44, 0.008], [3188.45, 0.007], [3188.46, 0.013], [3188.47, 4.216], [3188.48, 1.301], [3188.49, 0.02], [3188.5, 0.024], [3188.51, 6.229], [3188.52, 0.184], [3188.53, 0.118]], "timestamp": "2025-12-11T12:12:45.032919+00:00"}, {"symbol": "ETHUSDT", "bids": [[3189.99, 39.553], [3189.98, 0.078], [3189.96, 0.207], [3189.95, 0.038], [3189.94, 0.531], [3189.93, 1.73], [3189.92, 0.021], [3189.91, 0.061], [3189.9, 0.253], [3189.89, 0.007], [3189.88, 0.021], [3189.87, 0.017], [3189.86, 0.045], [3189.85, 0.021], [3189.83, 0.03], [3189.82, 0.066], [3189.8, 0.024], [3189.79, 0.021], [3189.78, 1.299], [3189.76, 2.535]], "asks": [[3190.0, 105.145], [3190.01, 0.982], [3190.02, 0.065], [3190.03, 0.038], [3190.05, 0.17], [3190.06, 0.084], [3190.07, 0.883], [3190.08, 0.926], [3190.09, 0.021], [3190.1, 0.396], [3190.11, 0.359], [3190.12, 0.02], [3190.13, 0.021], [3190.14, 0.665], [3190.15, 1.861], [3190.16, 0.038], [3190.17, 0.648], [3190.18, 0.269], [3190.19, 0.059], [3190.2, 0.059]], "timestamp": "2025-12-11T12:13:40.675785+00:00"}, {"symbol": "ETHUSDT", "bids": [[3189.21, 3.0], [3189.2, 0.075], [3189.19, 0.553], [3189.18, 0.2], [3189.17, 0.007], [3189.16, 0.065], [3189.15, 0.015], [3189.14, 0.015], [3189.12, 0.252], [3189.11, 0.046], [3189.1, 0.031], [3189.09, 0.007], [3189.08, 0.02], [3189.07, 0.015], [3189.06, 0.083], [3189.05, 0.008], [3189.04, 0.02], [3189.03, 0.115], [3189.02, 0.038], [3189.01, 0.044]], "asks": [[3189.22, 154.661], [3189.23, 0.031], [3189.24, 0.164], [3189.25, 0.344], [3189.28, 0.189], [3189.29, 0.008], [3189.3, 1.139], [3189.31, 0.063], [3189.32, 1.303], [3189.33, 0.021], [3189.35, 5.413], [3189.36, 0.013], [3189.38, 0.015], [3189.39, 0.059], [3189.4, 0.089], [3189.41, 27.498], [3189.42, 0.488], [3189.43, 1.971], [3189.44, 1.394], [3189.45, 0.027]], "timestamp": "2025-12-11T12:14:36.024129+00:00"}, {"symbol": "ETHUSDT", "bids": [[3191.65, 3.845], [3191.64, 0.014], [3191.63, 0.007], [3191.62, 0.038], [3191.61, 0.007], [3191.6, 0.023], [3191.59, 0.015], [3191.58, 0.022], [3191.56, 0.008], [3191.55, 0.062], [3191.53, 0.021], [3191.52, 0.019], [3191.51, 0.124], [3191.5, 0.035], [3191.49, 0.018], [3191.48, 0.038], [3191.47, 0.068], [3191.46, 0.802], [3191.45, 0.745], [3191.44, 11.787]], "asks": [[3191.66, 130.406], [3191.67, 1.125], [3191.68, 0.046], [3191.7, 0.021], [3191.71, 1.318], [3191.72, 4.437], [3191.73, 3.05], [3191.74, 6.931], [3191.75, 0.144], [3191.76, 0.251], [3191.77, 4.072], [3191.78, 0.062], [3191.79, 0.626], [3191.8, 0.372], [3191.81, 0.008], [3191.82, 1.513], [3191.84, 4.903], [3191.85, 0.734], [3191.86, 1.358], [3191.87, 25.112]], "timestamp": "2025-12-11T12:15:30.738853+00:00"}, {"symbol": "ETHUSDT", "bids": [[3189.99, 168.028], [3189.98, 0.021], [3189.96, 0.008], [3189.95, 0.038], [3189.94, 0.016], [3189.92, 1.275], [3189.91, 0.038], [3189.9, 0.021], [3189.88, 0.037], [3189.87, 0.038], [3189.85, 0.021], [3189.84, 0.008], [3189.83, 1.079], [3189.82, 2.576], [3189.81, 1.413], [3189.8, 0.021], [3189.79, 0.021], [3189.78, 1.268], [3189.77, 3.964], [3189.76, 0.021]], "asks": [[3190.0, 35.315], [3190.01, 0.014], [3190.02, 0.078], [3190.03, 0.038], [3190.04, 0.013], [3190.05, 0.923], [3190.07, 0.066], [3190.08, 0.018], [3190.09, 0.007], [3190.1, 1.001], [3190.11, 0.358], [3190.12, 0.147], [3190.13, 0.031], [3190.15, 0.365], [3190.16, 1.319], [3190.18, 0.021], [3190.19, 0.007], [3190.2, 0.057], [3190.21, 0.038], [3190.22, 0.805]], "timestamp": "2025-12-11T12:16:25.781607+00:00"}, {"symbol": "ETHUSDT", "bids": [[3189.46, 31.961], [3189.45, 0.021], [3189.44, 0.007], [3189.42, 0.045], [3189.41, 0.015], [3189.4, 0.015], [3189.39, 0.028], [3189.38, 0.384], [3189.37, 1.293], [3189.36, 0.007], [3189.35, 0.066], [3189.33, 0.027], [3189.32, 0.053], [3189.31, 0.013], [3189.3, 0.67], [3189.29, 0.007], [3189.28, 0.058], [3189.27, 0.184], [3189.26, 1.747], [3189.25, 0.759]], "asks": [[3189.47, 48.871], [3189.48, 0.093], [3189.49, 0.015], [3189.5, 0.023], [3189.51, 0.603], [3189.52, 2.426], [3189.54, 0.015], [3189.55, 0.679], [3189.57, 1.293], [3189.58, 0.021], [3189.59, 0.008], [3189.6, 1.483], [3189.61, 0.051], [3189.63, 0.008], [3189.64, 0.566], [3189.65, 1.656], [3189.66, 0.046], [3189.68, 0.021], [3189.7, 0.021], [3189.71, 0.049]], "timestamp": "2025-12-11T12:17:21.943660+00:00"}, {"symbol": "ETHUSDT", "bids": [[3189.56, 82.564], [3189.55, 0.014], [3189.52, 0.038], [3189.5, 10.007], [3189.49, 0.008], [3189.48, 0.021], [3189.47, 0.158], [3189.46, 10.315], [3189.45, 0.022], [3189.44, 0.007], [3189.43, 0.013], [3189.42, 0.053], [3189.41, 0.028], [3189.4, 0.789], [3189.39, 0.184], [3189.37, 1.417], [3189.36, 2.545], [3189.35, 0.42], [3189.33, 0.113], [3189.32, 0.08]], "asks": [[3189.57, 52.197], [3189.58, 0.031], [3189.59, 0.007], [3189.6, 0.06], [3189.61, 0.052], [3189.62, 0.17], [3189.63, 0.015], [3189.64, 0.045], [3189.65, 0.013], [3189.66, 0.007], [3189.67, 0.344], [3189.68, 1.268], [3189.69, 0.052], [3189.7, 0.094], [3189.71, 0.008], [3189.72, 1.335], [3189.73, 0.022], [3189.75, 0.41], [3189.76, 4.611], [3189.77, 1.282]], "timestamp": "2025-12-11T12:18:17.476600+00:00"}, {"symbol": "ETHUSDT", "bids": [[3188.92, 57.355], [3188.91, 0.049], [3188.9, 0.091], [3188.89, 10.827], [3188.88, 0.008], [3188.87, 0.045], [3188.85, 0.022], [3188.84, 0.013], [3188.83, 0.007], [3188.82, 1.546], [3188.81, 0.02], [3188.8, 0.022], [3188.79, 0.021], [3188.78, 0.053], [3188.77, 0.007], [3188.76, 0.008], [3188.75, 0.013], [3188.74, 0.055], [3188.73, 0.008], [3188.72, 0.021]], "asks": [[3188.93, 65.88], [3188.94, 1.269], [3188.95, 0.351], [3188.96, 3.976], [3188.97, 0.164], [3188.98, 0.007], [3189.0, 0.411], [3189.01, 1.276], [3189.02, 0.007], [3189.03, 0.014], [3189.04, 0.161], [3189.05, 0.453], [3189.06, 5.081], [3189.07, 0.028], [3189.09, 3.569], [3189.1, 0.044], [3189.11, 3.017], [3189.12, 9.705], [3189.13, 3.573], [3189.14, 25.152]], "timestamp": "2025-12-11T12:19:12.046815+00:00"}, {"symbol": "ETHUSDT", "bids": [[3189.66, 47.534], [3189.65, 0.014], [3189.64, 0.007], [3189.62, 0.045], [3189.6, 0.051], [3189.59, 0.013], [3189.58, 0.052], [3189.57, 0.015], [3189.55, 0.028], [3189.54, 0.021], [3189.52, 0.053], [3189.51, 0.015], [3189.5, 0.157], [3189.49, 0.02], [3189.48, 0.06], [3189.47, 0.031], [3189.46, 0.717], [3189.45, 1.269], [3189.44, 0.07], [3189.43, 0.64]], "asks": [[3189.67, 154.068], [3189.68, 0.118], [3189.7, 0.007], [3189.71, 0.078], [3189.72, 0.313], [3189.73, 0.078], [3189.74, 1.293], [3189.75, 0.015], [3189.76, 0.013], [3189.78, 0.016], [3189.79, 0.051], [3189.8, 4.749], [3189.81, 0.066], [3189.82, 1.28], [3189.84, 0.02], [3189.85, 0.046], [3189.87, 0.013], [3189.88, 25.112], [3189.89, 1.519], [3189.9, 0.048]], "timestamp": "2025-12-11T12:20:07.014254+00:00"}, {"symbol": "ETHUSDT", "bids": [[3194.86, 151.004], [3194.85, 57.684], [3194.84, 168.322], [3194.83, 20.316], [3194.82, 23.619], [3194.81, 30.347], [3194.8, 20.396], [3194.79, 214.958], [3194.78, 0.972], [3194.77, 27.299], [3194.76, 0.01], [3194.75, 0.007], [3194.74, 0.077], [3194.73, 0.022], [3194.71, 0.007], [3194.7, 1.282], [3194.69, 0.008], [3194.68, 11.636], [3194.67, 0.591], [3194.66, 0.039]], "asks": [[3194.87, 5.0], [3194.89, 0.01], [3194.9, 0.053], [3194.91, 0.015], [3194.92, 0.03], [3194.94, 0.097], [3194.96, 0.072], [3194.97, 0.018], [3194.98, 0.053], [3194.99, 5.943], [3195.0, 35.103], [3195.01, 0.027], [3195.02, 0.119], [3195.03, 0.015], [3195.04, 0.013], [3195.05, 10.863], [3195.06, 0.555], [3195.07, 0.428], [3195.08, 0.015], [3195.09, 0.163]], "timestamp": "2025-12-11T12:21:03.470168+00:00"}, {"symbol": "ETHUSDT", "bids": [[3197.92, 185.307], [3197.91, 1.279], [3197.9, 0.007], [3197.88, 0.702], [3197.87, 0.015], [3197.85, 0.015], [3197.84, 2.565], [3197.82, 0.221], [3197.81, 1.272], [3197.8, 0.007], [3197.79, 2.81], [3197.78, 0.013], [3197.77, 0.008], [3197.76, 0.207], [3197.75, 0.02], [3197.74, 0.053], [3197.73, 2.413], [3197.72, 0.021], [3197.71, 0.014], [3197.7, 0.27]], "asks": [[3197.93, 0.93], [3197.94, 0.218], [3197.95, 2.0], [3197.96, 1.513], [3197.97, 0.008], [3197.98, 0.038], [3197.99, 0.127], [3198.0, 19.812], [3198.01, 0.028], [3198.02, 0.038], [3198.03, 0.015], [3198.04, 0.02], [3198.05, 1.611], [3198.06, 0.046], [3198.07, 0.02], [3198.08, 0.027], [3198.09, 2.139], [3198.1, 1.646], [3198.11, 0.015], [3198.12, 0.117]], "timestamp": "2025-12-11T12:21:59.373205+00:00"}, {"symbol": "ETHUSDT", "bids": [[3198.58, 56.1], [3198.57, 0.052], [3198.56, 0.007], [3198.54, 0.207], [3198.53, 0.045], [3198.52, 0.078], [3198.51, 0.021], [3198.49, 0.038], [3198.48, 0.2], [3198.47, 0.021], [3198.45, 0.055], [3198.44, 0.021], [3198.41, 0.059], [3198.4, 0.024], [3198.38, 0.021], [3198.37, 0.007], [3198.36, 0.156], [3198.35, 0.364], [3198.34, 0.038], [3198.33, 0.007]], "asks": [[3198.59, 184.828], [3198.6, 0.068], [3198.61, 1.183], [3198.62, 0.038], [3198.63, 0.023], [3198.64, 0.008], [3198.65, 2.683], [3198.66, 1.466], [3198.68, 0.32], [3198.69, 0.326], [3198.7, 0.364], [3198.71, 0.135], [3198.72, 1.591], [3198.73, 0.015], [3198.74, 0.02], [3198.75, 18.746], [3198.76, 0.04], [3198.77, 0.338], [3198.78, 0.008], [3198.79, 1.576]], "timestamp": "2025-12-11T12:22:54.158481+00:00"}, {"symbol": "ETHUSDT", "bids": [[3198.43, 59.745], [3198.42, 0.007], [3198.41, 0.038], [3198.4, 0.015], [3198.38, 1.258], [3198.37, 0.123], [3198.36, 0.022], [3198.35, 0.02], [3198.34, 0.007], [3198.33, 0.051], [3198.32, 0.015], [3198.31, 1.251], [3198.3, 0.045], [3198.29, 0.051], [3198.27, 0.095], [3198.26, 22.953], [3198.25, 150.568], [3198.24, 0.279], [3198.23, 1.265], [3198.22, 0.028]], "asks": [[3198.44, 22.537], [3198.45, 0.127], [3198.46, 0.975], [3198.48, 3.09], [3198.49, 0.008], [3198.5, 0.052], [3198.52, 0.021], [3198.53, 0.366], [3198.54, 0.688], [3198.55, 0.378], [3198.57, 0.038], [3198.58, 0.111], [3198.59, 0.03], [3198.6, 2.058], [3198.61, 0.576], [3198.63, 0.008], [3198.64, 0.021], [3198.65, 0.038], [3198.66, 0.007], [3198.67, 1.116]], "timestamp": "2025-12-11T12:23:49.770428+00:00"}, {"symbol": "ETHUSDT", "bids": [[3199.99, 70.771], [3199.98, 0.059], [3199.95, 0.007], [3199.92, 0.013], [3199.91, 0.046], [3199.89, 0.234], [3199.88, 1.272], [3199.85, 0.364], [3199.84, 0.046], [3199.83, 0.625], [3199.82, 0.028], [3199.8, 0.683], [3199.79, 0.394], [3199.78, 0.017], [3199.76, 0.051], [3199.75, 0.408], [3199.74, 0.007], [3199.73, 0.023], [3199.72, 1.924], [3199.71, 0.038]], "asks": [[3200.0, 233.33], [3200.01, 0.023], [3200.02, 0.038], [3200.03, 0.625], [3200.04, 0.358], [3200.06, 0.058], [3200.07, 0.008], [3200.08, 0.007], [3200.09, 0.013], [3200.1, 0.182], [3200.12, 0.036], [3200.13, 0.1], [3200.14, 0.048], [3200.15, 0.283], [3200.16, 5.409], [3200.18, 0.951], [3200.19, 0.6], [3200.2, 6.652], [3200.21, 0.044], [3200.22, 0.402]], "timestamp": "2025-12-11T12:24:45.444028+00:00"}, {"symbol": "ETHUSDT", "bids": [[3199.99, 71.148], [3199.98, 0.028], [3199.97, 0.078], [3199.95, 0.074], [3199.92, 0.013], [3199.91, 0.046], [3199.9, 0.007], [3199.89, 1.251], [3199.88, 0.021], [3199.87, 0.008], [3199.84, 0.059], [3199.83, 0.007], [3199.82, 1.282], [3199.81, 0.008], [3199.8, 0.054], [3199.79, 0.508], [3199.78, 0.008], [3199.77, 1.083], [3199.76, 1.263], [3199.75, 24.669]], "asks": [[3200.0, 14.85], [3200.01, 3.881], [3200.02, 0.305], [3200.04, 0.021], [3200.05, 0.719], [3200.06, 0.022], [3200.07, 0.325], [3200.08, 0.007], [3200.09, 0.021], [3200.1, 0.148], [3200.11, 0.038], [3200.12, 0.029], [3200.13, 7.658], [3200.14, 0.282], [3200.15, 0.152], [3200.17, 5.4], [3200.18, 0.038], [3200.19, 1.284], [3200.2, 0.045], [3200.21, 1.001]], "timestamp": "2025-12-11T12:25:42.271541+00:00"}, {"symbol": "ETHUSDT", "bids": [[3198.68, 45.96], [3198.67, 0.014], [3198.65, 11.999], [3198.64, 0.045], [3198.63, 0.781], [3198.62, 0.095], [3198.6, 0.074], [3198.59, 0.013], [3198.58, 0.008], [3198.57, 0.008], [3198.56, 0.013], [3198.55, 0.01], [3198.54, 0.652], [3198.53, 0.116], [3198.52, 0.063], [3198.51, 0.008], [3198.5, 0.035], [3198.49, 0.035], [3198.48, 0.02], [3198.47, 0.054]], "asks": [[3198.69, 93.47], [3198.7, 0.077], [3198.72, 0.137], [3198.73, 1.518], [3198.75, 0.022], [3198.76, 2.574], [3198.77, 3.144], [3198.78, 0.007], [3198.79, 4.323], [3198.8, 1.294], [3198.81, 0.015], [3198.82, 0.007], [3198.83, 0.029], [3198.84, 0.015], [3198.85, 2.778], [3198.87, 0.015], [3198.88, 7.97], [3198.89, 0.083], [3198.9, 0.041], [3198.91, 1.047]], "timestamp": "2025-12-11T12:26:38.560358+00:00"}, {"symbol": "ETHUSDT", "bids": [[3196.66, 231.081], [3196.65, 0.87], [3196.64, 4.304], [3196.63, 1.252], [3196.62, 0.008], [3196.6, 0.045], [3196.59, 0.021], [3196.57, 0.008], [3196.55, 1.303], [3196.53, 0.015], [3196.52, 0.013], [3196.51, 2.897], [3196.5, 0.029], [3196.49, 0.058], [3196.48, 0.007], [3196.47, 0.008], [3196.46, 2.048], [3196.44, 16.891], [3196.43, 0.02], [3196.42, 0.038]], "asks": [[3196.67, 30.641], [3196.68, 0.085], [3196.69, 0.07], [3196.7, 4.985], [3196.71, 0.79], [3196.72, 0.083], [3196.73, 0.053], [3196.75, 6.234], [3196.76, 0.299], [3196.77, 0.038], [3196.78, 0.008], [3196.79, 0.028], [3196.8, 0.976], [3196.81, 5.089], [3196.82, 0.035], [3196.83, 0.007], [3196.84, 25.878], [3196.85, 5.078], [3196.86, 0.17], [3196.87, 0.15]], "timestamp": "2025-12-11T12:27:33.905835+00:00"}, {"symbol": "ETHUSDT", "bids": [[3196.1, 101.625], [3196.09, 0.014], [3196.08, 0.038], [3196.07, 0.056], [3196.06, 0.029], [3196.05, 0.015], [3196.04, 0.007], [3196.03, 0.013], [3196.02, 0.202], [3196.01, 7.418], [3196.0, 49.645], [3195.99, 1.803], [3195.98, 0.526], [3195.97, 0.361], [3195.96, 0.02], [3195.95, 2.073], [3195.94, 1.297], [3195.93, 0.033], [3195.92, 0.008], [3195.91, 0.327]], "asks": [[3196.11, 231.952], [3196.12, 0.045], [3196.15, 0.038], [3196.16, 0.008], [3196.17, 1.33], [3196.18, 0.008], [3196.19, 6.753], [3196.2, 7.681], [3196.21, 25.087], [3196.22, 0.684], [3196.24, 1.111], [3196.25, 1.132], [3196.26, 0.038], [3196.28, 0.028], [3196.3, 0.07], [3196.31, 1.507], [3196.32, 16.222], [3196.33, 0.063], [3196.34, 0.028], [3196.35, 1.616]], "timestamp": "2025-12-11T12:28:28.540291+00:00"}, {"symbol": "ETHUSDT", "bids": [[3196.32, 105.245], [3196.31, 0.015], [3196.3, 0.118], [3196.29, 0.163], [3196.28, 0.305], [3196.27, 0.038], [3196.26, 0.245], [3196.25, 0.028], [3196.24, 0.543], [3196.23, 0.632], [3196.22, 0.008], [3196.2, 0.75], [3196.19, 0.018], [3196.18, 1.26], [3196.17, 0.627], [3196.16, 0.343], [3196.15, 0.708], [3196.14, 0.963], [3196.13, 0.91], [3196.12, 0.046]], "asks": [[3196.33, 52.215], [3196.34, 0.08], [3196.35, 0.074], [3196.37, 0.007], [3196.38, 0.123], [3196.4, 0.015], [3196.41, 0.013], [3196.44, 0.067], [3196.45, 1.268], [3196.47, 0.021], [3196.5, 0.089], [3196.53, 1.467], [3196.54, 0.007], [3196.55, 0.782], [3196.56, 0.103], [3196.57, 0.025], [3196.58, 0.007], [3196.59, 2.374], [3196.6, 0.342], [3196.61, 2.355]], "timestamp": "2025-12-11T12:29:23.153843+00:00"}, {"symbol": "ETHUSDT", "bids": [[3195.99, 60.931], [3195.98, 0.014], [3195.97, 0.038], [3195.96, 0.528], [3195.94, 0.014], [3195.93, 0.045], [3195.92, 0.021], [3195.9, 0.029], [3195.89, 0.24], [3195.88, 0.021], [3195.87, 0.038], [3195.85, 0.008], [3195.84, 0.021], [3195.83, 1.252], [3195.82, 0.02], [3195.81, 12.207], [3195.8, 31.953], [3195.79, 0.025], [3195.78, 0.409], [3195.77, 0.045]], "asks": [[3196.0, 76.307], [3196.01, 0.625], [3196.02, 0.007], [3196.03, 0.038], [3196.04, 2.174], [3196.05, 1.371], [3196.06, 1.927], [3196.07, 0.013], [3196.08, 0.223], [3196.09, 0.083], [3196.1, 0.036], [3196.11, 0.025], [3196.12, 0.066], [3196.13, 0.007], [3196.14, 1.259], [3196.15, 0.035], [3196.16, 10.016], [3196.17, 0.458], [3196.18, 0.797], [3196.19, 0.028]], "timestamp": "2025-12-11T12:30:17.364292+00:00"}, {"symbol": "ETHUSDT", "bids": [[3198.19, 50.505], [3198.18, 0.228], [3198.17, 0.913], [3198.16, 0.007], [3198.15, 0.411], [3198.13, 0.008], [3198.12, 0.235], [3198.1, 0.045], [3198.09, 0.023], [3198.08, 0.02], [3198.07, 1.251], [3198.06, 0.015], [3198.05, 0.034], [3198.04, 22.078], [3198.03, 0.042], [3198.02, 14.135], [3198.01, 89.957], [3198.0, 1.359], [3197.99, 0.487], [3197.98, 0.007]], "asks": [[3198.2, 97.383], [3198.21, 1.281], [3198.22, 0.095], [3198.24, 1.259], [3198.27, 2.165], [3198.28, 0.762], [3198.29, 0.128], [3198.3, 0.097], [3198.31, 1.31], [3198.34, 0.27], [3198.35, 0.008], [3198.36, 0.051], [3198.37, 0.007], [3198.38, 1.349], [3198.39, 0.013], [3198.4, 0.083], [3198.41, 5.015], [3198.42, 0.013], [3198.43, 0.008], [3198.44, 4.291]], "timestamp": "2025-12-11T12:31:12.001177+00:00"}, {"symbol": "ETHUSDT", "bids": [[3202.1, 192.351], [3202.09, 0.05], [3202.08, 0.156], [3202.07, 2.284], [3202.06, 0.038], [3202.05, 0.35], [3202.04, 0.059], [3202.03, 1.25], [3202.02, 0.059], [3202.0, 0.427], [3201.99, 0.32], [3201.98, 0.038], [3201.96, 0.021], [3201.95, 0.007], [3201.94, 0.038], [3201.93, 2.877], [3201.91, 3.053], [3201.9, 0.042], [3201.89, 0.007], [3201.88, 10.849]], "asks": [[3202.11, 23.199], [3202.12, 0.007], [3202.15, 0.008], [3202.18, 0.053], [3202.2, 0.029], [3202.21, 1.508], [3202.22, 0.045], [3202.23, 0.007], [3202.24, 0.021], [3202.26, 0.015], [3202.27, 0.555], [3202.28, 0.838], [3202.29, 0.01], [3202.3, 0.049], [3202.31, 4.133], [3202.33, 0.051], [3202.34, 0.053], [3202.35, 0.056], [3202.36, 0.811], [3202.37, 0.008]], "timestamp": "2025-12-11T12:32:06.739504+00:00"}, {"symbol": "ETHUSDT", "bids": [[3203.52, 40.179], [3203.51, 0.014], [3203.5, 0.023], [3203.49, 0.369], [3203.48, 0.053], [3203.47, 0.031], [3203.46, 0.1], [3203.44, 0.059], [3203.43, 0.008], [3203.42, 0.072], [3203.41, 0.042], [3203.4, 0.102], [3203.39, 1.248], [3203.38, 0.03], [3203.37, 0.008], [3203.36, 8.227], [3203.35, 0.026], [3203.34, 0.053], [3203.33, 0.013], [3203.32, 0.008]], "asks": [[3203.53, 108.595], [3203.54, 0.482], [3203.55, 0.015], [3203.56, 0.038], [3203.57, 0.007], [3203.58, 1.249], [3203.6, 0.054], [3203.61, 0.008], [3203.62, 0.013], [3203.64, 0.008], [3203.65, 0.051], [3203.67, 0.021], [3203.69, 0.038], [3203.7, 0.043], [3203.73, 0.085], [3203.74, 0.023], [3203.75, 0.467], [3203.76, 1.269], [3203.77, 0.046], [3203.78, 0.007]], "timestamp": "2025-12-11T12:33:01.928117+00:00"}, {"symbol": "ETHUSDT", "bids": [[3205.99, 42.375], [3205.98, 0.581], [3205.96, 1.979], [3205.95, 1.947], [3205.94, 0.184], [3205.92, 0.324], [3205.91, 5.388], [3205.9, 0.406], [3205.89, 1.248], [3205.88, 0.021], [3205.86, 0.015], [3205.85, 0.037], [3205.84, 0.166], [3205.83, 0.623], [3205.82, 4.121], [3205.81, 1.248], [3205.8, 0.059], [3205.79, 1.268], [3205.78, 0.447], [3205.76, 0.013]], "asks": [[3206.0, 140.986], [3206.01, 0.014], [3206.04, 0.185], [3206.05, 0.013], [3206.06, 0.032], [3206.07, 0.062], [3206.08, 0.165], [3206.09, 6.968], [3206.1, 43.436], [3206.11, 0.008], [3206.12, 0.058], [3206.13, 0.231], [3206.14, 0.021], [3206.15, 0.013], [3206.16, 0.058], [3206.17, 0.091], [3206.18, 0.012], [3206.19, 0.014], [3206.2, 0.138], [3206.21, 0.072]], "timestamp": "2025-12-11T12:33:57.148299+00:00"}, {"symbol": "ETHUSDT", "bids": [[3201.46, 26.775], [3201.45, 0.059], [3201.44, 0.007], [3201.43, 1.507], [3201.42, 0.007], [3201.41, 0.008], [3201.4, 1.301], [3201.39, 0.363], [3201.38, 0.008], [3201.37, 0.007], [3201.36, 0.008], [3201.35, 0.046], [3201.34, 0.013], [3201.33, 0.085], [3201.32, 0.008], [3201.31, 0.081], [3201.3, 0.028], [3201.29, 0.069], [3201.28, 0.042], [3201.27, 0.188]], "asks": [[3201.47, 146.327], [3201.48, 0.333], [3201.5, 0.415], [3201.51, 0.201], [3201.52, 0.008], [3201.53, 0.473], [3201.54, 0.319], [3201.55, 1.271], [3201.57, 1.545], [3201.58, 0.021], [3201.6, 0.737], [3201.61, 1.373], [3201.63, 0.597], [3201.64, 0.02], [3201.65, 0.046], [3201.66, 0.008], [3201.67, 0.013], [3201.68, 1.258], [3201.69, 0.046], [3201.7, 1.551]], "timestamp": "2025-12-11T12:34:51.776814+00:00"}, {"symbol": "ETHUSDT", "bids": [[3199.08, 1.461], [3199.07, 0.045], [3199.05, 0.014], [3199.04, 0.021], [3199.03, 1.538], [3199.02, 0.022], [3199.01, 0.035], [3199.0, 0.123], [3198.99, 0.038], [3198.98, 0.008], [3198.97, 0.007], [3198.96, 0.016], [3198.95, 0.038], [3198.93, 0.099], [3198.92, 0.008], [3198.91, 0.051], [3198.9, 0.037], [3198.89, 0.038], [3198.88, 0.008], [3198.87, 0.017]], "asks": [[3199.09, 79.955], [3199.1, 0.097], [3199.11, 1.321], [3199.12, 1.538], [3199.13, 0.014], [3199.14, 0.007], [3199.15, 0.343], [3199.16, 0.646], [3199.17, 1.444], [3199.18, 0.59], [3199.19, 2.987], [3199.2, 0.68], [3199.21, 1.434], [3199.22, 4.004], [3199.23, 15.516], [3199.24, 1.258], [3199.25, 6.416], [3199.26, 0.378], [3199.27, 0.632], [3199.29, 25.132]], "timestamp": "2025-12-11T12:35:46.602331+00:00"}, {"symbol": "ETHUSDT", "bids": [[3203.43, 80.638], [3203.42, 0.018], [3203.41, 0.011], [3203.4, 0.845], [3203.39, 0.053], [3203.38, 1.249], [3203.37, 0.007], [3203.36, 0.015], [3203.35, 0.051], [3203.34, 0.208], [3203.33, 0.02], [3203.32, 2.725], [3203.31, 0.025], [3203.3, 7.154], [3203.29, 1.704], [3203.28, 0.276], [3203.27, 0.02], [3203.26, 0.007], [3203.25, 0.414], [3203.24, 0.176]], "asks": [[3203.44, 22.459], [3203.45, 0.007], [3203.46, 0.333], [3203.47, 0.007], [3203.48, 0.131], [3203.5, 0.007], [3203.52, 0.059], [3203.55, 0.028], [3203.56, 0.038], [3203.58, 0.021], [3203.59, 0.25], [3203.6, 0.015], [3203.61, 0.021], [3203.63, 0.059], [3203.64, 0.335], [3203.65, 0.007], [3203.66, 0.008], [3203.67, 0.051], [3203.69, 0.015], [3203.7, 2.598]], "timestamp": "2025-12-11T12:36:40.854865+00:00"}, {"symbol": "ETHUSDT", "bids": [[3203.16, 9.039], [3203.15, 1.75], [3203.14, 0.123], [3203.13, 0.014], [3203.12, 0.038], [3203.11, 0.008], [3203.1, 2.021], [3203.09, 0.008], [3203.08, 0.007], [3203.07, 0.038], [3203.06, 0.016], [3203.04, 0.025], [3203.03, 0.051], [3203.01, 0.05], [3203.0, 0.043], [3202.99, 0.053], [3202.98, 0.013], [3202.97, 0.02], [3202.96, 6.287], [3202.95, 2.74]], "asks": [[3203.17, 183.794], [3203.18, 0.397], [3203.19, 5.13], [3203.2, 0.022], [3203.24, 1.645], [3203.25, 0.193], [3203.27, 1.285], [3203.28, 0.007], [3203.3, 11.921], [3203.31, 0.007], [3203.32, 10.608], [3203.33, 0.015], [3203.34, 4.415], [3203.35, 0.163], [3203.36, 3.446], [3203.37, 0.007], [3203.38, 0.046], [3203.39, 0.008], [3203.4, 3.582], [3203.41, 11.223]], "timestamp": "2025-12-11T12:37:35.781938+00:00"}, {"symbol": "ETHUSDT", "bids": [[3201.9, 3.534], [3201.89, 0.007], [3201.88, 0.007], [3201.87, 0.007], [3201.86, 0.038], [3201.85, 0.015], [3201.83, 0.013], [3201.82, 0.046], [3201.8, 0.015], [3201.79, 0.021], [3201.78, 0.287], [3201.76, 1.739], [3201.75, 0.042], [3201.74, 0.008], [3201.73, 1.297], [3201.72, 0.058], [3201.71, 0.212], [3201.7, 0.592], [3201.69, 0.313], [3201.68, 0.855]], "asks": [[3201.91, 170.076], [3201.92, 0.035], [3201.93, 0.065], [3201.94, 0.046], [3201.97, 0.397], [3201.98, 1.288], [3201.99, 0.021], [3202.0, 0.007], [3202.02, 0.059], [3202.05, 0.028], [3202.06, 1.25], [3202.07, 0.007], [3202.08, 0.94], [3202.09, 2.593], [3202.1, 2.932], [3202.11, 0.028], [3202.12, 0.016], [3202.13, 0.116], [3202.14, 0.035], [3202.15, 1.257]], "timestamp": "2025-12-11T12:38:30.563724+00:00"}, {"symbol": "ETHUSDT", "bids": [[3203.01, 66.176], [3203.0, 6.177], [3202.99, 1.351], [3202.98, 0.895], [3202.97, 0.014], [3202.96, 1.307], [3202.95, 0.514], [3202.94, 0.02], [3202.93, 0.26], [3202.92, 1.291], [3202.91, 0.36], [3202.9, 1.458], [3202.89, 0.083], [3202.88, 25.963], [3202.87, 8.465], [3202.86, 1.433], [3202.85, 3.512], [3202.84, 3.063], [3202.83, 6.643], [3202.82, 21.314]], "asks": [[3203.02, 35.541], [3203.03, 0.045], [3203.04, 0.326], [3203.05, 0.125], [3203.06, 0.007], [3203.07, 0.038], [3203.08, 0.007], [3203.09, 0.007], [3203.1, 0.235], [3203.11, 6.596], [3203.12, 0.021], [3203.13, 0.021], [3203.15, 0.007], [3203.16, 0.029], [3203.17, 0.5], [3203.18, 0.045], [3203.19, 0.028], [3203.2, 0.092], [3203.21, 0.007], [3203.22, 0.559]], "timestamp": "2025-12-11T12:39:24.959943+00:00"}, {"symbol": "ETHUSDT", "bids": [[3203.07, 101.658], [3203.06, 0.007], [3203.05, 0.038], [3203.04, 0.021], [3203.03, 0.029], [3203.01, 0.169], [3203.0, 0.022], [3202.99, 0.007], [3202.98, 0.675], [3202.97, 0.782], [3202.95, 1.074], [3202.94, 0.008], [3202.93, 0.046], [3202.92, 1.269], [3202.91, 0.013], [3202.9, 2.583], [3202.89, 0.756], [3202.88, 1.654], [3202.87, 0.988], [3202.86, 8.697]], "asks": [[3203.08, 41.769], [3203.09, 0.014], [3203.1, 0.052], [3203.14, 0.046], [3203.16, 0.021], [3203.18, 0.038], [3203.19, 0.021], [3203.22, 0.059], [3203.25, 0.028], [3203.27, 0.038], [3203.28, 0.021], [3203.29, 0.017], [3203.3, 0.357], [3203.31, 0.021], [3203.32, 0.008], [3203.33, 0.052], [3203.34, 0.169], [3203.35, 0.407], [3203.37, 0.682], [3203.38, 8.377]], "timestamp": "2025-12-11T12:40:19.777569+00:00"}, {"symbol": "ETHUSDT", "bids": [[3201.26, 2.444], [3201.25, 6.892], [3201.22, 0.058], [3201.2, 0.014], [3201.19, 0.008], [3201.18, 0.117], [3201.17, 0.007], [3201.16, 0.096], [3201.15, 0.028], [3201.14, 0.046], [3201.13, 0.02], [3201.12, 4.935], [3201.11, 0.79], [3201.1, 0.075], [3201.09, 0.008], [3201.08, 0.38], [3201.07, 0.267], [3201.06, 1.248], [3201.05, 0.489], [3201.04, 13.595]], "asks": [[3201.27, 68.32], [3201.28, 0.014], [3201.29, 2.491], [3201.3, 1.767], [3201.32, 0.014], [3201.35, 0.021], [3201.36, 0.285], [3201.37, 0.046], [3201.38, 0.02], [3201.39, 1.257], [3201.4, 0.427], [3201.41, 0.02], [3201.42, 1.007], [3201.43, 0.066], [3201.44, 3.595], [3201.45, 0.087], [3201.46, 3.684], [3201.47, 3.074], [3201.48, 4.035], [3201.49, 0.038]], "timestamp": "2025-12-11T12:41:14.553574+00:00"}, {"symbol": "ETHUSDT", "bids": [[3199.15, 32.323], [3199.14, 0.201], [3199.12, 0.007], [3199.1, 0.562], [3199.09, 1.059], [3199.08, 1.271], [3199.07, 0.008], [3199.06, 0.975], [3199.05, 0.02], [3199.04, 0.016], [3199.03, 0.007], [3199.02, 20.578], [3199.01, 16.612], [3199.0, 85.431], [3198.99, 0.027], [3198.98, 0.058], [3198.97, 0.021], [3198.94, 0.437], [3198.93, 1.259], [3198.91, 0.065]], "asks": [[3199.16, 98.318], [3199.17, 0.54], [3199.18, 0.127], [3199.19, 1.019], [3199.2, 0.347], [3199.22, 0.078], [3199.23, 0.046], [3199.24, 0.013], [3199.26, 0.008], [3199.27, 0.025], [3199.28, 8.752], [3199.29, 5.966], [3199.3, 0.797], [3199.32, 0.207], [3199.33, 5.694], [3199.34, 0.078], [3199.35, 25.346], [3199.36, 0.643], [3199.37, 0.89], [3199.38, 0.2]], "timestamp": "2025-12-11T12:42:08.661690+00:00"}, {"symbol": "ETHUSDT", "bids": [[3198.54, 155.893], [3198.53, 3.395], [3198.52, 0.008], [3198.51, 0.007], [3198.5, 20.007], [3198.49, 1.296], [3198.48, 0.085], [3198.47, 0.021], [3198.46, 0.902], [3198.45, 0.007], [3198.44, 0.07], [3198.43, 0.059], [3198.42, 1.258], [3198.41, 0.007], [3198.4, 0.336], [3198.39, 1.546], [3198.38, 0.045], [3198.37, 0.015], [3198.36, 1.077], [3198.35, 2.339]], "asks": [[3198.55, 21.798], [3198.56, 0.633], [3198.57, 1.093], [3198.58, 1.507], [3198.59, 0.052], [3198.6, 0.869], [3198.61, 0.008], [3198.62, 0.007], [3198.63, 0.37], [3198.64, 0.008], [3198.65, 0.015], [3198.66, 0.227], [3198.68, 6.905], [3198.69, 0.043], [3198.7, 0.302], [3198.71, 0.608], [3198.72, 0.873], [3198.73, 5.288], [3198.74, 0.053], [3198.75, 0.037]], "timestamp": "2025-12-11T12:43:03.591430+00:00"}, {"symbol": "ETHUSDT", "bids": [[3199.58, 49.92], [3199.57, 5.39], [3199.56, 0.007], [3199.54, 0.052], [3199.53, 1.507], [3199.52, 2.997], [3199.51, 0.021], [3199.5, 0.066], [3199.47, 0.028], [3199.45, 0.438], [3199.44, 0.177], [3199.43, 0.257], [3199.42, 0.013], [3199.41, 0.046], [3199.4, 0.366], [3199.39, 0.8], [3199.38, 21.522], [3199.37, 0.007], [3199.36, 0.94], [3199.35, 3.192]], "asks": [[3199.59, 122.771], [3199.6, 0.029], [3199.61, 2.602], [3199.62, 4.488], [3199.63, 0.024], [3199.64, 0.319], [3199.65, 1.271], [3199.66, 0.008], [3199.67, 0.013], [3199.68, 0.208], [3199.69, 0.819], [3199.7, 0.023], [3199.71, 0.021], [3199.72, 1.333], [3199.73, 0.008], [3199.74, 0.472], [3199.75, 0.343], [3199.76, 0.02], [3199.77, 0.008], [3199.78, 0.322]], "timestamp": "2025-12-11T12:43:57.431038+00:00"}, {"symbol": "ETHUSDT", "bids": [[3202.3, 35.109], [3202.29, 0.559], [3202.28, 0.23], [3202.26, 0.007], [3202.25, 0.038], [3202.24, 0.258], [3202.23, 0.007], [3202.22, 0.013], [3202.21, 0.304], [3202.2, 0.037], [3202.19, 0.021], [3202.18, 1.723], [3202.17, 0.008], [3202.16, 0.068], [3202.14, 0.258], [3202.12, 0.027], [3202.11, 0.202], [3202.1, 2.267], [3202.09, 0.013], [3202.08, 1.108]], "asks": [[3202.31, 119.137], [3202.32, 2.058], [3202.34, 0.007], [3202.35, 0.014], [3202.37, 1.288], [3202.38, 0.604], [3202.39, 0.021], [3202.4, 0.03], [3202.41, 0.033], [3202.42, 0.573], [3202.43, 0.508], [3202.44, 1.651], [3202.45, 0.655], [3202.47, 0.007], [3202.48, 0.065], [3202.49, 0.008], [3202.5, 1.974], [3202.52, 1.265], [3202.53, 0.413], [3202.54, 0.934]], "timestamp": "2025-12-11T12:44:53.848548+00:00"}, {"symbol": "ETHUSDT", "bids": [[3204.3, 132.762], [3204.29, 0.103], [3204.28, 5.986], [3204.27, 1.872], [3204.25, 1.294], [3204.24, 20.014], [3204.22, 0.021], [3204.2, 0.052], [3204.19, 0.93], [3204.18, 0.061], [3204.17, 18.724], [3204.16, 10.896], [3204.15, 1.255], [3204.14, 1.683], [3204.13, 2.405], [3204.12, 0.007], [3204.11, 23.113], [3204.1, 5.734], [3204.09, 2.464], [3204.08, 0.023]], "asks": [[3204.31, 1.861], [3204.32, 0.007], [3204.33, 0.089], [3204.34, 1.64], [3204.35, 0.406], [3204.36, 0.7], [3204.37, 0.056], [3204.38, 0.028], [3204.39, 0.046], [3204.4, 0.014], [3204.41, 0.75], [3204.42, 0.245], [3204.43, 0.051], [3204.44, 0.015], [3204.45, 0.028], [3204.47, 0.116], [3204.48, 0.044], [3204.49, 1.982], [3204.5, 1.308], [3204.51, 0.063]], "timestamp": "2025-12-11T12:45:48.571252+00:00"}, {"symbol": "ETHUSDT", "bids": [[3204.77, 0.678], [3204.76, 0.014], [3204.75, 0.007], [3204.74, 0.007], [3204.73, 0.045], [3204.72, 0.624], [3204.71, 0.021], [3204.7, 0.007], [3204.69, 0.713], [3204.68, 0.046], [3204.65, 0.955], [3204.64, 0.038], [3204.63, 0.156], [3204.62, 0.521], [3204.61, 0.007], [3204.6, 0.474], [3204.59, 0.013], [3204.58, 0.366], [3204.57, 0.819], [3204.56, 0.546]], "asks": [[3204.78, 140.393], [3204.79, 0.007], [3204.8, 0.007], [3204.81, 0.022], [3204.82, 1.235], [3204.83, 3.522], [3204.85, 0.001], [3204.86, 0.295], [3204.87, 0.051], [3204.88, 0.056], [3204.89, 0.015], [3204.9, 0.169], [3204.91, 0.062], [3204.92, 0.021], [3204.93, 0.507], [3204.95, 3.575], [3204.97, 0.471], [3204.98, 4.735], [3204.99, 17.58], [3205.0, 114.755]], "timestamp": "2025-12-11T12:46:41.627684+00:00"}, {"symbol": "ETHUSDT", "bids": [[3202.98, 40.47], [3202.97, 0.027], [3202.96, 0.007], [3202.95, 1.545], [3202.94, 0.007], [3202.93, 0.007], [3202.92, 0.008], [3202.91, 0.038], [3202.9, 0.028], [3202.89, 0.078], [3202.88, 0.013], [3202.87, 2.403], [3202.86, 0.156], [3202.85, 0.033], [3202.84, 0.06], [3202.83, 2.037], [3202.81, 0.028], [3202.8, 0.373], [3202.79, 5.458], [3202.78, 1.013]], "asks": [[3202.99, 49.757], [3203.0, 0.395], [3203.02, 1.514], [3203.03, 0.007], [3203.04, 0.731], [3203.05, 0.015], [3203.06, 0.007], [3203.07, 1.164], [3203.08, 1.287], [3203.09, 0.007], [3203.1, 0.051], [3203.11, 1.264], [3203.12, 0.014], [3203.13, 0.725], [3203.14, 0.508], [3203.15, 0.801], [3203.16, 0.645], [3203.18, 0.022], [3203.19, 1.925], [3203.2, 0.513]], "timestamp": "2025-12-11T12:47:33.386698+00:00"}, {"symbol": "ETHUSDT", "bids": [[3201.99, 91.589], [3201.98, 9.53], [3201.97, 0.026], [3201.96, 0.008], [3201.95, 0.007], [3201.94, 0.085], [3201.93, 0.038], [3201.91, 0.015], [3201.9, 0.058], [3201.88, 0.352], [3201.87, 0.015], [3201.86, 13.222], [3201.84, 1.165], [3201.83, 0.308], [3201.82, 0.162], [3201.81, 0.399], [3201.8, 0.95], [3201.79, 0.013], [3201.78, 1.522], [3201.77, 2.831]], "asks": [[3202.0, 59.646], [3202.01, 0.021], [3202.02, 0.322], [3202.03, 0.045], [3202.04, 0.653], [3202.05, 0.905], [3202.06, 3.204], [3202.07, 0.538], [3202.08, 1.554], [3202.09, 0.514], [3202.1, 2.2], [3202.11, 0.137], [3202.12, 1.131], [3202.13, 1.257], [3202.14, 1.787], [3202.15, 0.045], [3202.16, 0.043], [3202.17, 0.725], [3202.18, 0.007], [3202.19, 1.073]], "timestamp": "2025-12-11T12:48:25.098037+00:00"}, {"symbol": "ETHUSDT", "bids": [[3202.69, 42.366], [3202.68, 0.015], [3202.66, 0.038], [3202.65, 3.093], [3202.64, 6.593], [3202.63, 8.197], [3202.62, 10.611], [3202.61, 4.671], [3202.6, 0.025], [3202.59, 0.013], [3202.58, 0.053], [3202.57, 23.42], [3202.56, 0.64], [3202.55, 5.42], [3202.54, 1.634], [3202.53, 0.015], [3202.52, 0.02], [3202.51, 0.633], [3202.5, 0.978], [3202.49, 0.007]], "asks": [[3202.7, 44.101], [3202.71, 0.021], [3202.72, 0.038], [3202.73, 0.007], [3202.74, 0.223], [3202.75, 0.01], [3202.76, 0.015], [3202.77, 0.045], [3202.78, 0.013], [3202.79, 1.658], [3202.8, 1.44], [3202.81, 0.051], [3202.82, 0.5], [3202.83, 1.42], [3202.84, 5.654], [3202.85, 0.583], [3202.86, 0.358], [3202.87, 0.263], [3202.88, 0.757], [3202.89, 0.056]], "timestamp": "2025-12-11T12:49:17.047914+00:00"}