[{"id": "2663793701", "price": 3237.91, "amount": 0.007, "side": "sell", "timestamp": 1765496535864}, {"id": "2663793702", "price": 3237.9, "amount": 0.014, "side": "sell", "timestamp": 1765496535866}, {"id": "2663793703", "price": 3237.89, "amount": 0.038, "side": "sell", "timestamp": 1765496535866}, {"id": "2663793704", "price": 3237.86, "amount": 0.008, "side": "sell", "timestamp": 1765496535866}, {"id": "2663793705", "price": 3237.85, "amount": 0.007, "side": "sell", "timestamp": 1765496535866}, {"id": "2663793706", "price": 3237.84, "amount": 0.064, "side": "sell", "timestamp": 1765496535869}, {"id": "2663793707", "price": 3237.83, "amount": 0.011, "side": "sell", "timestamp": 1765496535869}, {"id": "2663793708", "price": 3237.81, "amount": 0.013, "side": "sell", "timestamp": 1765496535869}, {"id": "2663793709", "price": 3237.8, "amount": 0.063, "side": "sell", "timestamp": 1765496535869}, {"id": "2663793710", "price": 3237.79, "amount": 0.038, "side": "sell", "timestamp": 1765496535869}, {"id": "2663793711", "price": 3237.78, "amount": 0.078, "side": "sell", "timestamp": 1765496535872}, {"id": "2663793712", "price": 3237.77, "amount": 0.01, "side": "sell", "timestamp": 1765496535872}, {"id": "2663793713", "price": 3237.76, "amount": 0.038, "side": "sell", "timestamp": 1765496535872}, {"id": "2663793714", "price": 3237.75, "amount": 0.022, "side": "sell", "timestamp": 1765496535872}, {"id": "2663793715", "price": 3237.74, "amount": 0.019, "side": "buy", "timestamp": 1765496537555}, {"id": "2663793716", "price": 3237.73, "amount": 0.008, "side": "sell", "timestamp": 1765496537802}, {"id": "2663793717", "price": 3237.73, "amount": 0.01, "side": "sell", "timestamp": 1765496540767}, {"id": "2663793718", "price": 3237.73, "amount": 0.014, "side": "sell", "timestamp": 1765496540899}, {"id": "2663793719", "price": 3237.74, "amount": 3.088, "side": "buy", "timestamp": 1765496541049}, {"id": "2663793720", "price": 3237.73, "amount": 0.142, "side": "sell", "timestamp": 1765496541174}, {"id": "2663793721", "price": 3237.74, "amount": 0.01, "side": "buy", "timestamp": 1765496541437}, {"id": "2663793722", "price": 3237.73, "amount": 1.442, "side": "sell", "timestamp": 1765496542011}, {"id": "2663793723", "price": 3237.73, "amount": 0.03, "side": "sell", "timestamp": 1765496542197}, {"id": "2663793724", "price": 3237.74, "amount": 2.721, "side": "buy", "timestamp": 1765496542714}, {"id": "2663793725", "price": 3237.75, "amount": 45.891, "side": "buy", "timestamp": 1765496542908}, {"id": "2663793726", "price": 3237.76, "amount": 0.028, "side": "buy", "timestamp": 1765496542914}, {"id": "2663793727", "price": 3237.77, "amount": 0.007, "side": "buy", "timestamp": 1765496542914}, {"id": "2663793728", "price": 3237.79, "amount": 0.007, "side": "buy", "timestamp": 1765496542914}, {"id": "2663793729", "price": 3237.8, "amount": 0.236, "side": "buy", "timestamp": 1765496542919}, {"id": "2663793730", "price": 3237.81, "amount": 0.007, "side": "buy", "timestamp": 1765496542919}, {"id": "2663793731", "price": 3237.82, "amount": 0.02, "side": "buy", "timestamp": 1765496542919}, {"id": "2663793732", "price": 3237.84, "amount": 0.018, "side": "buy", "timestamp": 1765496542919}, {"id": "2663793733", "price": 3237.85, "amount": 0.36, "side": "buy", "timestamp": 1765496542919}, {"id": "2663793734", "price": 3237.86, "amount": 0.038, "side": "buy", "timestamp": 1765496542919}, {"id": "2663793735", "price": 3237.87, "amount": 0.162, "side": "buy", "timestamp": 1765496542919}, {"id": "2663793736", "price": 3237.88, "amount": 0.008, "side": "buy", "timestamp": 1765496542919}, {"id": "2663793737", "price": 3237.9, "amount": 0.225, "side": "buy", "timestamp": 1765496542926}, {"id": "2663793738", "price": 3237.9, "amount": 0.457, "side": "buy", "timestamp": 1765496543047}, {"id": "2663793739", "price": 3237.91, "amount": 0.007, "side": "buy", "timestamp": 1765496543047}, {"id": "2663793740", "price": 3237.92, "amount": 0.161, "side": "buy", "timestamp": 1765496543047}, {"id": "2663793741", "price": 3237.94, "amount": 0.083, "side": "buy", "timestamp": 1765496543050}, {"id": "2663793742", "price": 3237.95, "amount": 0.049, "side": "buy", "timestamp": 1765496543050}, {"id": "2663793743", "price": 3237.96, "amount": 0.016, "side": "buy", "timestamp": 1765496543050}, {"id": "2663793744", "price": 3237.97, "amount": 0.02, "side": "buy", "timestamp": 1765496543050}, {"id": "2663793745", "price": 3237.99, "amount": 0.028, "side": "buy", "timestamp": 1765496543050}, {"id": "2663793746", "price": 3238.0, "amount": 0.014, "side": "buy", "timestamp": 1765496543050}, {"id": "2663793747", "price": 3238.01, "amount": 0.271, "side": "buy", "timestamp": 1765496543054}, {"id": "2663793748", "price": 3238.0, "amount": 0.098, "side": "sell", "timestamp": 1765496543121}, {"id": "2663793749", "price": 3238.01, "amount": 0.1, "side": "buy", "timestamp": 1765496543266}, {"id": "2663793750", "price": 3238.0, "amount": 0.5, "side": "sell", "timestamp": 1765496543409}, {"id": "2663794162", "price": 3239.38, "amount": 0.007, "side": "buy", "timestamp": 1765496585896}, {"id": "2663794163", "price": 3239.39, "amount": 0.358, "side": "buy", "timestamp": 1765496585898}, {"id": "2663794164", "price": 3239.39, "amount": 2.008, "side": "buy", "timestamp": 1765496586780}, {"id": "2663794165", "price": 3239.4, "amount": 0.523, "side": "buy", "timestamp": 1765496586879}, {"id": "2663794166", "price": 3239.41, "amount": 0.048, "side": "buy", "timestamp": 1765496586879}, {"id": "2663794167", "price": 3239.42, "amount": 0.013, "side": "buy", "timestamp": 1765496586879}, {"id": "2663794168", "price": 3239.43, "amount": 0.49, "side": "buy", "timestamp": 1765496586880}, {"id": "2663794169", "price": 3239.45, "amount": 0.051, "side": "buy", "timestamp": 1765496586883}, {"id": "2663794170", "price": 3239.46, "amount": 0.359, "side": "buy", "timestamp": 1765496586885}, {"id": "2663794171", "price": 3239.48, "amount": 0.13, "side": "buy", "timestamp": 1765496586885}, {"id": "2663794172", "price": 3239.48, "amount": 1.12, "side": "buy", "timestamp": 1765496587742}, {"id": "2663794173", "price": 3239.48, "amount": 0.044, "side": "buy", "timestamp": 1765496587862}, {"id": "2663794174", "price": 3239.47, "amount": 0.289, "side": "sell", "timestamp": 1765496587914}, {"id": "2663794175", "price": 3239.47, "amount": 0.045, "side": "sell", "timestamp": 1765496588463}, {"id": "2663794176", "price": 3239.48, "amount": 0.5, "side": "buy", "timestamp": 1765496588677}, {"id": "2663794177", "price": 3239.48, "amount": 0.076, "side": "buy", "timestamp": 1765496589523}, {"id": "2663794178", "price": 3239.48, "amount": 0.8, "side": "buy", "timestamp": 1765496589858}, {"id": "2663794179", "price": 3239.47, "amount": 0.13, "side": "sell", "timestamp": 1765496589976}, {"id": "2663794180", "price": 3239.48, "amount": 0.008, "side": "buy", "timestamp": 1765496590387}, {"id": "2663794181", "price": 3239.48, "amount": 0.394, "side": "buy", "timestamp": 1765496590897}, {"id": "2663794182", "price": 3239.48, "amount": 0.092, "side": "buy", "timestamp": 1765496591060}, {"id": "2663794183", "price": 3239.48, "amount": 18.031, "side": "buy", "timestamp": 1765496591615}, {"id": "2663794184", "price": 3239.47, "amount": 0.004, "side": "sell", "timestamp": 1765496591724}, {"id": "2663794185", "price": 3239.47, "amount": 0.011, "side": "sell", "timestamp": 1765496592092}, {"id": "2663794186", "price": 3239.47, "amount": 0.136, "side": "sell", "timestamp": 1765496592820}, {"id": "2663794187", "price": 3239.47, "amount": 0.8, "side": "sell", "timestamp": 1765496593623}, {"id": "2663794188", "price": 3239.48, "amount": 1.248, "side": "buy", "timestamp": 1765496593952}, {"id": "2663794189", "price": 3239.47, "amount": 0.3, "side": "sell", "timestamp": 1765496594059}, {"id": "2663794190", "price": 3239.47, "amount": 0.2, "side": "sell", "timestamp": 1765496594199}, {"id": "2663794191", "price": 3239.47, "amount": 0.069, "side": "sell", "timestamp": 1765496594393}, {"id": "2663794192", "price": 3239.47, "amount": 4.304, "side": "sell", "timestamp": 1765496594504}, {"id": "2663794193", "price": 3239.47, "amount": 0.111, "side": "sell", "timestamp": 1765496594643}, {"id": "2663794194", "price": 3239.47, "amount": 0.05, "side": "sell", "timestamp": 1765496594889}, {"id": "2663794195", "price": 3239.48, "amount": 0.106, "side": "buy", "timestamp": 1765496595045}, {"id": "2663794196", "price": 3239.48, "amount": 0.1, "side": "buy", "timestamp": 1765496595990}, {"id": "2663794197", "price": 3239.47, "amount": 0.03, "side": "sell", "timestamp": 1765496596047}, {"id": "2663794198", "price": 3239.48, "amount": 0.1, "side": "buy", "timestamp": 1765496596123}, {"id": "2663794199", "price": 3239.48, "amount": 6.267, "side": "buy", "timestamp": 1765496596673}, {"id": "2663794200", "price": 3239.49, "amount": 0.025, "side": "buy", "timestamp": 1765496596673}, {"id": "2663794201", "price": 3239.5, "amount": 0.045, "side": "buy", "timestamp": 1765496596673}, {"id": "2663794202", "price": 3239.53, "amount": 0.008, "side": "buy", "timestamp": 1765496596673}, {"id": "2663794203", "price": 3239.54, "amount": 0.045, "side": "buy", "timestamp": 1765496596673}, {"id": "2663794204", "price": 3239.55, "amount": 0.014, "side": "buy", "timestamp": 1765496596673}, {"id": "2663794205", "price": 3239.56, "amount": 0.021, "side": "buy", "timestamp": 1765496596673}, {"id": "2663794206", "price": 3239.58, "amount": 0.007, "side": "buy", "timestamp": 1765496596679}, {"id": "2663794207", "price": 3239.59, "amount": 0.013, "side": "buy", "timestamp": 1765496596679}, {"id": "2663794208", "price": 3239.6, "amount": 0.032, "side": "buy", "timestamp": 1765496596679}, {"id": "2663794209", "price": 3239.61, "amount": 0.053, "side": "buy", "timestamp": 1765496596679}, {"id": "2663794210", "price": 3239.62, "amount": 0.035, "side": "buy", "timestamp": 1765496596679}, {"id": "2663794211", "price": 3239.63, "amount": 0.007, "side": "buy", "timestamp": 1765496596679}, {"id": "2663794488", "price": 3239.12, "amount": 0.061, "side": "sell", "timestamp": 1765496639589}, {"id": "2663794489", "price": 3239.1, "amount": 0.668, "side": "sell", "timestamp": 1765496639589}, {"id": "2663794490", "price": 3239.09, "amount": 5.067, "side": "sell", "timestamp": 1765496639589}, {"id": "2663794491", "price": 3239.08, "amount": 4.65, "side": "sell", "timestamp": 1765496639589}, {"id": "2663794492", "price": 3239.08, "amount": 1.552, "side": "sell", "timestamp": 1765496639761}, {"id": "2663794493", "price": 3239.09, "amount": 1.0, "side": "buy", "timestamp": 1765496639843}, {"id": "2663794494", "price": 3239.08, "amount": 1.193, "side": "sell", "timestamp": 1765496640205}, {"id": "2663794495", "price": 3239.09, "amount": 3.4, "side": "buy", "timestamp": 1765496640639}, {"id": "2663794496", "price": 3239.08, "amount": 0.011, "side": "sell", "timestamp": 1765496641313}, {"id": "2663794497", "price": 3239.09, "amount": 2.106, "side": "buy", "timestamp": 1765496641687}, {"id": "2663794498", "price": 3239.1, "amount": 0.049, "side": "buy", "timestamp": 1765496641714}, {"id": "2663794499", "price": 3239.12, "amount": 0.045, "side": "buy", "timestamp": 1765496641714}, {"id": "2663794500", "price": 3239.13, "amount": 0.007, "side": "buy", "timestamp": 1765496641714}, {"id": "2663794501", "price": 3239.15, "amount": 0.084, "side": "buy", "timestamp": 1765496641714}, {"id": "2663794502", "price": 3239.16, "amount": 0.045, "side": "buy", "timestamp": 1765496641714}, {"id": "2663794503", "price": 3239.17, "amount": 0.021, "side": "buy", "timestamp": 1765496641714}, {"id": "2663794504", "price": 3239.18, "amount": 0.015, "side": "buy", "timestamp": 1765496641714}, {"id": "2663794505", "price": 3239.19, "amount": 0.011, "side": "buy", "timestamp": 1765496641714}, {"id": "2663794506", "price": 3239.2, "amount": 0.028, "side": "buy", "timestamp": 1765496641714}, {"id": "2663794507", "price": 3239.21, "amount": 0.045, "side": "buy", "timestamp": 1765496641714}, {"id": "2663794508", "price": 3239.23, "amount": 0.021, "side": "buy", "timestamp": 1765496641714}, {"id": "2663794509", "price": 3239.25, "amount": 0.045, "side": "buy", "timestamp": 1765496641714}, {"id": "2663794510", "price": 3239.26, "amount": 0.028, "side": "buy", "timestamp": 1765496641714}, {"id": "2663794511", "price": 3239.28, "amount": 0.129, "side": "sell", "timestamp": 1765496641816}, {"id": "2663794512", "price": 3239.28, "amount": 0.068, "side": "sell", "timestamp": 1765496642048}, {"id": "2663794513", "price": 3239.29, "amount": 1.0, "side": "buy", "timestamp": 1765496642054}, {"id": "2663794514", "price": 3239.29, "amount": 0.624, "side": "buy", "timestamp": 1765496642156}, {"id": "2663794515", "price": 3239.29, "amount": 0.612, "side": "buy", "timestamp": 1765496643072}, {"id": "2663794516", "price": 3239.28, "amount": 1.0, "side": "sell", "timestamp": 1765496643104}, {"id": "2663794517", "price": 3239.29, "amount": 0.065, "side": "buy", "timestamp": 1765496643764}, {"id": "2663794518", "price": 3239.28, "amount": 0.03, "side": "sell", "timestamp": 1765496644132}, {"id": "2663794519", "price": 3239.29, "amount": 0.608, "side": "buy", "timestamp": 1765496644230}, {"id": "2663794520", "price": 3239.29, "amount": 0.91, "side": "buy", "timestamp": 1765496644546}, {"id": "2663794521", "price": 3239.29, "amount": 0.409, "side": "buy", "timestamp": 1765496644684}, {"id": "2663794522", "price": 3239.28, "amount": 0.045, "side": "sell", "timestamp": 1765496645104}, {"id": "2663794523", "price": 3239.29, "amount": 0.604, "side": "buy", "timestamp": 1765496645176}, {"id": "2663794524", "price": 3239.28, "amount": 0.001, "side": "sell", "timestamp": 1765496645310}, {"id": "2663794525", "price": 3239.28, "amount": 0.154, "side": "sell", "timestamp": 1765496645634}, {"id": "2663794526", "price": 3239.29, "amount": 2.164, "side": "buy", "timestamp": 1765496645687}, {"id": "2663794527", "price": 3239.28, "amount": 0.434, "side": "sell", "timestamp": 1765496646166}, {"id": "2663794528", "price": 3239.29, "amount": 0.6, "side": "buy", "timestamp": 1765496646227}, {"id": "2663794529", "price": 3239.28, "amount": 0.479, "side": "sell", "timestamp": 1765496646267}, {"id": "2663794530", "price": 3239.29, "amount": 41.432, "side": "buy", "timestamp": 1765496646880}, {"id": "2663794531", "price": 3239.29, "amount": 7.834, "side": "buy", "timestamp": 1765496647194}, {"id": "2663794532", "price": 3239.3, "amount": 0.028, "side": "buy", "timestamp": 1765496647215}, {"id": "2663794533", "price": 3239.31, "amount": 1.664, "side": "buy", "timestamp": 1765496647284}, {"id": "2663794534", "price": 3239.32, "amount": 0.007, "side": "buy", "timestamp": 1765496647352}, {"id": "2663794535", "price": 3239.33, "amount": 1.0, "side": "buy", "timestamp": 1765496647754}, {"id": "2663794536", "price": 3239.32, "amount": 5.0, "side": "sell", "timestamp": 1765496649141}, {"id": "2663794537", "price": 3239.32, "amount": 2.793, "side": "sell", "timestamp": 1765496649465}, {"id": "2663794967", "price": 3239.56, "amount": 0.008, "side": "buy", "timestamp": 1765496701067}, {"id": "2663794968", "price": 3239.57, "amount": 0.045, "side": "buy", "timestamp": 1765496701067}, {"id": "2663794969", "price": 3239.58, "amount": 0.017, "side": "buy", "timestamp": 1765496701067}, {"id": "2663794970", "price": 3239.59, "amount": 0.046, "side": "buy", "timestamp": 1765496701067}, {"id": "2663794971", "price": 3239.6, "amount": 0.022, "side": "buy", "timestamp": 1765496701067}, {"id": "2663794972", "price": 3239.61, "amount": 0.02, "side": "buy", "timestamp": 1765496701067}, {"id": "2663794973", "price": 3239.62, "amount": 0.015, "side": "buy", "timestamp": 1765496701067}, {"id": "2663794974", "price": 3239.63, "amount": 0.028, "side": "buy", "timestamp": 1765496701067}, {"id": "2663794975", "price": 3239.64, "amount": 0.051, "side": "buy", "timestamp": 1765496701067}, {"id": "2663794976", "price": 3239.65, "amount": 0.007, "side": "buy", "timestamp": 1765496701083}, {"id": "2663794977", "price": 3239.66, "amount": 0.014, "side": "buy", "timestamp": 1765496701083}, {"id": "2663794978", "price": 3239.67, "amount": 0.007, "side": "buy", "timestamp": 1765496701083}, {"id": "2663794979", "price": 3239.68, "amount": 0.02, "side": "buy", "timestamp": 1765496701083}, {"id": "2663794980", "price": 3239.69, "amount": 0.008, "side": "buy", "timestamp": 1765496701083}, {"id": "2663794981", "price": 3239.7, "amount": 0.083, "side": "buy", "timestamp": 1765496701083}, {"id": "2663794982", "price": 3239.71, "amount": 0.02, "side": "buy", "timestamp": 1765496701083}, {"id": "2663794983", "price": 3239.72, "amount": 0.056, "side": "buy", "timestamp": 1765496701135}, {"id": "2663794984", "price": 3239.71, "amount": 0.201, "side": "sell", "timestamp": 1765496701412}, {"id": "2663794985", "price": 3239.7, "amount": 0.068, "side": "sell", "timestamp": 1765496701412}, {"id": "2663794986", "price": 3239.68, "amount": 0.007, "side": "sell", "timestamp": 1765496701412}, {"id": "2663794987", "price": 3239.66, "amount": 0.007, "side": "sell", "timestamp": 1765496701412}, {"id": "2663794988", "price": 3239.65, "amount": 0.05, "side": "sell", "timestamp": 1765496701418}, {"id": "2663794989", "price": 3239.66, "amount": 2.065, "side": "buy", "timestamp": 1765496701441}, {"id": "2663794990", "price": 3239.66, "amount": 0.2, "side": "buy", "timestamp": 1765496701838}, {"id": "2663794991", "price": 3239.65, "amount": 0.326, "side": "sell", "timestamp": 1765496702308}, {"id": "2663794992", "price": 3239.66, "amount": 0.297, "side": "buy", "timestamp": 1765496702602}, {"id": "2663794993", "price": 3239.65, "amount": 2.95, "side": "sell", "timestamp": 1765496702922}, {"id": "2663794994", "price": 3239.64, "amount": 0.052, "side": "sell", "timestamp": 1765496702922}, {"id": "2663794995", "price": 3239.63, "amount": 0.007, "side": "sell", "timestamp": 1765496702922}, {"id": "2663794996", "price": 3239.61, "amount": 0.061, "side": "sell", "timestamp": 1765496702922}, {"id": "2663794997", "price": 3239.6, "amount": 0.008, "side": "sell", "timestamp": 1765496702922}, {"id": "2663794998", "price": 3239.59, "amount": 0.007, "side": "sell", "timestamp": 1765496702922}, {"id": "2663794999", "price": 3239.58, "amount": 0.328, "side": "sell", "timestamp": 1765496702922}, {"id": "2663795000", "price": 3239.57, "amount": 0.008, "side": "sell", "timestamp": 1765496702922}, {"id": "2663795001", "price": 3239.56, "amount": 0.038, "side": "sell", "timestamp": 1765496702922}, {"id": "2663795002", "price": 3239.55, "amount": 0.015, "side": "sell", "timestamp": 1765496702922}, {"id": "2663795003", "price": 3239.54, "amount": 0.013, "side": "sell", "timestamp": 1765496702922}, {"id": "2663795004", "price": 3239.52, "amount": 0.008, "side": "sell", "timestamp": 1765496702922}, {"id": "2663795005", "price": 3239.51, "amount": 0.158, "side": "sell", "timestamp": 1765496702922}, {"id": "2663795006", "price": 3239.5, "amount": 0.015, "side": "sell", "timestamp": 1765496702922}, {"id": "2663795007", "price": 3239.49, "amount": 0.016, "side": "sell", "timestamp": 1765496702922}, {"id": "2663795008", "price": 3239.48, "amount": 0.023, "side": "sell", "timestamp": 1765496702922}, {"id": "2663795009", "price": 3239.47, "amount": 0.138, "side": "sell", "timestamp": 1765496702922}, {"id": "2663795010", "price": 3239.46, "amount": 0.007, "side": "sell", "timestamp": 1765496702922}, {"id": "2663795011", "price": 3239.45, "amount": 0.059, "side": "sell", "timestamp": 1765496702922}, {"id": "2663795012", "price": 3239.43, "amount": 0.021, "side": "sell", "timestamp": 1765496702922}, {"id": "2663795013", "price": 3239.42, "amount": 0.007, "side": "sell", "timestamp": 1765496702922}, {"id": "2663795014", "price": 3239.41, "amount": 0.038, "side": "sell", "timestamp": 1765496702922}, {"id": "2663795015", "price": 3239.4, "amount": 0.381, "side": "sell", "timestamp": 1765496702922}, {"id": "2663795016", "price": 3239.39, "amount": 0.021, "side": "sell", "timestamp": 1765496702922}, {"id": "2663795664", "price": 3241.82, "amount": 0.083, "side": "sell", "timestamp": 1765496752759}, {"id": "2663795665", "price": 3241.82, "amount": 0.028, "side": "sell", "timestamp": 1765496753110}, {"id": "2663795666", "price": 3241.83, "amount": 0.114, "side": "buy", "timestamp": 1765496753147}, {"id": "2663795667", "price": 3241.82, "amount": 0.154, "side": "sell", "timestamp": 1765496753418}, {"id": "2663795668", "price": 3241.83, "amount": 0.099, "side": "buy", "timestamp": 1765496753568}, {"id": "2663795669", "price": 3241.82, "amount": 0.1, "side": "sell", "timestamp": 1765496753677}, {"id": "2663795670", "price": 3241.83, "amount": 2.677, "side": "buy", "timestamp": 1765496753771}, {"id": "2663795671", "price": 3241.82, "amount": 1.626, "side": "sell", "timestamp": 1765496754005}, {"id": "2663795672", "price": 3241.81, "amount": 0.031, "side": "sell", "timestamp": 1765496754005}, {"id": "2663795673", "price": 3241.8, "amount": 0.081, "side": "sell", "timestamp": 1765496754005}, {"id": "2663795674", "price": 3241.8, "amount": 4.0, "side": "buy", "timestamp": 1765496754051}, {"id": "2663795675", "price": 3241.79, "amount": 30.525, "side": "sell", "timestamp": 1765496754448}, {"id": "2663795676", "price": 3241.78, "amount": 1.685, "side": "sell", "timestamp": 1765496754449}, {"id": "2663795677", "price": 3241.77, "amount": 0.623, "side": "sell", "timestamp": 1765496754449}, {"id": "2663795678", "price": 3241.76, "amount": 0.007, "side": "sell", "timestamp": 1765496754449}, {"id": "2663795679", "price": 3241.75, "amount": 0.013, "side": "sell", "timestamp": 1765496754449}, {"id": "2663795680", "price": 3241.74, "amount": 0.228, "side": "sell", "timestamp": 1765496754449}, {"id": "2663795681", "price": 3241.73, "amount": 0.02, "side": "sell", "timestamp": 1765496754449}, {"id": "2663795682", "price": 3241.71, "amount": 0.021, "side": "sell", "timestamp": 1765496754449}, {"id": "2663795683", "price": 3241.7, "amount": 0.786, "side": "sell", "timestamp": 1765496754449}, {"id": "2663795684", "price": 3241.68, "amount": 0.292, "side": "sell", "timestamp": 1765496754453}, {"id": "2663795685", "price": 3241.67, "amount": 0.089, "side": "sell", "timestamp": 1765496754454}, {"id": "2663795686", "price": 3241.65, "amount": 0.022, "side": "sell", "timestamp": 1765496754454}, {"id": "2663795687", "price": 3241.64, "amount": 0.059, "side": "sell", "timestamp": 1765496754454}, {"id": "2663795688", "price": 3241.63, "amount": 0.346, "side": "sell", "timestamp": 1765496754454}, {"id": "2663795689", "price": 3241.61, "amount": 0.028, "side": "sell", "timestamp": 1765496754454}, {"id": "2663795690", "price": 3241.6, "amount": 0.066, "side": "sell", "timestamp": 1765496754454}, {"id": "2663795691", "price": 3241.59, "amount": 0.308, "side": "sell", "timestamp": 1765496754454}, {"id": "2663795692", "price": 3241.58, "amount": 0.028, "side": "sell", "timestamp": 1765496754454}, {"id": "2663795693", "price": 3241.57, "amount": 0.015, "side": "sell", "timestamp": 1765496754454}, {"id": "2663795694", "price": 3241.55, "amount": 0.638, "side": "sell", "timestamp": 1765496754454}, {"id": "2663795695", "price": 3241.54, "amount": 0.008, "side": "sell", "timestamp": 1765496754459}, {"id": "2663795696", "price": 3241.53, "amount": 13.939, "side": "sell", "timestamp": 1765496754459}, {"id": "2663795697", "price": 3241.52, "amount": 0.013, "side": "sell", "timestamp": 1765496754463}, {"id": "2663795698", "price": 3241.51, "amount": 0.008, "side": "sell", "timestamp": 1765496754463}, {"id": "2663795699", "price": 3241.5, "amount": 4.228, "side": "sell", "timestamp": 1765496754463}, {"id": "2663795700", "price": 3241.49, "amount": 0.02, "side": "sell", "timestamp": 1765496754467}, {"id": "2663795701", "price": 3241.48, "amount": 0.008, "side": "sell", "timestamp": 1765496754467}, {"id": "2663795702", "price": 3241.47, "amount": 0.115, "side": "sell", "timestamp": 1765496754467}, {"id": "2663795703", "price": 3241.46, "amount": 0.218, "side": "sell", "timestamp": 1765496754467}, {"id": "2663795704", "price": 3241.45, "amount": 0.135, "side": "sell", "timestamp": 1765496754467}, {"id": "2663795705", "price": 3241.44, "amount": 0.013, "side": "sell", "timestamp": 1765496754467}, {"id": "2663795706", "price": 3241.43, "amount": 0.015, "side": "sell", "timestamp": 1765496754467}, {"id": "2663795707", "price": 3241.42, "amount": 0.036, "side": "sell", "timestamp": 1765496754487}, {"id": "2663795708", "price": 3241.41, "amount": 0.045, "side": "sell", "timestamp": 1765496754487}, {"id": "2663795709", "price": 3241.4, "amount": 0.028, "side": "sell", "timestamp": 1765496754487}, {"id": "2663795710", "price": 3241.39, "amount": 4.684, "side": "sell", "timestamp": 1765496754487}, {"id": "2663795711", "price": 3241.4, "amount": 0.474, "side": "buy", "timestamp": 1765496754852}, {"id": "2663795712", "price": 3241.4, "amount": 0.832, "side": "buy", "timestamp": 1765496755327}, {"id": "2663795713", "price": 3241.39, "amount": 0.309, "side": "sell", "timestamp": 1765496755416}, {"id": "2663796501", "price": 3238.35, "amount": 0.315, "side": "buy", "timestamp": 1765496804737}, {"id": "2663796502", "price": 3238.36, "amount": 0.023, "side": "buy", "timestamp": 1765496804737}, {"id": "2663796503", "price": 3238.37, "amount": 0.008, "side": "buy", "timestamp": 1765496804737}, {"id": "2663796504", "price": 3238.38, "amount": 0.038, "side": "buy", "timestamp": 1765496804737}, {"id": "2663796505", "price": 3238.39, "amount": 0.02, "side": "buy", "timestamp": 1765496804737}, {"id": "2663796506", "price": 3238.4, "amount": 0.05, "side": "buy", "timestamp": 1765496804737}, {"id": "2663796507", "price": 3238.41, "amount": 0.309, "side": "buy", "timestamp": 1765496804737}, {"id": "2663796508", "price": 3238.42, "amount": 0.013, "side": "buy", "timestamp": 1765496804737}, {"id": "2663796509", "price": 3238.43, "amount": 0.053, "side": "buy", "timestamp": 1765496804737}, {"id": "2663796510", "price": 3238.44, "amount": 0.031, "side": "buy", "timestamp": 1765496804737}, {"id": "2663796511", "price": 3238.45, "amount": 0.013, "side": "buy", "timestamp": 1765496804737}, {"id": "2663796512", "price": 3238.46, "amount": 0.021, "side": "buy", "timestamp": 1765496804737}, {"id": "2663796513", "price": 3238.47, "amount": 0.007, "side": "buy", "timestamp": 1765496804737}, {"id": "2663796514", "price": 3238.48, "amount": 0.021, "side": "buy", "timestamp": 1765496804737}, {"id": "2663796515", "price": 3238.49, "amount": 0.007, "side": "buy", "timestamp": 1765496804737}, {"id": "2663796516", "price": 3238.5, "amount": 0.162, "side": "buy", "timestamp": 1765496804737}, {"id": "2663796517", "price": 3238.51, "amount": 4.853, "side": "buy", "timestamp": 1765496804737}, {"id": "2663796518", "price": 3238.52, "amount": 0.584, "side": "buy", "timestamp": 1765496804737}, {"id": "2663796519", "price": 3238.51, "amount": 0.469, "side": "sell", "timestamp": 1765496804745}, {"id": "2663796520", "price": 3238.5, "amount": 0.126, "side": "sell", "timestamp": 1765496804755}, {"id": "2663796521", "price": 3238.49, "amount": 0.009, "side": "sell", "timestamp": 1765496804771}, {"id": "2663796522", "price": 3238.47, "amount": 0.038, "side": "sell", "timestamp": 1765496804773}, {"id": "2663796523", "price": 3238.43, "amount": 0.046, "side": "sell", "timestamp": 1765496804773}, {"id": "2663796524", "price": 3238.41, "amount": 0.011, "side": "sell", "timestamp": 1765496804773}, {"id": "2663796525", "price": 3238.4, "amount": 0.008, "side": "sell", "timestamp": 1765496804773}, {"id": "2663796526", "price": 3238.39, "amount": 0.038, "side": "sell", "timestamp": 1765496804773}, {"id": "2663796527", "price": 3238.37, "amount": 0.008, "side": "sell", "timestamp": 1765496804773}, {"id": "2663796528", "price": 3238.35, "amount": 0.045, "side": "sell", "timestamp": 1765496804773}, {"id": "2663796529", "price": 3238.34, "amount": 0.008, "side": "sell", "timestamp": 1765496804773}, {"id": "2663796530", "price": 3238.31, "amount": 0.058, "side": "sell", "timestamp": 1765496804773}, {"id": "2663796531", "price": 3238.3, "amount": 0.039, "side": "sell", "timestamp": 1765496804773}, {"id": "2663796532", "price": 3238.29, "amount": 0.013, "side": "sell", "timestamp": 1765496804773}, {"id": "2663796533", "price": 3238.27, "amount": 0.008, "side": "sell", "timestamp": 1765496804773}, {"id": "2663796534", "price": 3238.26, "amount": 2.655, "side": "buy", "timestamp": 1765496805420}, {"id": "2663796535", "price": 3238.25, "amount": 0.686, "side": "sell", "timestamp": 1765496805992}, {"id": "2663796536", "price": 3238.26, "amount": 0.264, "side": "buy", "timestamp": 1765496806048}, {"id": "2663796537", "price": 3238.25, "amount": 0.057, "side": "sell", "timestamp": 1765496806108}, {"id": "2663796538", "price": 3238.26, "amount": 0.273, "side": "buy", "timestamp": 1765496806421}, {"id": "2663796539", "price": 3238.27, "amount": 0.05, "side": "buy", "timestamp": 1765496806426}, {"id": "2663796540", "price": 3238.26, "amount": 0.715, "side": "sell", "timestamp": 1765496806549}, {"id": "2663796541", "price": 3238.27, "amount": 0.1, "side": "buy", "timestamp": 1765496807329}, {"id": "2663796542", "price": 3238.27, "amount": 0.103, "side": "buy", "timestamp": 1765496807992}, {"id": "2663796543", "price": 3238.26, "amount": 3.603, "side": "sell", "timestamp": 1765496808200}, {"id": "2663796544", "price": 3238.27, "amount": 0.625, "side": "buy", "timestamp": 1765496808363}, {"id": "2663796545", "price": 3238.26, "amount": 1.462, "side": "sell", "timestamp": 1765496808488}, {"id": "2663796546", "price": 3238.25, "amount": 0.183, "side": "sell", "timestamp": 1765496808520}, {"id": "2663796547", "price": 3238.24, "amount": 0.077, "side": "sell", "timestamp": 1765496808526}, {"id": "2663796548", "price": 3238.23, "amount": 0.047, "side": "sell", "timestamp": 1765496808529}, {"id": "2663796549", "price": 3238.22, "amount": 0.007, "side": "sell", "timestamp": 1765496808529}, {"id": "2663796550", "price": 3238.21, "amount": 0.038, "side": "sell", "timestamp": 1765496808529}, {"id": "2663797359", "price": 3237.52, "amount": 0.015, "side": "sell", "timestamp": 1765496859420}, {"id": "2663797360", "price": 3237.51, "amount": 0.051, "side": "sell", "timestamp": 1765496859420}, {"id": "2663797361", "price": 3237.5, "amount": 7.021, "side": "sell", "timestamp": 1765496859420}, {"id": "2663797362", "price": 3237.48, "amount": 0.015, "side": "sell", "timestamp": 1765496859463}, {"id": "2663797363", "price": 3237.47, "amount": 0.038, "side": "sell", "timestamp": 1765496859463}, {"id": "2663797364", "price": 3237.46, "amount": 0.631, "side": "sell", "timestamp": 1765496859468}, {"id": "2663797365", "price": 3237.45, "amount": 0.049, "side": "sell", "timestamp": 1765496859469}, {"id": "2663797366", "price": 3237.43, "amount": 0.027, "side": "sell", "timestamp": 1765496859500}, {"id": "2663797367", "price": 3237.41, "amount": 1.929, "side": "sell", "timestamp": 1765496859541}, {"id": "2663797368", "price": 3237.4, "amount": 0.026, "side": "sell", "timestamp": 1765496859553}, {"id": "2663797369", "price": 3237.37, "amount": 0.038, "side": "sell", "timestamp": 1765496859553}, {"id": "2663797370", "price": 3237.35, "amount": 0.008, "side": "sell", "timestamp": 1765496859553}, {"id": "2663797371", "price": 3237.34, "amount": 0.008, "side": "sell", "timestamp": 1765496859553}, {"id": "2663797372", "price": 3237.33, "amount": 0.045, "side": "sell", "timestamp": 1765496859553}, {"id": "2663797373", "price": 3237.32, "amount": 0.008, "side": "sell", "timestamp": 1765496859553}, {"id": "2663797374", "price": 3237.31, "amount": 0.207, "side": "sell", "timestamp": 1765496859553}, {"id": "2663797375", "price": 3237.3, "amount": 3.197, "side": "sell", "timestamp": 1765496859760}, {"id": "2663797376", "price": 3237.31, "amount": 25.481, "side": "buy", "timestamp": 1765496859884}, {"id": "2663797377", "price": 3237.3, "amount": 2.01, "side": "sell", "timestamp": 1765496859920}, {"id": "2663797378", "price": 3237.3, "amount": 0.014, "side": "sell", "timestamp": 1765496860029}, {"id": "2663797379", "price": 3237.3, "amount": 0.03, "side": "sell", "timestamp": 1765496860189}, {"id": "2663797380", "price": 3237.3, "amount": 0.997, "side": "sell", "timestamp": 1765496860466}, {"id": "2663797381", "price": 3237.29, "amount": 0.047, "side": "sell", "timestamp": 1765496860466}, {"id": "2663797382", "price": 3237.28, "amount": 0.007, "side": "sell", "timestamp": 1765496860466}, {"id": "2663797383", "price": 3237.27, "amount": 0.007, "side": "sell", "timestamp": 1765496860466}, {"id": "2663797384", "price": 3237.25, "amount": 0.066, "side": "sell", "timestamp": 1765496860466}, {"id": "2663797385", "price": 3237.23, "amount": 0.007, "side": "sell", "timestamp": 1765496860466}, {"id": "2663797386", "price": 3237.22, "amount": 0.584, "side": "sell", "timestamp": 1765496860466}, {"id": "2663797387", "price": 3237.22, "amount": 0.062, "side": "sell", "timestamp": 1765496860660}, {"id": "2663797388", "price": 3237.22, "amount": 2.714, "side": "sell", "timestamp": 1765496861024}, {"id": "2663797389", "price": 3237.21, "amount": 0.601, "side": "sell", "timestamp": 1765496861057}, {"id": "2663797390", "price": 3237.2, "amount": 7.355, "side": "sell", "timestamp": 1765496861058}, {"id": "2663797391", "price": 3237.19, "amount": 0.038, "side": "sell", "timestamp": 1765496861059}, {"id": "2663797392", "price": 3237.17, "amount": 0.007, "side": "sell", "timestamp": 1765496861059}, {"id": "2663797393", "price": 3237.15, "amount": 1.466, "side": "sell", "timestamp": 1765496861068}, {"id": "2663797394", "price": 3237.16, "amount": 0.8, "side": "buy", "timestamp": 1765496861117}, {"id": "2663797395", "price": 3237.15, "amount": 1.415, "side": "sell", "timestamp": 1765496861519}, {"id": "2663797396", "price": 3237.14, "amount": 0.016, "side": "sell", "timestamp": 1765496861519}, {"id": "2663797397", "price": 3237.13, "amount": 0.147, "side": "sell", "timestamp": 1765496861519}, {"id": "2663797398", "price": 3237.12, "amount": 0.013, "side": "sell", "timestamp": 1765496861519}, {"id": "2663797399", "price": 3237.11, "amount": 0.046, "side": "sell", "timestamp": 1765496861519}, {"id": "2663797400", "price": 3237.1, "amount": 0.02, "side": "sell", "timestamp": 1765496861519}, {"id": "2663797401", "price": 3237.08, "amount": 0.008, "side": "sell", "timestamp": 1765496861519}, {"id": "2663797402", "price": 3237.07, "amount": 0.008, "side": "sell", "timestamp": 1765496861519}, {"id": "2663797403", "price": 3237.06, "amount": 0.051, "side": "sell", "timestamp": 1765496861519}, {"id": "2663797404", "price": 3237.04, "amount": 0.015, "side": "sell", "timestamp": 1765496861519}, {"id": "2663797405", "price": 3237.03, "amount": 0.008, "side": "sell", "timestamp": 1765496861519}, {"id": "2663797406", "price": 3237.02, "amount": 0.038, "side": "sell", "timestamp": 1765496861519}, {"id": "2663797407", "price": 3237.01, "amount": 0.024, "side": "sell", "timestamp": 1765496861519}, {"id": "2663797408", "price": 3237.0, "amount": 2.741, "side": "sell", "timestamp": 1765496861519}, {"id": "2663797967", "price": 3235.0, "amount": 11.274, "side": "sell", "timestamp": 1765496900608}, {"id": "2663797968", "price": 3235.0, "amount": 0.495, "side": "sell", "timestamp": 1765496900746}, {"id": "2663797969", "price": 3235.01, "amount": 6.0, "side": "buy", "timestamp": 1765496901323}, {"id": "2663797970", "price": 3235.0, "amount": 2.0, "side": "sell", "timestamp": 1765496902549}, {"id": "2663797971", "price": 3235.0, "amount": 23.096, "side": "sell", "timestamp": 1765496902765}, {"id": "2663797972", "price": 3235.0, "amount": 6.0, "side": "sell", "timestamp": 1765496902914}, {"id": "2663797973", "price": 3235.01, "amount": 0.35, "side": "buy", "timestamp": 1765496902969}, {"id": "2663797974", "price": 3235.0, "amount": 2.746, "side": "sell", "timestamp": 1765496903043}, {"id": "2663797975", "price": 3235.01, "amount": 0.054, "side": "buy", "timestamp": 1765496903133}, {"id": "2663797976", "price": 3235.0, "amount": 5.614, "side": "sell", "timestamp": 1765496903394}, {"id": "2663797977", "price": 3235.01, "amount": 3.364, "side": "buy", "timestamp": 1765496903441}, {"id": "2663797978", "price": 3235.0, "amount": 0.188, "side": "sell", "timestamp": 1765496903462}, {"id": "2663797979", "price": 3235.0, "amount": 0.48, "side": "sell", "timestamp": 1765496903743}, {"id": "2663797980", "price": 3235.01, "amount": 0.09, "side": "buy", "timestamp": 1765496903825}, {"id": "2663797981", "price": 3235.0, "amount": 15.335, "side": "sell", "timestamp": 1765496904310}, {"id": "2663797982", "price": 3235.01, "amount": 0.587, "side": "buy", "timestamp": 1765496904313}, {"id": "2663797983", "price": 3235.0, "amount": 0.313, "side": "sell", "timestamp": 1765496904347}, {"id": "2663797984", "price": 3235.0, "amount": 0.078, "side": "sell", "timestamp": 1765496905054}, {"id": "2663797985", "price": 3235.0, "amount": 0.01, "side": "sell", "timestamp": 1765496905410}, {"id": "2663797986", "price": 3235.0, "amount": 0.017, "side": "sell", "timestamp": 1765496905686}, {"id": "2663797987", "price": 3235.01, "amount": 0.807, "side": "buy", "timestamp": 1765496905787}, {"id": "2663797988", "price": 3235.0, "amount": 0.769, "side": "sell", "timestamp": 1765496906087}, {"id": "2663797989", "price": 3235.0, "amount": 0.438, "side": "sell", "timestamp": 1765496906461}, {"id": "2663797990", "price": 3235.01, "amount": 0.026, "side": "buy", "timestamp": 1765496906671}, {"id": "2663797991", "price": 3235.01, "amount": 0.01, "side": "buy", "timestamp": 1765496906874}, {"id": "2663797992", "price": 3235.0, "amount": 0.094, "side": "sell", "timestamp": 1765496907076}, {"id": "2663797993", "price": 3235.0, "amount": 0.092, "side": "sell", "timestamp": 1765496907460}, {"id": "2663797994", "price": 3235.0, "amount": 4.688, "side": "sell", "timestamp": 1765496907694}, {"id": "2663797995", "price": 3235.01, "amount": 0.009, "side": "buy", "timestamp": 1765496907746}, {"id": "2663797996", "price": 3235.0, "amount": 0.03, "side": "sell", "timestamp": 1765496908181}, {"id": "2663797997", "price": 3235.0, "amount": 0.014, "side": "sell", "timestamp": 1765496908469}, {"id": "2663797998", "price": 3235.0, "amount": 0.193, "side": "sell", "timestamp": 1765496908633}, {"id": "2663797999", "price": 3235.01, "amount": 0.033, "side": "buy", "timestamp": 1765496909113}, {"id": "2663798000", "price": 3235.0, "amount": 0.852, "side": "sell", "timestamp": 1765496909516}, {"id": "2663798001", "price": 3235.0, "amount": 0.007, "side": "sell", "timestamp": 1765496909695}, {"id": "2663798002", "price": 3235.01, "amount": 8.579, "side": "buy", "timestamp": 1765496909995}, {"id": "2663798003", "price": 3235.0, "amount": 0.264, "side": "sell", "timestamp": 1765496910329}, {"id": "2663798004", "price": 3235.0, "amount": 0.157, "side": "sell", "timestamp": 1765496911019}, {"id": "2663798005", "price": 3235.01, "amount": 0.008, "side": "buy", "timestamp": 1765496911179}, {"id": "2663798006", "price": 3235.0, "amount": 0.007, "side": "sell", "timestamp": 1765496911426}, {"id": "2663798007", "price": 3235.01, "amount": 0.1, "side": "buy", "timestamp": 1765496911709}, {"id": "2663798008", "price": 3235.0, "amount": 0.135, "side": "sell", "timestamp": 1765496912345}, {"id": "2663798009", "price": 3235.01, "amount": 0.05, "side": "buy", "timestamp": 1765496912440}, {"id": "2663798010", "price": 3235.0, "amount": 3.464, "side": "sell", "timestamp": 1765496912686}, {"id": "2663798011", "price": 3235.0, "amount": 0.356, "side": "sell", "timestamp": 1765496912909}, {"id": "2663798012", "price": 3235.0, "amount": 1.211, "side": "sell", "timestamp": 1765496913189}, {"id": "2663798013", "price": 3235.0, "amount": 1.836, "side": "sell", "timestamp": 1765496913339}, {"id": "2663798014", "price": 3235.0, "amount": 0.007, "side": "sell", "timestamp": 1765496913693}, {"id": "2663798015", "price": 3235.0, "amount": 0.06, "side": "sell", "timestamp": 1765496913887}, {"id": "2663798016", "price": 3235.0, "amount": 0.03, "side": "sell", "timestamp": 1765496914200}, {"id": "2663798350", "price": 3236.4, "amount": 0.008, "side": "buy", "timestamp": 1765496958480}, {"id": "2663798351", "price": 3236.39, "amount": 0.267, "side": "sell", "timestamp": 1765496959192}, {"id": "2663798352", "price": 3236.4, "amount": 0.04, "side": "buy", "timestamp": 1765496959407}, {"id": "2663798353", "price": 3236.39, "amount": 0.15, "side": "sell", "timestamp": 1765496959738}, {"id": "2663798354", "price": 3236.4, "amount": 0.092, "side": "buy", "timestamp": 1765496960806}, {"id": "2663798355", "price": 3236.4, "amount": 0.091, "side": "buy", "timestamp": 1765496961118}, {"id": "2663798356", "price": 3236.39, "amount": 0.002, "side": "sell", "timestamp": 1765496961184}, {"id": "2663798357", "price": 3236.4, "amount": 0.007, "side": "buy", "timestamp": 1765496961409}, {"id": "2663798358", "price": 3236.39, "amount": 0.01, "side": "sell", "timestamp": 1765496961422}, {"id": "2663798359", "price": 3236.4, "amount": 0.247, "side": "buy", "timestamp": 1765496961536}, {"id": "2663798360", "price": 3236.4, "amount": 0.154, "side": "buy", "timestamp": 1765496962149}, {"id": "2663798361", "price": 3236.39, "amount": 0.1, "side": "sell", "timestamp": 1765496962542}, {"id": "2663798362", "price": 3236.4, "amount": 0.22, "side": "buy", "timestamp": 1765496962612}, {"id": "2663798363", "price": 3236.4, "amount": 0.007, "side": "buy", "timestamp": 1765496962782}, {"id": "2663798364", "price": 3236.4, "amount": 0.388, "side": "buy", "timestamp": 1765496962902}, {"id": "2663798365", "price": 3236.39, "amount": 3.35, "side": "sell", "timestamp": 1765496963953}, {"id": "2663798366", "price": 3236.38, "amount": 0.047, "side": "sell", "timestamp": 1765496963958}, {"id": "2663798367", "price": 3236.37, "amount": 0.011, "side": "sell", "timestamp": 1765496963959}, {"id": "2663798368", "price": 3236.35, "amount": 0.016, "side": "sell", "timestamp": 1765496963959}, {"id": "2663798369", "price": 3236.34, "amount": 0.008, "side": "sell", "timestamp": 1765496963959}, {"id": "2663798370", "price": 3236.33, "amount": 0.146, "side": "sell", "timestamp": 1765496963959}, {"id": "2663798371", "price": 3236.32, "amount": 0.507, "side": "sell", "timestamp": 1765496963959}, {"id": "2663798372", "price": 3236.31, "amount": 0.067, "side": "sell", "timestamp": 1765496963959}, {"id": "2663798373", "price": 3236.3, "amount": 1.954, "side": "sell", "timestamp": 1765496963959}, {"id": "2663798374", "price": 3236.29, "amount": 0.175, "side": "sell", "timestamp": 1765496963959}, {"id": "2663798375", "price": 3236.27, "amount": 0.177, "side": "sell", "timestamp": 1765496963959}, {"id": "2663798376", "price": 3236.25, "amount": 0.052, "side": "sell", "timestamp": 1765496963959}, {"id": "2663798377", "price": 3236.24, "amount": 0.008, "side": "sell", "timestamp": 1765496963959}, {"id": "2663798378", "price": 3236.23, "amount": 0.013, "side": "sell", "timestamp": 1765496963959}, {"id": "2663798379", "price": 3236.22, "amount": 0.027, "side": "sell", "timestamp": 1765496963964}, {"id": "2663798380", "price": 3236.21, "amount": 0.013, "side": "sell", "timestamp": 1765496963964}, {"id": "2663798381", "price": 3236.2, "amount": 2.469, "side": "sell", "timestamp": 1765496963973}, {"id": "2663798382", "price": 3236.19, "amount": 0.038, "side": "sell", "timestamp": 1765496963973}, {"id": "2663798383", "price": 3236.18, "amount": 2.819, "side": "sell", "timestamp": 1765496963982}, {"id": "2663798384", "price": 3236.17, "amount": 0.109, "side": "sell", "timestamp": 1765496963990}, {"id": "2663798385", "price": 3236.16, "amount": 0.013, "side": "sell", "timestamp": 1765496963990}, {"id": "2663798386", "price": 3236.15, "amount": 0.15, "side": "sell", "timestamp": 1765496963996}, {"id": "2663798387", "price": 3236.15, "amount": 0.03, "side": "sell", "timestamp": 1765496964437}, {"id": "2663798388", "price": 3236.16, "amount": 4.64, "side": "buy", "timestamp": 1765496964760}, {"id": "2663798389", "price": 3236.15, "amount": 0.079, "side": "sell", "timestamp": 1765496965217}, {"id": "2663798390", "price": 3236.16, "amount": 0.833, "side": "buy", "timestamp": 1765496965357}, {"id": "2663798391", "price": 3236.15, "amount": 0.016, "side": "sell", "timestamp": 1765496965632}, {"id": "2663798392", "price": 3236.16, "amount": 0.105, "side": "buy", "timestamp": 1765496966249}, {"id": "2663798393", "price": 3236.16, "amount": 0.063, "side": "buy", "timestamp": 1765496966394}, {"id": "2663798394", "price": 3236.15, "amount": 6.107, "side": "sell", "timestamp": 1765496966846}, {"id": "2663798395", "price": 3236.14, "amount": 0.016, "side": "sell", "timestamp": 1765496966846}, {"id": "2663798396", "price": 3236.12, "amount": 0.007, "side": "sell", "timestamp": 1765496966846}, {"id": "2663798397", "price": 3236.1, "amount": 4.226, "side": "sell", "timestamp": 1765496966846}, {"id": "2663798398", "price": 3236.1, "amount": 0.88, "side": "sell", "timestamp": 1765496966963}, {"id": "2663798399", "price": 3236.11, "amount": 2.899, "side": "buy", "timestamp": 1765496967319}, {"id": "2663798889", "price": 3236.56, "amount": 0.02, "side": "sell", "timestamp": 1765497017685}, {"id": "2663798890", "price": 3236.55, "amount": 0.971, "side": "sell", "timestamp": 1765497017685}, {"id": "2663798891", "price": 3236.54, "amount": 0.007, "side": "sell", "timestamp": 1765497017685}, {"id": "2663798892", "price": 3236.53, "amount": 0.059, "side": "sell", "timestamp": 1765497017685}, {"id": "2663798893", "price": 3236.52, "amount": 0.008, "side": "sell", "timestamp": 1765497017685}, {"id": "2663798894", "price": 3236.51, "amount": 0.01, "side": "sell", "timestamp": 1765497017685}, {"id": "2663798895", "price": 3236.5, "amount": 0.113, "side": "sell", "timestamp": 1765497017685}, {"id": "2663798896", "price": 3236.49, "amount": 1.32, "side": "sell", "timestamp": 1765497017685}, {"id": "2663798897", "price": 3236.48, "amount": 0.045, "side": "sell", "timestamp": 1765497017685}, {"id": "2663798898", "price": 3236.47, "amount": 0.013, "side": "sell", "timestamp": 1765497017685}, {"id": "2663798899", "price": 3236.46, "amount": 0.03, "side": "sell", "timestamp": 1765497017685}, {"id": "2663798900", "price": 3236.45, "amount": 55.593, "side": "sell", "timestamp": 1765497017798}, {"id": "2663798901", "price": 3236.44, "amount": 0.054, "side": "sell", "timestamp": 1765497017798}, {"id": "2663798902", "price": 3236.41, "amount": 0.008, "side": "sell", "timestamp": 1765497017798}, {"id": "2663798903", "price": 3236.4, "amount": 0.085, "side": "sell", "timestamp": 1765497017798}, {"id": "2663798904", "price": 3236.39, "amount": 0.017, "side": "sell", "timestamp": 1765497017802}, {"id": "2663798905", "price": 3236.38, "amount": 0.02, "side": "sell", "timestamp": 1765497017802}, {"id": "2663798906", "price": 3236.37, "amount": 0.013, "side": "sell", "timestamp": 1765497017802}, {"id": "2663798907", "price": 3236.36, "amount": 0.045, "side": "sell", "timestamp": 1765497017802}, {"id": "2663798908", "price": 3236.35, "amount": 0.007, "side": "sell", "timestamp": 1765497017802}, {"id": "2663798909", "price": 3236.34, "amount": 0.021, "side": "sell", "timestamp": 1765497017802}, {"id": "2663798910", "price": 3236.33, "amount": 0.007, "side": "sell", "timestamp": 1765497017802}, {"id": "2663798911", "price": 3236.31, "amount": 0.051, "side": "sell", "timestamp": 1765497017823}, {"id": "2663798912", "price": 3236.3, "amount": 0.114, "side": "sell", "timestamp": 1765497017823}, {"id": "2663798913", "price": 3236.27, "amount": 0.046, "side": "sell", "timestamp": 1765497017823}, {"id": "2663798914", "price": 3236.25, "amount": 0.015, "side": "sell", "timestamp": 1765497017823}, {"id": "2663798915", "price": 3236.24, "amount": 0.008, "side": "sell", "timestamp": 1765497017823}, {"id": "2663798916", "price": 3236.23, "amount": 0.038, "side": "sell", "timestamp": 1765497017823}, {"id": "2663798917", "price": 3236.2, "amount": 0.025, "side": "sell", "timestamp": 1765497017833}, {"id": "2663798918", "price": 3236.19, "amount": 0.048, "side": "sell", "timestamp": 1765497017833}, {"id": "2663798919", "price": 3236.18, "amount": 0.102, "side": "sell", "timestamp": 1765497017833}, {"id": "2663798920", "price": 3236.17, "amount": 0.007, "side": "sell", "timestamp": 1765497017833}, {"id": "2663798921", "price": 3236.16, "amount": 1.528, "side": "buy", "timestamp": 1765497017956}, {"id": "2663798922", "price": 3236.15, "amount": 1.0, "side": "sell", "timestamp": 1765497019073}, {"id": "2663798923", "price": 3236.16, "amount": 0.06, "side": "buy", "timestamp": 1765497019787}, {"id": "2663798924", "price": 3236.15, "amount": 0.15, "side": "sell", "timestamp": 1765497020038}, {"id": "2663798925", "price": 3236.16, "amount": 0.008, "side": "buy", "timestamp": 1765497020353}, {"id": "2663798926", "price": 3236.15, "amount": 35.137, "side": "sell", "timestamp": 1765497020440}, {"id": "2663798927", "price": 3236.14, "amount": 0.023, "side": "sell", "timestamp": 1765497020440}, {"id": "2663798928", "price": 3236.12, "amount": 0.038, "side": "sell", "timestamp": 1765497020442}, {"id": "2663798929", "price": 3236.1, "amount": 0.038, "side": "sell", "timestamp": 1765497020442}, {"id": "2663798930", "price": 3236.09, "amount": 0.015, "side": "sell", "timestamp": 1765497020443}, {"id": "2663798931", "price": 3236.08, "amount": 0.059, "side": "sell", "timestamp": 1765497020443}, {"id": "2663798932", "price": 3236.07, "amount": 0.007, "side": "sell", "timestamp": 1765497020443}, {"id": "2663798933", "price": 3236.06, "amount": 0.007, "side": "sell", "timestamp": 1765497020443}, {"id": "2663798934", "price": 3236.05, "amount": 0.015, "side": "sell", "timestamp": 1765497020443}, {"id": "2663798935", "price": 3236.04, "amount": 0.066, "side": "sell", "timestamp": 1765497020443}, {"id": "2663798936", "price": 3236.02, "amount": 0.02, "side": "sell", "timestamp": 1765497020443}, {"id": "2663798937", "price": 3236.01, "amount": 0.015, "side": "sell", "timestamp": 1765497020443}, {"id": "2663798938", "price": 3236.0, "amount": 0.978, "side": "sell", "timestamp": 1765497020449}, {"id": "2663799400", "price": 3237.84, "amount": 0.028, "side": "sell", "timestamp": 1765497061032}, {"id": "2663799401", "price": 3237.83, "amount": 3.365, "side": "sell", "timestamp": 1765497061032}, {"id": "2663799402", "price": 3237.82, "amount": 0.02, "side": "sell", "timestamp": 1765497061039}, {"id": "2663799403", "price": 3237.81, "amount": 0.036, "side": "sell", "timestamp": 1765497061039}, {"id": "2663799404", "price": 3237.8, "amount": 0.045, "side": "sell", "timestamp": 1765497061039}, {"id": "2663799405", "price": 3237.79, "amount": 0.048, "side": "sell", "timestamp": 1765497061039}, {"id": "2663799406", "price": 3237.8, "amount": 0.016, "side": "buy", "timestamp": 1765497061040}, {"id": "2663799407", "price": 3237.78, "amount": 0.096, "side": "sell", "timestamp": 1765497061065}, {"id": "2663799408", "price": 3237.75, "amount": 0.007, "side": "sell", "timestamp": 1765497061065}, {"id": "2663799409", "price": 3237.74, "amount": 0.066, "side": "sell", "timestamp": 1765497061065}, {"id": "2663799410", "price": 3237.71, "amount": 0.412, "side": "sell", "timestamp": 1765497061065}, {"id": "2663799411", "price": 3237.71, "amount": 0.811, "side": "buy", "timestamp": 1765497061301}, {"id": "2663799412", "price": 3237.7, "amount": 0.25, "side": "sell", "timestamp": 1765497061540}, {"id": "2663799413", "price": 3237.71, "amount": 0.81, "side": "buy", "timestamp": 1765497062228}, {"id": "2663799414", "price": 3237.71, "amount": 0.109, "side": "buy", "timestamp": 1765497062518}, {"id": "2663799415", "price": 3237.71, "amount": 0.042, "side": "buy", "timestamp": 1765497062916}, {"id": "2663799416", "price": 3237.71, "amount": 0.808, "side": "buy", "timestamp": 1765497063194}, {"id": "2663799417", "price": 3237.71, "amount": 0.052, "side": "buy", "timestamp": 1765497063609}, {"id": "2663799418", "price": 3237.71, "amount": 0.806, "side": "buy", "timestamp": 1765497064111}, {"id": "2663799419", "price": 3237.71, "amount": 1.0, "side": "buy", "timestamp": 1765497064318}, {"id": "2663799420", "price": 3237.71, "amount": 0.542, "side": "buy", "timestamp": 1765497064633}, {"id": "2663799421", "price": 3237.71, "amount": 0.015, "side": "buy", "timestamp": 1765497064737}, {"id": "2663799422", "price": 3237.71, "amount": 0.031, "side": "buy", "timestamp": 1765497064865}, {"id": "2663799423", "price": 3237.71, "amount": 0.816, "side": "buy", "timestamp": 1765497065034}, {"id": "2663799424", "price": 3237.71, "amount": 0.019, "side": "buy", "timestamp": 1765497065315}, {"id": "2663799425", "price": 3237.71, "amount": 0.007, "side": "buy", "timestamp": 1765497065579}, {"id": "2663799426", "price": 3237.71, "amount": 0.803, "side": "buy", "timestamp": 1765497066038}, {"id": "2663799427", "price": 3237.7, "amount": 2.0, "side": "sell", "timestamp": 1765497066714}, {"id": "2663799428", "price": 3237.71, "amount": 0.8, "side": "buy", "timestamp": 1765497066989}, {"id": "2663799429", "price": 3237.7, "amount": 0.693, "side": "sell", "timestamp": 1765497067069}, {"id": "2663799430", "price": 3237.71, "amount": 0.5, "side": "buy", "timestamp": 1765497067446}, {"id": "2663799431", "price": 3237.71, "amount": 0.798, "side": "buy", "timestamp": 1765497067959}, {"id": "2663799432", "price": 3237.7, "amount": 0.388, "side": "sell", "timestamp": 1765497068252}, {"id": "2663799433", "price": 3237.71, "amount": 0.138, "side": "buy", "timestamp": 1765497068261}, {"id": "2663799434", "price": 3237.7, "amount": 0.018, "side": "sell", "timestamp": 1765497068389}, {"id": "2663799435", "price": 3237.7, "amount": 0.092, "side": "sell", "timestamp": 1765497068589}, {"id": "2663799436", "price": 3237.71, "amount": 0.872, "side": "buy", "timestamp": 1765497068833}, {"id": "2663799437", "price": 3237.71, "amount": 2.0, "side": "buy", "timestamp": 1765497069292}, {"id": "2663799438", "price": 3237.71, "amount": 2.091, "side": "buy", "timestamp": 1765497069866}, {"id": "2663799439", "price": 3237.71, "amount": 0.965, "side": "buy", "timestamp": 1765497070470}, {"id": "2663799440", "price": 3237.7, "amount": 0.281, "side": "sell", "timestamp": 1765497070501}, {"id": "2663799441", "price": 3237.71, "amount": 0.794, "side": "buy", "timestamp": 1765497070917}, {"id": "2663799442", "price": 3237.7, "amount": 0.028, "side": "sell", "timestamp": 1765497071597}, {"id": "2663799443", "price": 3237.71, "amount": 0.004, "side": "buy", "timestamp": 1765497071604}, {"id": "2663799444", "price": 3237.71, "amount": 0.8, "side": "buy", "timestamp": 1765497071763}, {"id": "2663799445", "price": 3237.71, "amount": 0.792, "side": "buy", "timestamp": 1765497072027}, {"id": "2663799446", "price": 3237.71, "amount": 0.077, "side": "buy", "timestamp": 1765497072601}, {"id": "2663799447", "price": 3237.7, "amount": 0.392, "side": "sell", "timestamp": 1765497072782}, {"id": "2663799448", "price": 3237.71, "amount": 0.79, "side": "buy", "timestamp": 1765497073020}, {"id": "2663799449", "price": 3237.71, "amount": 0.1, "side": "buy", "timestamp": 1765497073200}, {"id": "2663800285", "price": 3240.56, "amount": 20.882, "side": "sell", "timestamp": 1765497117841}, {"id": "2663800286", "price": 3240.57, "amount": 0.802, "side": "buy", "timestamp": 1765497118678}, {"id": "2663800287", "price": 3240.57, "amount": 0.464, "side": "buy", "timestamp": 1765497118900}, {"id": "2663800288", "price": 3240.56, "amount": 0.019, "side": "sell", "timestamp": 1765497118955}, {"id": "2663800289", "price": 3240.57, "amount": 0.008, "side": "buy", "timestamp": 1765497119147}, {"id": "2663800290", "price": 3240.57, "amount": 24.146, "side": "buy", "timestamp": 1765497119556}, {"id": "2663800291", "price": 3240.58, "amount": 0.022, "side": "buy", "timestamp": 1765497119558}, {"id": "2663800292", "price": 3240.6, "amount": 0.064, "side": "buy", "timestamp": 1765497119558}, {"id": "2663800293", "price": 3240.61, "amount": 0.038, "side": "buy", "timestamp": 1765497119558}, {"id": "2663800294", "price": 3240.65, "amount": 0.096, "side": "buy", "timestamp": 1765497119563}, {"id": "2663800295", "price": 3240.67, "amount": 0.007, "side": "buy", "timestamp": 1765497119566}, {"id": "2663800296", "price": 3240.68, "amount": 0.013, "side": "buy", "timestamp": 1765497119566}, {"id": "2663800297", "price": 3240.69, "amount": 0.038, "side": "buy", "timestamp": 1765497119567}, {"id": "2663800298", "price": 3240.7, "amount": 0.008, "side": "buy", "timestamp": 1765497119567}, {"id": "2663800299", "price": 3240.71, "amount": 0.008, "side": "buy", "timestamp": 1765497119567}, {"id": "2663800300", "price": 3240.73, "amount": 0.046, "side": "buy", "timestamp": 1765497119567}, {"id": "2663800301", "price": 3240.75, "amount": 0.017, "side": "buy", "timestamp": 1765497119567}, {"id": "2663800302", "price": 3240.76, "amount": 1.78, "side": "buy", "timestamp": 1765497119596}, {"id": "2663800303", "price": 3240.77, "amount": 0.007, "side": "buy", "timestamp": 1765497119649}, {"id": "2663800304", "price": 3240.78, "amount": 0.038, "side": "buy", "timestamp": 1765497119649}, {"id": "2663800305", "price": 3240.79, "amount": 0.023, "side": "buy", "timestamp": 1765497119649}, {"id": "2663800306", "price": 3240.79, "amount": 0.165, "side": "buy", "timestamp": 1765497120477}, {"id": "2663800307", "price": 3240.78, "amount": 0.8, "side": "sell", "timestamp": 1765497120591}, {"id": "2663800308", "price": 3240.79, "amount": 1.109, "side": "buy", "timestamp": 1765497120757}, {"id": "2663800309", "price": 3240.8, "amount": 0.052, "side": "buy", "timestamp": 1765497120760}, {"id": "2663800310", "price": 3240.83, "amount": 0.008, "side": "buy", "timestamp": 1765497120760}, {"id": "2663800311", "price": 3240.84, "amount": 0.103, "side": "buy", "timestamp": 1765497120763}, {"id": "2663800312", "price": 3240.84, "amount": 0.019, "side": "sell", "timestamp": 1765497120962}, {"id": "2663800313", "price": 3240.84, "amount": 0.007, "side": "sell", "timestamp": 1765497121068}, {"id": "2663800314", "price": 3240.84, "amount": 0.007, "side": "sell", "timestamp": 1765497121502}, {"id": "2663800315", "price": 3240.85, "amount": 0.004, "side": "buy", "timestamp": 1765497121538}, {"id": "2663800316", "price": 3240.84, "amount": 0.308, "side": "sell", "timestamp": 1765497121586}, {"id": "2663800317", "price": 3240.85, "amount": 2.809, "side": "buy", "timestamp": 1765497121787}, {"id": "2663800318", "price": 3240.84, "amount": 0.261, "side": "sell", "timestamp": 1765497121851}, {"id": "2663800319", "price": 3240.84, "amount": 0.001, "side": "sell", "timestamp": 1765497122320}, {"id": "2663800320", "price": 3240.85, "amount": 0.833, "side": "buy", "timestamp": 1765497122744}, {"id": "2663800321", "price": 3240.85, "amount": 0.507, "side": "buy", "timestamp": 1765497123091}, {"id": "2663800322", "price": 3240.85, "amount": 1.133, "side": "buy", "timestamp": 1765497123531}, {"id": "2663800323", "price": 3240.85, "amount": 0.803, "side": "buy", "timestamp": 1765497123755}, {"id": "2663800324", "price": 3240.84, "amount": 0.084, "side": "sell", "timestamp": 1765497123762}, {"id": "2663800325", "price": 3240.85, "amount": 0.04, "side": "buy", "timestamp": 1765497123804}, {"id": "2663800326", "price": 3240.85, "amount": 1.763, "side": "buy", "timestamp": 1765497124584}, {"id": "2663800327", "price": 3240.85, "amount": 4.553, "side": "buy", "timestamp": 1765497124692}, {"id": "2663800328", "price": 3240.85, "amount": 3.913, "side": "buy", "timestamp": 1765497125296}, {"id": "2663800329", "price": 3240.84, "amount": 0.51, "side": "sell", "timestamp": 1765497125403}, {"id": "2663800330", "price": 3240.85, "amount": 0.803, "side": "buy", "timestamp": 1765497125706}, {"id": "2663800331", "price": 3240.85, "amount": 0.999, "side": "buy", "timestamp": 1765497126201}, {"id": "2663800332", "price": 3240.85, "amount": 0.108, "side": "buy", "timestamp": 1765497126495}, {"id": "2663800333", "price": 3240.84, "amount": 0.179, "side": "sell", "timestamp": 1765497126586}, {"id": "2663800334", "price": 3240.84, "amount": 0.019, "side": "sell", "timestamp": 1765497126702}, {"id": "2663800987", "price": 3237.22, "amount": 1.505, "side": "buy", "timestamp": 1765497176862}, {"id": "2663800988", "price": 3237.24, "amount": 0.014, "side": "buy", "timestamp": 1765497176865}, {"id": "2663800989", "price": 3237.26, "amount": 0.045, "side": "buy", "timestamp": 1765497176865}, {"id": "2663800990", "price": 3237.27, "amount": 0.007, "side": "buy", "timestamp": 1765497176865}, {"id": "2663800991", "price": 3237.28, "amount": 0.015, "side": "buy", "timestamp": 1765497176865}, {"id": "2663800992", "price": 3237.29, "amount": 0.014, "side": "buy", "timestamp": 1765497176865}, {"id": "2663800993", "price": 3237.3, "amount": 0.024, "side": "buy", "timestamp": 1765497176865}, {"id": "2663800994", "price": 3237.31, "amount": 2.71, "side": "buy", "timestamp": 1765497176867}, {"id": "2663800995", "price": 3237.32, "amount": 0.038, "side": "buy", "timestamp": 1765497176872}, {"id": "2663800996", "price": 3237.34, "amount": 0.02, "side": "buy", "timestamp": 1765497176872}, {"id": "2663800997", "price": 3237.35, "amount": 0.007, "side": "buy", "timestamp": 1765497176872}, {"id": "2663800998", "price": 3237.36, "amount": 0.038, "side": "buy", "timestamp": 1765497176872}, {"id": "2663800999", "price": 3237.37, "amount": 0.02, "side": "buy", "timestamp": 1765497176872}, {"id": "2663801000", "price": 3237.38, "amount": 0.417, "side": "buy", "timestamp": 1765497176872}, {"id": "2663801001", "price": 3237.4, "amount": 0.027, "side": "buy", "timestamp": 1765497176885}, {"id": "2663801002", "price": 3237.43, "amount": 0.038, "side": "buy", "timestamp": 1765497176888}, {"id": "2663801003", "price": 3237.44, "amount": 0.014, "side": "buy", "timestamp": 1765497176888}, {"id": "2663801004", "price": 3237.45, "amount": 0.007, "side": "buy", "timestamp": 1765497176888}, {"id": "2663801005", "price": 3237.46, "amount": 0.015, "side": "buy", "timestamp": 1765497176888}, {"id": "2663801006", "price": 3237.47, "amount": 0.038, "side": "buy", "timestamp": 1765497176888}, {"id": "2663801007", "price": 3237.48, "amount": 0.028, "side": "buy", "timestamp": 1765497176888}, {"id": "2663801008", "price": 3237.5, "amount": 0.015, "side": "buy", "timestamp": 1765497176888}, {"id": "2663801009", "price": 3237.51, "amount": 0.061, "side": "buy", "timestamp": 1765497176890}, {"id": "2663801010", "price": 3237.53, "amount": 0.008, "side": "buy", "timestamp": 1765497176890}, {"id": "2663801011", "price": 3237.55, "amount": 0.07, "side": "buy", "timestamp": 1765497177104}, {"id": "2663801012", "price": 3237.56, "amount": 0.007, "side": "buy", "timestamp": 1765497177104}, {"id": "2663801013", "price": 3237.57, "amount": 0.038, "side": "buy", "timestamp": 1765497177104}, {"id": "2663801014", "price": 3237.6, "amount": 0.501, "side": "buy", "timestamp": 1765497177111}, {"id": "2663801015", "price": 3237.59, "amount": 6.09, "side": "sell", "timestamp": 1765497177301}, {"id": "2663801016", "price": 3237.6, "amount": 0.968, "side": "buy", "timestamp": 1765497177370}, {"id": "2663801017", "price": 3237.61, "amount": 0.722, "side": "buy", "timestamp": 1765497177628}, {"id": "2663801018", "price": 3237.62, "amount": 0.007, "side": "buy", "timestamp": 1765497177631}, {"id": "2663801019", "price": 3237.63, "amount": 0.02, "side": "buy", "timestamp": 1765497177631}, {"id": "2663801020", "price": 3237.64, "amount": 0.308, "side": "buy", "timestamp": 1765497177631}, {"id": "2663801021", "price": 3237.65, "amount": 0.952, "side": "buy", "timestamp": 1765497177935}, {"id": "2663801022", "price": 3237.66, "amount": 0.02, "side": "buy", "timestamp": 1765497177935}, {"id": "2663801023", "price": 3237.67, "amount": 0.038, "side": "buy", "timestamp": 1765497177935}, {"id": "2663801024", "price": 3237.69, "amount": 0.007, "side": "buy", "timestamp": 1765497177937}, {"id": "2663801025", "price": 3237.7, "amount": 0.017, "side": "buy", "timestamp": 1765497177937}, {"id": "2663801026", "price": 3237.71, "amount": 0.099, "side": "buy", "timestamp": 1765497177937}, {"id": "2663801027", "price": 3237.72, "amount": 0.046, "side": "buy", "timestamp": 1765497177937}, {"id": "2663801028", "price": 3237.73, "amount": 0.024, "side": "buy", "timestamp": 1765497177938}, {"id": "2663801029", "price": 3237.74, "amount": 0.007, "side": "buy", "timestamp": 1765497177938}, {"id": "2663801030", "price": 3237.75, "amount": 0.023, "side": "buy", "timestamp": 1765497177938}, {"id": "2663801031", "price": 3237.76, "amount": 0.007, "side": "buy", "timestamp": 1765497177938}, {"id": "2663801032", "price": 3237.77, "amount": 0.02, "side": "buy", "timestamp": 1765497177938}, {"id": "2663801033", "price": 3237.77, "amount": 0.009, "side": "sell", "timestamp": 1765497178103}, {"id": "2663801034", "price": 3237.77, "amount": 0.662, "side": "sell", "timestamp": 1765497178498}, {"id": "2663801035", "price": 3237.78, "amount": 0.389, "side": "buy", "timestamp": 1765497179088}, {"id": "2663801036", "price": 3237.77, "amount": 0.416, "side": "sell", "timestamp": 1765497179671}, {"id": "2663801588", "price": 3235.1, "amount": 0.028, "side": "sell", "timestamp": 1765497223185}, {"id": "2663801589", "price": 3235.09, "amount": 0.013, "side": "sell", "timestamp": 1765497223185}, {"id": "2663801590", "price": 3235.08, "amount": 4.901, "side": "sell", "timestamp": 1765497223369}, {"id": "2663801591", "price": 3235.07, "amount": 0.047, "side": "sell", "timestamp": 1765497223369}, {"id": "2663801592", "price": 3235.05, "amount": 0.015, "side": "sell", "timestamp": 1765497223369}, {"id": "2663801593", "price": 3235.03, "amount": 0.051, "side": "sell", "timestamp": 1765497223369}, {"id": "2663801594", "price": 3235.02, "amount": 0.018, "side": "sell", "timestamp": 1765497223369}, {"id": "2663801595", "price": 3235.0, "amount": 0.658, "side": "sell", "timestamp": 1765497223422}, {"id": "2663801596", "price": 3235.01, "amount": 0.145, "side": "buy", "timestamp": 1765497223429}, {"id": "2663801597", "price": 3235.01, "amount": 0.015, "side": "buy", "timestamp": 1765497223697}, {"id": "2663801598", "price": 3235.0, "amount": 5.0, "side": "sell", "timestamp": 1765497224185}, {"id": "2663801599", "price": 3235.0, "amount": 0.562, "side": "sell", "timestamp": 1765497224571}, {"id": "2663801600", "price": 3235.0, "amount": 11.908, "side": "sell", "timestamp": 1765497225018}, {"id": "2663801601", "price": 3235.01, "amount": 0.543, "side": "buy", "timestamp": 1765497225109}, {"id": "2663801602", "price": 3235.01, "amount": 0.045, "side": "buy", "timestamp": 1765497225343}, {"id": "2663801603", "price": 3235.0, "amount": 0.661, "side": "sell", "timestamp": 1765497225564}, {"id": "2663801604", "price": 3235.0, "amount": 1.06, "side": "sell", "timestamp": 1765497225814}, {"id": "2663801605", "price": 3235.0, "amount": 0.03, "side": "sell", "timestamp": 1765497226022}, {"id": "2663801606", "price": 3235.0, "amount": 0.8, "side": "sell", "timestamp": 1765497226431}, {"id": "2663801607", "price": 3235.0, "amount": 0.486, "side": "sell", "timestamp": 1765497226566}, {"id": "2663801608", "price": 3235.0, "amount": 0.031, "side": "sell", "timestamp": 1765497226977}, {"id": "2663801609", "price": 3235.0, "amount": 1.0, "side": "sell", "timestamp": 1765497227251}, {"id": "2663801610", "price": 3235.0, "amount": 0.517, "side": "sell", "timestamp": 1765497227705}, {"id": "2663801611", "price": 3235.01, "amount": 0.07, "side": "buy", "timestamp": 1765497228063}, {"id": "2663801612", "price": 3235.0, "amount": 3.121, "side": "sell", "timestamp": 1765497228225}, {"id": "2663801613", "price": 3235.01, "amount": 12.431, "side": "buy", "timestamp": 1765497228493}, {"id": "2663801614", "price": 3235.0, "amount": 0.04, "side": "sell", "timestamp": 1765497228576}, {"id": "2663801615", "price": 3235.01, "amount": 1.545, "side": "buy", "timestamp": 1765497228768}, {"id": "2663801616", "price": 3235.0, "amount": 0.6, "side": "sell", "timestamp": 1765497228818}, {"id": "2663801617", "price": 3235.0, "amount": 5.0, "side": "sell", "timestamp": 1765497229262}, {"id": "2663801618", "price": 3235.0, "amount": 0.158, "side": "sell", "timestamp": 1765497229470}, {"id": "2663801619", "price": 3235.0, "amount": 0.603, "side": "sell", "timestamp": 1765497229985}, {"id": "2663801620", "price": 3235.01, "amount": 0.01, "side": "buy", "timestamp": 1765497230025}, {"id": "2663801621", "price": 3235.0, "amount": 4.0, "side": "sell", "timestamp": 1765497230261}, {"id": "2663801622", "price": 3235.0, "amount": 0.279, "side": "sell", "timestamp": 1765497230511}, {"id": "2663801623", "price": 3235.01, "amount": 0.502, "side": "buy", "timestamp": 1765497230818}, {"id": "2663801624", "price": 3235.01, "amount": 0.007, "side": "buy", "timestamp": 1765497231117}, {"id": "2663801625", "price": 3235.0, "amount": 0.522, "side": "sell", "timestamp": 1765497231190}, {"id": "2663801626", "price": 3235.0, "amount": 0.6, "side": "sell", "timestamp": 1765497231292}, {"id": "2663801627", "price": 3235.01, "amount": 0.081, "side": "buy", "timestamp": 1765497231459}, {"id": "2663801628", "price": 3235.01, "amount": 2.861, "side": "buy", "timestamp": 1765497231643}, {"id": "2663801629", "price": 3235.0, "amount": 0.207, "side": "sell", "timestamp": 1765497231724}, {"id": "2663801630", "price": 3235.01, "amount": 0.008, "side": "buy", "timestamp": 1765497231893}, {"id": "2663801631", "price": 3235.0, "amount": 0.787, "side": "sell", "timestamp": 1765497232059}, {"id": "2663801632", "price": 3235.0, "amount": 0.392, "side": "sell", "timestamp": 1765497232193}, {"id": "2663801633", "price": 3235.0, "amount": 0.012, "side": "sell", "timestamp": 1765497232564}, {"id": "2663801634", "price": 3235.0, "amount": 0.03, "side": "sell", "timestamp": 1765497232754}, {"id": "2663801635", "price": 3235.01, "amount": 0.023, "side": "buy", "timestamp": 1765497232990}, {"id": "2663801636", "price": 3235.0, "amount": 0.05, "side": "sell", "timestamp": 1765497233157}, {"id": "2663801637", "price": 3235.0, "amount": 0.443, "side": "sell", "timestamp": 1765497233319}, {"id": "2663802802", "price": 3231.9, "amount": 0.082, "side": "buy", "timestamp": 1765497278063}, {"id": "2663802803", "price": 3231.91, "amount": 0.1, "side": "buy", "timestamp": 1765497278063}, {"id": "2663802804", "price": 3231.92, "amount": 0.007, "side": "buy", "timestamp": 1765497278063}, {"id": "2663802805", "price": 3231.93, "amount": 0.038, "side": "buy", "timestamp": 1765497278063}, {"id": "2663802806", "price": 3231.94, "amount": 0.008, "side": "buy", "timestamp": 1765497278063}, {"id": "2663802807", "price": 3231.95, "amount": 0.026, "side": "buy", "timestamp": 1765497278069}, {"id": "2663802808", "price": 3231.97, "amount": 0.06, "side": "buy", "timestamp": 1765497278069}, {"id": "2663802809", "price": 3231.99, "amount": 0.013, "side": "buy", "timestamp": 1765497278069}, {"id": "2663802810", "price": 3232.0, "amount": 0.05, "side": "buy", "timestamp": 1765497278077}, {"id": "2663802811", "price": 3231.99, "amount": 2.978, "side": "sell", "timestamp": 1765497278724}, {"id": "2663802812", "price": 3232.0, "amount": 0.03, "side": "buy", "timestamp": 1765497278845}, {"id": "2663802813", "price": 3232.0, "amount": 1.542, "side": "buy", "timestamp": 1765497279026}, {"id": "2663802814", "price": 3232.0, "amount": 4.0, "side": "buy", "timestamp": 1765497279254}, {"id": "2663802815", "price": 3231.99, "amount": 4.838, "side": "sell", "timestamp": 1765497279469}, {"id": "2663802816", "price": 3231.99, "amount": 2.037, "side": "sell", "timestamp": 1765497279713}, {"id": "2663802817", "price": 3232.0, "amount": 0.224, "side": "buy", "timestamp": 1765497279988}, {"id": "2663802818", "price": 3232.0, "amount": 0.1, "side": "buy", "timestamp": 1765497280171}, {"id": "2663802819", "price": 3231.99, "amount": 1.654, "side": "sell", "timestamp": 1765497280334}, {"id": "2663802820", "price": 3231.99, "amount": 0.591, "side": "sell", "timestamp": 1765497280706}, {"id": "2663802821", "price": 3232.0, "amount": 0.078, "side": "buy", "timestamp": 1765497280898}, {"id": "2663802822", "price": 3232.0, "amount": 1.5, "side": "buy", "timestamp": 1765497281002}, {"id": "2663802823", "price": 3232.0, "amount": 10.014, "side": "buy", "timestamp": 1765497281598}, {"id": "2663802824", "price": 3232.01, "amount": 0.354, "side": "buy", "timestamp": 1765497281659}, {"id": "2663802825", "price": 3232.02, "amount": 0.258, "side": "buy", "timestamp": 1765497281663}, {"id": "2663802826", "price": 3232.04, "amount": 0.324, "side": "buy", "timestamp": 1765497281663}, {"id": "2663802827", "price": 3232.05, "amount": 0.241, "side": "buy", "timestamp": 1765497281672}, {"id": "2663802828", "price": 3232.06, "amount": 0.038, "side": "buy", "timestamp": 1765497281672}, {"id": "2663802829", "price": 3232.07, "amount": 0.007, "side": "buy", "timestamp": 1765497281672}, {"id": "2663802830", "price": 3232.08, "amount": 0.358, "side": "buy", "timestamp": 1765497281675}, {"id": "2663802831", "price": 3232.1, "amount": 0.12, "side": "buy", "timestamp": 1765497281678}, {"id": "2663802832", "price": 3232.11, "amount": 0.007, "side": "buy", "timestamp": 1765497281678}, {"id": "2663802833", "price": 3232.12, "amount": 0.02, "side": "buy", "timestamp": 1765497281678}, {"id": "2663802834", "price": 3232.15, "amount": 0.045, "side": "buy", "timestamp": 1765497281678}, {"id": "2663802835", "price": 3232.16, "amount": 0.008, "side": "buy", "timestamp": 1765497281678}, {"id": "2663802836", "price": 3232.18, "amount": 0.01, "side": "buy", "timestamp": 1765497281680}, {"id": "2663802837", "price": 3232.19, "amount": 0.017, "side": "buy", "timestamp": 1765497281680}, {"id": "2663802838", "price": 3232.2, "amount": 0.122, "side": "buy", "timestamp": 1765497281685}, {"id": "2663802839", "price": 3232.21, "amount": 0.099, "side": "buy", "timestamp": 1765497281753}, {"id": "2663802840", "price": 3232.21, "amount": 0.619, "side": "buy", "timestamp": 1765497281990}, {"id": "2663802841", "price": 3232.2, "amount": 0.01, "side": "sell", "timestamp": 1765497282218}, {"id": "2663802842", "price": 3232.2, "amount": 0.151, "side": "sell", "timestamp": 1765497282667}, {"id": "2663802843", "price": 3232.21, "amount": 1.081, "side": "buy", "timestamp": 1765497282876}, {"id": "2663802844", "price": 3232.22, "amount": 0.007, "side": "buy", "timestamp": 1765497282946}, {"id": "2663802845", "price": 3232.24, "amount": 0.154, "side": "buy", "timestamp": 1765497283928}, {"id": "2663802846", "price": 3232.24, "amount": 0.309, "side": "buy", "timestamp": 1765497284032}, {"id": "2663802847", "price": 3232.24, "amount": 0.007, "side": "buy", "timestamp": 1765497284243}, {"id": "2663802848", "price": 3232.23, "amount": 0.05, "side": "sell", "timestamp": 1765497284423}, {"id": "2663802849", "price": 3232.23, "amount": 0.593, "side": "sell", "timestamp": 1765497285326}, {"id": "2663802850", "price": 3232.23, "amount": 0.183, "side": "sell", "timestamp": 1765497285510}, {"id": "2663802851", "price": 3232.23, "amount": 0.104, "side": "sell", "timestamp": 1765497285724}, {"id": "2663803633", "price": 3234.38, "amount": 0.007, "side": "sell", "timestamp": 1765497335456}, {"id": "2663803634", "price": 3234.38, "amount": 0.247, "side": "buy", "timestamp": 1765497336527}, {"id": "2663803635", "price": 3234.37, "amount": 0.628, "side": "sell", "timestamp": 1765497336550}, {"id": "2663803636", "price": 3234.36, "amount": 0.047, "side": "sell", "timestamp": 1765497336550}, {"id": "2663803637", "price": 3234.34, "amount": 0.007, "side": "sell", "timestamp": 1765497336554}, {"id": "2663803638", "price": 3234.33, "amount": 0.007, "side": "sell", "timestamp": 1765497336554}, {"id": "2663803639", "price": 3234.32, "amount": 0.038, "side": "sell", "timestamp": 1765497336554}, {"id": "2663803640", "price": 3234.31, "amount": 0.007, "side": "sell", "timestamp": 1765497336554}, {"id": "2663803641", "price": 3234.3, "amount": 0.029, "side": "sell", "timestamp": 1765497336554}, {"id": "2663803642", "price": 3234.29, "amount": 0.02, "side": "sell", "timestamp": 1765497336554}, {"id": "2663803643", "price": 3234.28, "amount": 0.053, "side": "sell", "timestamp": 1765497336554}, {"id": "2663803644", "price": 3234.26, "amount": 0.007, "side": "sell", "timestamp": 1765497336554}, {"id": "2663803645", "price": 3234.25, "amount": 0.03, "side": "sell", "timestamp": 1765497336554}, {"id": "2663803646", "price": 3234.24, "amount": 0.013, "side": "sell", "timestamp": 1765497336554}, {"id": "2663803647", "price": 3234.23, "amount": 0.045, "side": "sell", "timestamp": 1765497336554}, {"id": "2663803648", "price": 3234.22, "amount": 0.021, "side": "sell", "timestamp": 1765497336554}, {"id": "2663803649", "price": 3234.2, "amount": 3.211, "side": "sell", "timestamp": 1765497336631}, {"id": "2663803650", "price": 3234.19, "amount": 0.177, "side": "sell", "timestamp": 1765497336631}, {"id": "2663803651", "price": 3234.18, "amount": 0.012, "side": "sell", "timestamp": 1765497336631}, {"id": "2663803652", "price": 3234.15, "amount": 0.045, "side": "sell", "timestamp": 1765497336637}, {"id": "2663803653", "price": 3234.13, "amount": 0.008, "side": "sell", "timestamp": 1765497336637}, {"id": "2663803654", "price": 3234.11, "amount": 0.047, "side": "sell", "timestamp": 1765497336637}, {"id": "2663803655", "price": 3234.1, "amount": 0.015, "side": "sell", "timestamp": 1765497336637}, {"id": "2663803656", "price": 3234.08, "amount": 0.015, "side": "sell", "timestamp": 1765497336637}, {"id": "2663803657", "price": 3234.07, "amount": 0.008, "side": "sell", "timestamp": 1765497336637}, {"id": "2663803658", "price": 3234.05, "amount": 0.009, "side": "sell", "timestamp": 1765497336637}, {"id": "2663803659", "price": 3234.04, "amount": 0.097, "side": "sell", "timestamp": 1765497336637}, {"id": "2663803660", "price": 3234.02, "amount": 0.075, "side": "sell", "timestamp": 1765497336637}, {"id": "2663803661", "price": 3234.01, "amount": 0.021, "side": "sell", "timestamp": 1765497336637}, {"id": "2663803662", "price": 3234.0, "amount": 0.072, "side": "sell", "timestamp": 1765497337612}, {"id": "2663803663", "price": 3234.0, "amount": 0.161, "side": "sell", "timestamp": 1765497337747}, {"id": "2663803664", "price": 3234.01, "amount": 0.5, "side": "buy", "timestamp": 1765497337967}, {"id": "2663803665", "price": 3234.0, "amount": 0.1, "side": "sell", "timestamp": 1765497338626}, {"id": "2663803666", "price": 3234.0, "amount": 0.011, "side": "sell", "timestamp": 1765497339076}, {"id": "2663803667", "price": 3234.0, "amount": 0.154, "side": "sell", "timestamp": 1765497339770}, {"id": "2663803668", "price": 3234.01, "amount": 0.154, "side": "buy", "timestamp": 1765497340332}, {"id": "2663803669", "price": 3234.01, "amount": 11.498, "side": "buy", "timestamp": 1765497341175}, {"id": "2663803670", "price": 3234.02, "amount": 0.007, "side": "buy", "timestamp": 1765497341175}, {"id": "2663803671", "price": 3234.05, "amount": 0.038, "side": "buy", "timestamp": 1765497341175}, {"id": "2663803672", "price": 3234.06, "amount": 1.202, "side": "buy", "timestamp": 1765497341175}, {"id": "2663803673", "price": 3234.09, "amount": 0.021, "side": "buy", "timestamp": 1765497341175}, {"id": "2663803674", "price": 3234.11, "amount": 0.038, "side": "buy", "timestamp": 1765497341175}, {"id": "2663803675", "price": 3234.12, "amount": 0.027, "side": "buy", "timestamp": 1765497341181}, {"id": "2663803676", "price": 3234.14, "amount": 0.007, "side": "buy", "timestamp": 1765497341181}, {"id": "2663803677", "price": 3234.15, "amount": 0.015, "side": "buy", "timestamp": 1765497341181}, {"id": "2663803678", "price": 3234.17, "amount": 0.045, "side": "buy", "timestamp": 1765497341181}, {"id": "2663803679", "price": 3234.18, "amount": 0.008, "side": "buy", "timestamp": 1765497341181}, {"id": "2663803680", "price": 3234.19, "amount": 0.007, "side": "buy", "timestamp": 1765497341181}, {"id": "2663803681", "price": 3234.2, "amount": 0.007, "side": "buy", "timestamp": 1765497341181}, {"id": "2663803682", "price": 3234.21, "amount": 0.055, "side": "buy", "timestamp": 1765497341181}, {"id": "2663804096", "price": 3235.72, "amount": 0.331, "side": "buy", "timestamp": 1765497391033}, {"id": "2663804097", "price": 3235.73, "amount": 0.007, "side": "buy", "timestamp": 1765497391033}, {"id": "2663804098", "price": 3235.74, "amount": 0.402, "side": "buy", "timestamp": 1765497391033}, {"id": "2663804099", "price": 3235.75, "amount": 0.011, "side": "buy", "timestamp": 1765497391033}, {"id": "2663804100", "price": 3235.76, "amount": 0.066, "side": "buy", "timestamp": 1765497391033}, {"id": "2663804101", "price": 3235.77, "amount": 0.013, "side": "buy", "timestamp": 1765497391033}, {"id": "2663804102", "price": 3235.78, "amount": 0.007, "side": "buy", "timestamp": 1765497391033}, {"id": "2663804103", "price": 3235.79, "amount": 0.596, "side": "buy", "timestamp": 1765497391036}, {"id": "2663804104", "price": 3235.8, "amount": 1.098, "side": "buy", "timestamp": 1765497391036}, {"id": "2663804105", "price": 3235.81, "amount": 1.4, "side": "buy", "timestamp": 1765497391036}, {"id": "2663804106", "price": 3235.82, "amount": 1.935, "side": "buy", "timestamp": 1765497391036}, {"id": "2663804107", "price": 3235.83, "amount": 0.027, "side": "buy", "timestamp": 1765497391091}, {"id": "2663804108", "price": 3235.84, "amount": 0.046, "side": "buy", "timestamp": 1765497391091}, {"id": "2663804109", "price": 3235.85, "amount": 0.027, "side": "buy", "timestamp": 1765497391091}, {"id": "2663804110", "price": 3235.86, "amount": 0.02, "side": "buy", "timestamp": 1765497391091}, {"id": "2663804111", "price": 3235.87, "amount": 0.492, "side": "buy", "timestamp": 1765497391091}, {"id": "2663804112", "price": 3235.88, "amount": 0.046, "side": "buy", "timestamp": 1765497391091}, {"id": "2663804113", "price": 3235.88, "amount": 0.047, "side": "sell", "timestamp": 1765497391151}, {"id": "2663804114", "price": 3235.89, "amount": 2.509, "side": "buy", "timestamp": 1765497391230}, {"id": "2663804115", "price": 3235.89, "amount": 0.13, "side": "buy", "timestamp": 1765497391437}, {"id": "2663804116", "price": 3235.9, "amount": 0.431, "side": "buy", "timestamp": 1765497391470}, {"id": "2663804117", "price": 3235.91, "amount": 0.007, "side": "buy", "timestamp": 1765497391484}, {"id": "2663804118", "price": 3235.93, "amount": 0.038, "side": "buy", "timestamp": 1765497391485}, {"id": "2663804119", "price": 3235.95, "amount": 0.262, "side": "buy", "timestamp": 1765497391485}, {"id": "2663804120", "price": 3235.96, "amount": 0.008, "side": "buy", "timestamp": 1765497391485}, {"id": "2663804121", "price": 3235.97, "amount": 0.034, "side": "buy", "timestamp": 1765497391485}, {"id": "2663804122", "price": 3235.98, "amount": 0.008, "side": "buy", "timestamp": 1765497391485}, {"id": "2663804123", "price": 3236.0, "amount": 0.248, "side": "buy", "timestamp": 1765497391498}, {"id": "2663804124", "price": 3236.01, "amount": 0.013, "side": "buy", "timestamp": 1765497391498}, {"id": "2663804125", "price": 3236.03, "amount": 0.061, "side": "buy", "timestamp": 1765497391498}, {"id": "2663804126", "price": 3236.04, "amount": 0.038, "side": "buy", "timestamp": 1765497391498}, {"id": "2663804127", "price": 3236.05, "amount": 0.018, "side": "buy", "timestamp": 1765497391498}, {"id": "2663804128", "price": 3236.05, "amount": 0.01, "side": "sell", "timestamp": 1765497391757}, {"id": "2663804129", "price": 3236.05, "amount": 0.32, "side": "sell", "timestamp": 1765497393542}, {"id": "2663804130", "price": 3236.06, "amount": 0.04, "side": "buy", "timestamp": 1765497393670}, {"id": "2663804131", "price": 3236.05, "amount": 32.71, "side": "sell", "timestamp": 1765497393899}, {"id": "2663804132", "price": 3236.04, "amount": 0.031, "side": "sell", "timestamp": 1765497393966}, {"id": "2663804133", "price": 3236.03, "amount": 0.309, "side": "sell", "timestamp": 1765497393966}, {"id": "2663804134", "price": 3236.01, "amount": 0.154, "side": "sell", "timestamp": 1765497393966}, {"id": "2663804135", "price": 3236.0, "amount": 0.349, "side": "sell", "timestamp": 1765497393966}, {"id": "2663804136", "price": 3235.99, "amount": 0.108, "side": "sell", "timestamp": 1765497393966}, {"id": "2663804137", "price": 3235.98, "amount": 0.309, "side": "sell", "timestamp": 1765497393966}, {"id": "2663804138", "price": 3235.97, "amount": 0.021, "side": "sell", "timestamp": 1765497393966}, {"id": "2663804139", "price": 3235.95, "amount": 0.016, "side": "sell", "timestamp": 1765497393966}, {"id": "2663804140", "price": 3235.94, "amount": 0.021, "side": "sell", "timestamp": 1765497393966}, {"id": "2663804141", "price": 3235.92, "amount": 0.046, "side": "sell", "timestamp": 1765497393966}, {"id": "2663804142", "price": 3235.91, "amount": 0.021, "side": "sell", "timestamp": 1765497393966}, {"id": "2663804143", "price": 3235.9, "amount": 3.273, "side": "sell", "timestamp": 1765497393966}, {"id": "2663804144", "price": 3235.89, "amount": 4.997, "side": "sell", "timestamp": 1765497393966}, {"id": "2663804145", "price": 3235.9, "amount": 9.27, "side": "buy", "timestamp": 1765497394503}, {"id": "2663804595", "price": 3235.0, "amount": 3.93, "side": "sell", "timestamp": 1765497444249}, {"id": "2663804596", "price": 3234.99, "amount": 0.047, "side": "sell", "timestamp": 1765497444250}, {"id": "2663804597", "price": 3234.97, "amount": 0.075, "side": "sell", "timestamp": 1765497444251}, {"id": "2663804598", "price": 3234.95, "amount": 0.038, "side": "sell", "timestamp": 1765497444253}, {"id": "2663804599", "price": 3234.94, "amount": 0.007, "side": "sell", "timestamp": 1765497444253}, {"id": "2663804600", "price": 3234.93, "amount": 0.138, "side": "sell", "timestamp": 1765497444253}, {"id": "2663804601", "price": 3234.92, "amount": 0.008, "side": "sell", "timestamp": 1765497444253}, {"id": "2663804602", "price": 3234.91, "amount": 0.038, "side": "sell", "timestamp": 1765497444259}, {"id": "2663804603", "price": 3234.9, "amount": 0.044, "side": "sell", "timestamp": 1765497444259}, {"id": "2663804604", "price": 3234.88, "amount": 0.058, "side": "sell", "timestamp": 1765497444266}, {"id": "2663804605", "price": 3234.87, "amount": 0.038, "side": "sell", "timestamp": 1765497444266}, {"id": "2663804606", "price": 3234.86, "amount": 0.01, "side": "sell", "timestamp": 1765497444266}, {"id": "2663804607", "price": 3234.84, "amount": 0.103, "side": "sell", "timestamp": 1765497444266}, {"id": "2663804608", "price": 3234.82, "amount": 0.008, "side": "sell", "timestamp": 1765497444266}, {"id": "2663804609", "price": 3234.81, "amount": 0.086, "side": "sell", "timestamp": 1765497444266}, {"id": "2663804610", "price": 3234.81, "amount": 1.589, "side": "buy", "timestamp": 1765497444302}, {"id": "2663804611", "price": 3234.8, "amount": 0.01, "side": "sell", "timestamp": 1765497444919}, {"id": "2663804612", "price": 3234.8, "amount": 0.719, "side": "sell", "timestamp": 1765497445223}, {"id": "2663804613", "price": 3234.79, "amount": 0.009, "side": "sell", "timestamp": 1765497445223}, {"id": "2663804614", "price": 3234.77, "amount": 0.086, "side": "sell", "timestamp": 1765497445223}, {"id": "2663804615", "price": 3234.76, "amount": 0.022, "side": "sell", "timestamp": 1765497445223}, {"id": "2663804616", "price": 3234.75, "amount": 0.182, "side": "sell", "timestamp": 1765497445223}, {"id": "2663804617", "price": 3234.74, "amount": 0.008, "side": "sell", "timestamp": 1765497445223}, {"id": "2663804618", "price": 3234.72, "amount": 0.066, "side": "sell", "timestamp": 1765497445223}, {"id": "2663804619", "price": 3234.7, "amount": 0.347, "side": "sell", "timestamp": 1765497445223}, {"id": "2663804620", "price": 3234.69, "amount": 0.021, "side": "sell", "timestamp": 1765497445223}, {"id": "2663804621", "price": 3234.68, "amount": 0.007, "side": "sell", "timestamp": 1765497445223}, {"id": "2663804622", "price": 3234.67, "amount": 0.038, "side": "sell", "timestamp": 1765497445223}, {"id": "2663804623", "price": 3234.66, "amount": 0.325, "side": "sell", "timestamp": 1765497445223}, {"id": "2663804624", "price": 3234.64, "amount": 0.522, "side": "sell", "timestamp": 1765497445223}, {"id": "2663804625", "price": 3234.63, "amount": 0.054, "side": "sell", "timestamp": 1765497445223}, {"id": "2663804626", "price": 3234.62, "amount": 0.013, "side": "sell", "timestamp": 1765497445223}, {"id": "2663804627", "price": 3234.6, "amount": 1.21, "side": "sell", "timestamp": 1765497445223}, {"id": "2663804628", "price": 3234.59, "amount": 0.073, "side": "sell", "timestamp": 1765497445223}, {"id": "2663804629", "price": 3234.56, "amount": 0.182, "side": "sell", "timestamp": 1765497445223}, {"id": "2663804630", "price": 3234.55, "amount": 0.038, "side": "sell", "timestamp": 1765497445223}, {"id": "2663804631", "price": 3234.54, "amount": 0.094, "side": "sell", "timestamp": 1765497445223}, {"id": "2663804632", "price": 3234.53, "amount": 0.021, "side": "sell", "timestamp": 1765497445223}, {"id": "2663804633", "price": 3234.52, "amount": 0.007, "side": "sell", "timestamp": 1765497445223}, {"id": "2663804634", "price": 3234.51, "amount": 0.103, "side": "sell", "timestamp": 1765497445223}, {"id": "2663804635", "price": 3234.5, "amount": 0.098, "side": "sell", "timestamp": 1765497445257}, {"id": "2663804636", "price": 3234.51, "amount": 0.017, "side": "buy", "timestamp": 1765497445636}, {"id": "2663804637", "price": 3234.51, "amount": 0.099, "side": "buy", "timestamp": 1765497445759}, {"id": "2663804638", "price": 3234.51, "amount": 0.351, "side": "buy", "timestamp": 1765497445896}, {"id": "2663804639", "price": 3234.51, "amount": 0.009, "side": "buy", "timestamp": 1765497446134}, {"id": "2663804640", "price": 3234.51, "amount": 0.297, "side": "buy", "timestamp": 1765497446654}, {"id": "2663804641", "price": 3234.51, "amount": 0.8, "side": "buy", "timestamp": 1765497446817}, {"id": "2663804642", "price": 3234.5, "amount": 0.05, "side": "sell", "timestamp": 1765497447104}, {"id": "2663804643", "price": 3234.5, "amount": 0.031, "side": "sell", "timestamp": 1765497447464}, {"id": "2663804644", "price": 3234.51, "amount": 0.017, "side": "buy", "timestamp": 1765497447637}, {"id": "2663805120", "price": 3235.44, "amount": 0.072, "side": "buy", "timestamp": 1765497487886}, {"id": "2663805121", "price": 3235.44, "amount": 0.618, "side": "buy", "timestamp": 1765497488038}, {"id": "2663805122", "price": 3235.44, "amount": 0.03, "side": "buy", "timestamp": 1765497488268}, {"id": "2663805123", "price": 3235.44, "amount": 0.135, "side": "buy", "timestamp": 1765497489484}, {"id": "2663805124", "price": 3235.44, "amount": 0.052, "side": "buy", "timestamp": 1765497489798}, {"id": "2663805125", "price": 3235.43, "amount": 1.542, "side": "sell", "timestamp": 1765497489952}, {"id": "2663805126", "price": 3235.44, "amount": 0.065, "side": "buy", "timestamp": 1765497490334}, {"id": "2663805127", "price": 3235.44, "amount": 5.442, "side": "buy", "timestamp": 1765497490619}, {"id": "2663805128", "price": 3235.43, "amount": 0.841, "side": "sell", "timestamp": 1765497490655}, {"id": "2663805129", "price": 3235.43, "amount": 0.004, "side": "sell", "timestamp": 1765497491724}, {"id": "2663805130", "price": 3235.43, "amount": 0.015, "side": "sell", "timestamp": 1765497491933}, {"id": "2663805131", "price": 3235.43, "amount": 0.046, "side": "sell", "timestamp": 1765497492566}, {"id": "2663805132", "price": 3235.43, "amount": 0.044, "side": "sell", "timestamp": 1765497492744}, {"id": "2663805133", "price": 3235.44, "amount": 0.8, "side": "buy", "timestamp": 1765497492893}, {"id": "2663805134", "price": 3235.43, "amount": 0.176, "side": "sell", "timestamp": 1765497493076}, {"id": "2663805135", "price": 3235.43, "amount": 0.063, "side": "sell", "timestamp": 1765497493189}, {"id": "2663805136", "price": 3235.43, "amount": 0.02, "side": "sell", "timestamp": 1765497493310}, {"id": "2663805137", "price": 3235.44, "amount": 1.819, "side": "buy", "timestamp": 1765497493731}, {"id": "2663805138", "price": 3235.44, "amount": 0.3, "side": "buy", "timestamp": 1765497493935}, {"id": "2663805139", "price": 3235.44, "amount": 0.007, "side": "buy", "timestamp": 1765497494479}, {"id": "2663805140", "price": 3235.43, "amount": 34.952, "side": "sell", "timestamp": 1765497494698}, {"id": "2663805141", "price": 3235.42, "amount": 0.023, "side": "sell", "timestamp": 1765497494711}, {"id": "2663805142", "price": 3235.41, "amount": 0.007, "side": "sell", "timestamp": 1765497494713}, {"id": "2663805143", "price": 3235.4, "amount": 0.015, "side": "sell", "timestamp": 1765497494713}, {"id": "2663805144", "price": 3235.39, "amount": 1.243, "side": "sell", "timestamp": 1765497494713}, {"id": "2663805145", "price": 3235.38, "amount": 0.007, "side": "sell", "timestamp": 1765497494714}, {"id": "2663805146", "price": 3235.37, "amount": 0.038, "side": "sell", "timestamp": 1765497494720}, {"id": "2663805147", "price": 3235.36, "amount": 0.007, "side": "sell", "timestamp": 1765497494720}, {"id": "2663805148", "price": 3235.35, "amount": 0.035, "side": "sell", "timestamp": 1765497494720}, {"id": "2663805149", "price": 3235.33, "amount": 0.067, "side": "sell", "timestamp": 1765497494741}, {"id": "2663805150", "price": 3235.32, "amount": 0.176, "side": "sell", "timestamp": 1765497494741}, {"id": "2663805151", "price": 3235.31, "amount": 0.03, "side": "sell", "timestamp": 1765497494796}, {"id": "2663805152", "price": 3235.32, "amount": 0.453, "side": "buy", "timestamp": 1765497494803}, {"id": "2663805153", "price": 3235.31, "amount": 0.123, "side": "sell", "timestamp": 1765497495164}, {"id": "2663805154", "price": 3235.31, "amount": 0.011, "side": "sell", "timestamp": 1765497495501}, {"id": "2663805155", "price": 3235.32, "amount": 0.9, "side": "buy", "timestamp": 1765497496163}, {"id": "2663805156", "price": 3235.31, "amount": 2.798, "side": "sell", "timestamp": 1765497496975}, {"id": "2663805157", "price": 3235.3, "amount": 1.109, "side": "sell", "timestamp": 1765497497070}, {"id": "2663805158", "price": 3235.31, "amount": 0.169, "side": "buy", "timestamp": 1765497497226}, {"id": "2663805159", "price": 3235.31, "amount": 0.2, "side": "buy", "timestamp": 1765497497345}, {"id": "2663805160", "price": 3235.3, "amount": 0.363, "side": "sell", "timestamp": 1765497498281}, {"id": "2663805161", "price": 3235.31, "amount": 0.028, "side": "buy", "timestamp": 1765497498531}, {"id": "2663805162", "price": 3235.31, "amount": 1.784, "side": "buy", "timestamp": 1765497499160}, {"id": "2663805163", "price": 3235.3, "amount": 4.816, "side": "sell", "timestamp": 1765497499980}, {"id": "2663805164", "price": 3235.31, "amount": 1.5, "side": "buy", "timestamp": 1765497500028}, {"id": "2663805165", "price": 3235.3, "amount": 0.178, "side": "sell", "timestamp": 1765497500255}, {"id": "2663805166", "price": 3235.31, "amount": 0.185, "side": "buy", "timestamp": 1765497500444}, {"id": "2663805167", "price": 3235.3, "amount": 0.465, "side": "sell", "timestamp": 1765497500460}, {"id": "2663805168", "price": 3235.31, "amount": 4.4, "side": "buy", "timestamp": 1765497500927}, {"id": "2663805169", "price": 3235.3, "amount": 0.05, "side": "sell", "timestamp": 1765497501282}, {"id": "2663805629", "price": 3235.85, "amount": 0.603, "side": "buy", "timestamp": 1765497548272}, {"id": "2663805630", "price": 3235.83, "amount": 13.674, "side": "sell", "timestamp": 1765497548273}, {"id": "2663805631", "price": 3235.84, "amount": 147.477, "side": "sell", "timestamp": 1765497548293}, {"id": "2663805632", "price": 3235.83, "amount": 5.401, "side": "sell", "timestamp": 1765497548301}, {"id": "2663805633", "price": 3235.82, "amount": 0.009, "side": "sell", "timestamp": 1765497548372}, {"id": "2663805634", "price": 3235.8, "amount": 0.014, "side": "sell", "timestamp": 1765497548372}, {"id": "2663805635", "price": 3235.79, "amount": 0.038, "side": "sell", "timestamp": 1765497548372}, {"id": "2663805636", "price": 3235.76, "amount": 0.021, "side": "sell", "timestamp": 1765497548372}, {"id": "2663805637", "price": 3235.74, "amount": 0.038, "side": "sell", "timestamp": 1765497548372}, {"id": "2663805638", "price": 3235.73, "amount": 0.021, "side": "sell", "timestamp": 1765497548372}, {"id": "2663805639", "price": 3235.71, "amount": 0.007, "side": "sell", "timestamp": 1765497548372}, {"id": "2663805640", "price": 3235.7, "amount": 0.008, "side": "sell", "timestamp": 1765497548372}, {"id": "2663805641", "price": 3235.69, "amount": 0.051, "side": "sell", "timestamp": 1765497548372}, {"id": "2663805642", "price": 3235.68, "amount": 0.008, "side": "sell", "timestamp": 1765497548372}, {"id": "2663805643", "price": 3235.67, "amount": 0.015, "side": "sell", "timestamp": 1765497548372}, {"id": "2663805644", "price": 3235.66, "amount": 0.013, "side": "sell", "timestamp": 1765497548372}, {"id": "2663805645", "price": 3235.65, "amount": 0.045, "side": "sell", "timestamp": 1765497548372}, {"id": "2663805646", "price": 3235.64, "amount": 2.624, "side": "sell", "timestamp": 1765497548620}, {"id": "2663805647", "price": 3235.65, "amount": 0.269, "side": "buy", "timestamp": 1765497548681}, {"id": "2663805648", "price": 3235.65, "amount": 1.0, "side": "buy", "timestamp": 1765497549438}, {"id": "2663805649", "price": 3235.65, "amount": 0.009, "side": "buy", "timestamp": 1765497549736}, {"id": "2663805650", "price": 3235.65, "amount": 0.016, "side": "buy", "timestamp": 1765497550022}, {"id": "2663805651", "price": 3235.64, "amount": 0.867, "side": "sell", "timestamp": 1765497550028}, {"id": "2663805652", "price": 3235.65, "amount": 0.567, "side": "buy", "timestamp": 1765497550188}, {"id": "2663805653", "price": 3235.65, "amount": 10.28, "side": "buy", "timestamp": 1765497550420}, {"id": "2663805654", "price": 3235.64, "amount": 7.825, "side": "sell", "timestamp": 1765497551963}, {"id": "2663805655", "price": 3235.63, "amount": 0.009, "side": "sell", "timestamp": 1765497551963}, {"id": "2663805656", "price": 3235.61, "amount": 0.038, "side": "sell", "timestamp": 1765497551963}, {"id": "2663805657", "price": 3235.6, "amount": 1.264, "side": "sell", "timestamp": 1765497551963}, {"id": "2663805658", "price": 3235.57, "amount": 0.045, "side": "sell", "timestamp": 1765497551968}, {"id": "2663805659", "price": 3235.56, "amount": 0.013, "side": "sell", "timestamp": 1765497551968}, {"id": "2663805660", "price": 3235.55, "amount": 0.015, "side": "sell", "timestamp": 1765497551968}, {"id": "2663805661", "price": 3235.54, "amount": 0.02, "side": "sell", "timestamp": 1765497551975}, {"id": "2663805662", "price": 3235.53, "amount": 0.038, "side": "sell", "timestamp": 1765497551975}, {"id": "2663805663", "price": 3235.52, "amount": 0.015, "side": "sell", "timestamp": 1765497551975}, {"id": "2663805664", "price": 3235.51, "amount": 0.007, "side": "sell", "timestamp": 1765497551975}, {"id": "2663805665", "price": 3235.5, "amount": 0.007, "side": "sell", "timestamp": 1765497551981}, {"id": "2663805666", "price": 3235.49, "amount": 0.045, "side": "sell", "timestamp": 1765497551981}, {"id": "2663805667", "price": 3235.48, "amount": 0.007, "side": "sell", "timestamp": 1765497551985}, {"id": "2663805668", "price": 3235.46, "amount": 0.014, "side": "sell", "timestamp": 1765497551985}, {"id": "2663805669", "price": 3235.44, "amount": 0.964, "side": "sell", "timestamp": 1765497551989}, {"id": "2663805670", "price": 3235.45, "amount": 0.038, "side": "buy", "timestamp": 1765497552012}, {"id": "2663805671", "price": 3235.44, "amount": 0.092, "side": "sell", "timestamp": 1765497552284}, {"id": "2663805672", "price": 3235.45, "amount": 35.011, "side": "buy", "timestamp": 1765497553010}, {"id": "2663805673", "price": 3235.44, "amount": 0.03, "side": "sell", "timestamp": 1765497553064}, {"id": "2663805674", "price": 3235.45, "amount": 0.093, "side": "buy", "timestamp": 1765497553233}, {"id": "2663805675", "price": 3235.45, "amount": 0.8, "side": "buy", "timestamp": 1765497553974}, {"id": "2663805676", "price": 3235.44, "amount": 0.007, "side": "sell", "timestamp": 1765497554003}