[{"id": "977683947", "price": 0.13927, "amount": 48.0, "side": "buy", "timestamp": 1764999795811}, {"id": "977683948", "price": 0.13927, "amount": 63.0, "side": "buy", "timestamp": 1764999797887}, {"id": "977683949", "price": 0.13926, "amount": 41.0, "side": "sell", "timestamp": 1764999799416}, {"id": "977683950", "price": 0.13927, "amount": 304.0, "side": "buy", "timestamp": 1764999799467}, {"id": "977683951", "price": 0.13926, "amount": 77.0, "side": "sell", "timestamp": 1764999799710}, {"id": "977683952", "price": 0.13926, "amount": 73.0, "side": "sell", "timestamp": 1764999799931}, {"id": "977683953", "price": 0.13926, "amount": 41.0, "side": "sell", "timestamp": 1764999801203}, {"id": "977683954", "price": 0.13926, "amount": 39.0, "side": "sell", "timestamp": 1764999801322}, {"id": "977683955", "price": 0.13927, "amount": 77.0, "side": "buy", "timestamp": 1764999802902}, {"id": "977683956", "price": 0.13927, "amount": 110840.0, "side": "buy", "timestamp": 1764999804471}, {"id": "977683957", "price": 0.13926, "amount": 706.0, "side": "sell", "timestamp": 1764999804782}, {"id": "977683958", "price": 0.13926, "amount": 70.0, "side": "sell", "timestamp": 1764999804963}, {"id": "977683959", "price": 0.13927, "amount": 418.0, "side": "buy", "timestamp": 1764999805076}, {"id": "977683960", "price": 0.13926, "amount": 42.0, "side": "sell", "timestamp": 1764999808263}, {"id": "977683961", "price": 0.13927, "amount": 40.0, "side": "buy", "timestamp": 1764999809446}, {"id": "977683962", "price": 0.13926, "amount": 75.0, "side": "sell", "timestamp": 1764999809759}, {"id": "977683963", "price": 0.13926, "amount": 38.0, "side": "sell", "timestamp": 1764999809927}, {"id": "977683964", "price": 0.13926, "amount": 71.0, "side": "sell", "timestamp": 1764999810068}, {"id": "977683965", "price": 0.13927, "amount": 44.0, "side": "buy", "timestamp": 1764999810175}, {"id": "977683966", "price": 0.13926, "amount": 171.0, "side": "sell", "timestamp": 1764999810729}, {"id": "977683967", "price": 0.13926, "amount": 44.0, "side": "sell", "timestamp": 1764999811521}, {"id": "977683968", "price": 0.13927, "amount": 63.0, "side": "buy", "timestamp": 1764999811812}, {"id": "977683969", "price": 0.13927, "amount": 1401.0, "side": "buy", "timestamp": 1764999812233}, {"id": "977683970", "price": 0.13926, "amount": 330.0, "side": "sell", "timestamp": 1764999814585}, {"id": "977683971", "price": 0.13926, "amount": 146.0, "side": "sell", "timestamp": 1764999814749}, {"id": "977683972", "price": 0.13926, "amount": 362.0, "side": "sell", "timestamp": 1764999815815}, {"id": "977683973", "price": 0.13926, "amount": 330.0, "side": "sell", "timestamp": 1764999816587}, {"id": "977683974", "price": 0.13926, "amount": 84904.0, "side": "sell", "timestamp": 1764999817606}, {"id": "977683975", "price": 0.13925, "amount": 371.0, "side": "sell", "timestamp": 1764999819325}, {"id": "977683976", "price": 0.13925, "amount": 340.0, "side": "sell", "timestamp": 1764999819746}, {"id": "977683977", "price": 0.13925, "amount": 72.0, "side": "sell", "timestamp": 1764999819877}, {"id": "977683978", "price": 0.13925, "amount": 38.0, "side": "sell", "timestamp": 1764999820425}, {"id": "977683979", "price": 0.13925, "amount": 42.0, "side": "sell", "timestamp": 1764999823584}, {"id": "977683980", "price": 0.13925, "amount": 78.0, "side": "sell", "timestamp": 1764999824762}, {"id": "977683981", "price": 0.13925, "amount": 67.0, "side": "sell", "timestamp": 1764999824990}, {"id": "977683982", "price": 0.13925, "amount": 127.0, "side": "sell", "timestamp": 1764999826340}, {"id": "977683983", "price": 0.13925, "amount": 555.0, "side": "sell", "timestamp": 1764999826754}, {"id": "977683984", "price": 0.13926, "amount": 86.0, "side": "buy", "timestamp": 1764999828106}, {"id": "977683985", "price": 0.13926, "amount": 62.0, "side": "buy", "timestamp": 1764999829115}, {"id": "977683986", "price": 0.13926, "amount": 21995.0, "side": "buy", "timestamp": 1764999829459}, {"id": "977683987", "price": 0.13926, "amount": 2158.0, "side": "buy", "timestamp": 1764999829614}, {"id": "977683988", "price": 0.13927, "amount": 671.0, "side": "buy", "timestamp": 1764999830021}, {"id": "977683989", "price": 0.13926, "amount": 72.0, "side": "sell", "timestamp": 1764999830150}, {"id": "977683990", "price": 0.13926, "amount": 8048.0, "side": "sell", "timestamp": 1764999832129}, {"id": "977683991", "price": 0.13926, "amount": 386.0, "side": "sell", "timestamp": 1764999832319}, {"id": "977683992", "price": 0.13926, "amount": 53.0, "side": "sell", "timestamp": 1764999834522}, {"id": "977683993", "price": 0.13926, "amount": 372.0, "side": "sell", "timestamp": 1764999835160}, {"id": "977683994", "price": 0.13926, "amount": 481.0, "side": "sell", "timestamp": 1764999837119}, {"id": "977683995", "price": 0.13927, "amount": 3993.0, "side": "buy", "timestamp": 1764999837732}, {"id": "977683996", "price": 0.13926, "amount": 17373.0, "side": "sell", "timestamp": 1764999841772}, {"id": "977684032", "price": 0.13918, "amount": 750.0, "side": "sell", "timestamp": 1764999857827}, {"id": "977684033", "price": 0.13919, "amount": 1718.0, "side": "buy", "timestamp": 1764999858860}, {"id": "977684034", "price": 0.13919, "amount": 6460.0, "side": "buy", "timestamp": 1764999859052}, {"id": "977684035", "price": 0.13918, "amount": 43.0, "side": "sell", "timestamp": 1764999859199}, {"id": "977684036", "price": 0.13918, "amount": 46.0, "side": "sell", "timestamp": 1764999859785}, {"id": "977684037", "price": 0.13918, "amount": 76.0, "side": "sell", "timestamp": 1764999859902}, {"id": "977684038", "price": 0.13919, "amount": 4890.0, "side": "buy", "timestamp": 1764999860743}, {"id": "977684039", "price": 0.13919, "amount": 5614.0, "side": "buy", "timestamp": 1764999862469}, {"id": "977684040", "price": 0.13919, "amount": 86.0, "side": "buy", "timestamp": 1764999863665}, {"id": "977684041", "price": 0.13919, "amount": 5344.0, "side": "buy", "timestamp": 1764999864535}, {"id": "977684042", "price": 0.13919, "amount": 418.0, "side": "buy", "timestamp": 1764999864796}, {"id": "977684043", "price": 0.13918, "amount": 128.0, "side": "sell", "timestamp": 1764999864836}, {"id": "977684044", "price": 0.13918, "amount": 272006.0, "side": "sell", "timestamp": 1764999865521}, {"id": "977684045", "price": 0.13917, "amount": 251396.0, "side": "sell", "timestamp": 1764999865522}, {"id": "977684046", "price": 0.13916, "amount": 230796.0, "side": "sell", "timestamp": 1764999865522}, {"id": "977684047", "price": 0.13915, "amount": 471550.0, "side": "sell", "timestamp": 1764999865522}, {"id": "977684048", "price": 0.13914, "amount": 378353.0, "side": "sell", "timestamp": 1764999865522}, {"id": "977684049", "price": 0.13917, "amount": 14185.0, "side": "sell", "timestamp": 1764999865532}, {"id": "977684050", "price": 0.13917, "amount": 50.0, "side": "sell", "timestamp": 1764999866574}, {"id": "977684051", "price": 0.13918, "amount": 96.0, "side": "buy", "timestamp": 1764999867463}, {"id": "977684052", "price": 0.13917, "amount": 71.0, "side": "sell", "timestamp": 1764999868384}, {"id": "977684053", "price": 0.13917, "amount": 1401.0, "side": "sell", "timestamp": 1764999869572}, {"id": "977684054", "price": 0.13917, "amount": 1221.0, "side": "sell", "timestamp": 1764999869765}, {"id": "977684055", "price": 0.13917, "amount": 49.0, "side": "sell", "timestamp": 1764999870075}, {"id": "977684056", "price": 0.13918, "amount": 62.0, "side": "buy", "timestamp": 1764999871690}, {"id": "977684057", "price": 0.13917, "amount": 7168.0, "side": "sell", "timestamp": 1764999872557}, {"id": "977684058", "price": 0.13917, "amount": 95.0, "side": "sell", "timestamp": 1764999873662}, {"id": "977684059", "price": 0.13917, "amount": 134.0, "side": "sell", "timestamp": 1764999874768}, {"id": "977684060", "price": 0.13918, "amount": 1768.0, "side": "buy", "timestamp": 1764999875972}, {"id": "977684061", "price": 0.13917, "amount": 1077.0, "side": "sell", "timestamp": 1764999878383}, {"id": "977684062", "price": 0.13917, "amount": 75.0, "side": "sell", "timestamp": 1764999879725}, {"id": "977684063", "price": 0.13917, "amount": 50.0, "side": "sell", "timestamp": 1764999880095}, {"id": "977684064", "price": 0.13918, "amount": 78074.0, "side": "buy", "timestamp": 1764999880099}, {"id": "977684065", "price": 0.13917, "amount": 3205.0, "side": "sell", "timestamp": 1764999881109}, {"id": "977684066", "price": 0.13918, "amount": 11657.0, "side": "buy", "timestamp": 1764999882850}, {"id": "977684067", "price": 0.13918, "amount": 12543.0, "side": "buy", "timestamp": 1764999883420}, {"id": "977684068", "price": 0.13919, "amount": 1070.0, "side": "buy", "timestamp": 1764999883432}, {"id": "977684069", "price": 0.13919, "amount": 3000.0, "side": "buy", "timestamp": 1764999883666}, {"id": "977684070", "price": 0.13919, "amount": 5274.0, "side": "buy", "timestamp": 1764999885520}, {"id": "977684071", "price": 0.1392, "amount": 2900.0, "side": "buy", "timestamp": 1764999885525}, {"id": "977684072", "price": 0.13919, "amount": 38.0, "side": "sell", "timestamp": 1764999886410}, {"id": "977684073", "price": 0.13919, "amount": 43.0, "side": "sell", "timestamp": 1764999887918}, {"id": "977684074", "price": 0.1392, "amount": 555083.0, "side": "buy", "timestamp": 1764999889566}, {"id": "977684075", "price": 0.13921, "amount": 48568.0, "side": "buy", "timestamp": 1764999889580}, {"id": "977684076", "price": 0.13922, "amount": 345.0, "side": "buy", "timestamp": 1764999889639}, {"id": "977684077", "price": 0.13921, "amount": 1151.0, "side": "sell", "timestamp": 1764999889805}, {"id": "977684078", "price": 0.13921, "amount": 3330.0, "side": "sell", "timestamp": 1764999890448}, {"id": "977684079", "price": 0.13921, "amount": 78059.0, "side": "buy", "timestamp": 1764999890462}, {"id": "977684080", "price": 0.1392, "amount": 30448.0, "side": "sell", "timestamp": 1764999892861}, {"id": "977684081", "price": 0.1392, "amount": 49349.0, "side": "sell", "timestamp": 1764999893481}, {"id": "977684109", "price": 0.13917, "amount": 191.0, "side": "sell", "timestamp": 1764999907809}, {"id": "977684110", "price": 0.13918, "amount": 8754.0, "side": "buy", "timestamp": 1764999908130}, {"id": "977684111", "price": 0.13918, "amount": 96993.0, "side": "buy", "timestamp": 1764999908472}, {"id": "977684112", "price": 0.13919, "amount": 5207.0, "side": "buy", "timestamp": 1764999908804}, {"id": "977684113", "price": 0.13919, "amount": 3988.0, "side": "sell", "timestamp": 1764999909092}, {"id": "977684114", "price": 0.1392, "amount": 1409.0, "side": "buy", "timestamp": 1764999909403}, {"id": "977684115", "price": 0.13921, "amount": 2028.0, "side": "buy", "timestamp": 1764999909411}, {"id": "977684116", "price": 0.13921, "amount": 3758.0, "side": "buy", "timestamp": 1764999909516}, {"id": "977684117", "price": 0.13922, "amount": 1000.0, "side": "buy", "timestamp": 1764999913113}, {"id": "977684118", "price": 0.13922, "amount": 16.0, "side": "buy", "timestamp": 1764999913467}, {"id": "977684119", "price": 0.13921, "amount": 171.0, "side": "sell", "timestamp": 1764999914067}, {"id": "977684120", "price": 0.13921, "amount": 4437.0, "side": "sell", "timestamp": 1764999914171}, {"id": "977684121", "price": 0.13921, "amount": 11000.0, "side": "sell", "timestamp": 1764999914452}, {"id": "977684122", "price": 0.13921, "amount": 47388.0, "side": "sell", "timestamp": 1764999914876}, {"id": "977684123", "price": 0.1392, "amount": 1343.0, "side": "sell", "timestamp": 1764999914963}, {"id": "977684124", "price": 0.13919, "amount": 2330.0, "side": "sell", "timestamp": 1764999915923}, {"id": "977684125", "price": 0.1392, "amount": 43.0, "side": "buy", "timestamp": 1764999917570}, {"id": "977684126", "price": 0.13919, "amount": 84.0, "side": "sell", "timestamp": 1764999919903}, {"id": "977684127", "price": 0.13919, "amount": 42.0, "side": "sell", "timestamp": 1764999920908}, {"id": "977684128", "price": 0.1392, "amount": 142.0, "side": "buy", "timestamp": 1764999922731}, {"id": "977684129", "price": 0.13919, "amount": 907.0, "side": "sell", "timestamp": 1764999923822}, {"id": "977684130", "price": 0.13919, "amount": 76.0, "side": "sell", "timestamp": 1764999924855}, {"id": "977684131", "price": 0.1392, "amount": 418.0, "side": "buy", "timestamp": 1764999925154}, {"id": "977684132", "price": 0.13919, "amount": 1437.0, "side": "sell", "timestamp": 1764999928368}, {"id": "977684133", "price": 0.13919, "amount": 1437.0, "side": "sell", "timestamp": 1764999928882}, {"id": "977684134", "price": 0.13919, "amount": 77.0, "side": "sell", "timestamp": 1764999929900}, {"id": "977684135", "price": 0.1392, "amount": 75.0, "side": "buy", "timestamp": 1764999930701}, {"id": "977684136", "price": 0.1392, "amount": 284.0, "side": "buy", "timestamp": 1764999931409}, {"id": "977684137", "price": 0.1392, "amount": 5825.0, "side": "buy", "timestamp": 1764999932555}, {"id": "977684138", "price": 0.13921, "amount": 33623.0, "side": "buy", "timestamp": 1764999932555}, {"id": "977684139", "price": 0.13922, "amount": 78102.0, "side": "buy", "timestamp": 1764999933561}, {"id": "977684140", "price": 0.13922, "amount": 382.0, "side": "buy", "timestamp": 1764999933723}, {"id": "977684141", "price": 0.13923, "amount": 3363.0, "side": "buy", "timestamp": 1764999934343}, {"id": "977684142", "price": 0.13924, "amount": 221.0, "side": "buy", "timestamp": 1764999934386}, {"id": "977684143", "price": 0.13924, "amount": 562.0, "side": "buy", "timestamp": 1764999934782}, {"id": "977684144", "price": 0.13924, "amount": 60.0, "side": "buy", "timestamp": 1764999935178}, {"id": "977684145", "price": 0.13924, "amount": 175.0, "side": "buy", "timestamp": 1764999935397}, {"id": "977684146", "price": 0.13923, "amount": 70.0, "side": "sell", "timestamp": 1764999935468}, {"id": "977684147", "price": 0.13924, "amount": 86.0, "side": "buy", "timestamp": 1764999935665}, {"id": "977684148", "price": 0.13923, "amount": 320.0, "side": "sell", "timestamp": 1764999935763}, {"id": "977684149", "price": 0.13924, "amount": 253.0, "side": "buy", "timestamp": 1764999936252}, {"id": "977684150", "price": 0.13924, "amount": 2865.0, "side": "buy", "timestamp": 1764999936468}, {"id": "977684151", "price": 0.13923, "amount": 36.0, "side": "sell", "timestamp": 1764999937544}, {"id": "977684152", "price": 0.13923, "amount": 44.0, "side": "sell", "timestamp": 1764999937676}, {"id": "977684153", "price": 0.13923, "amount": 2975.0, "side": "sell", "timestamp": 1764999940950}, {"id": "977684154", "price": 0.13923, "amount": 7181.0, "side": "sell", "timestamp": 1764999941051}, {"id": "977684155", "price": 0.13923, "amount": 133.0, "side": "sell", "timestamp": 1764999941693}, {"id": "977684156", "price": 0.13923, "amount": 84.0, "side": "sell", "timestamp": 1764999943020}, {"id": "977684157", "price": 0.13923, "amount": 1352.0, "side": "sell", "timestamp": 1764999943241}, {"id": "977684158", "price": 0.13923, "amount": 84.0, "side": "sell", "timestamp": 1764999944728}, {"id": "977684190", "price": 0.13917, "amount": 209.0, "side": "buy", "timestamp": 1764999961118}, {"id": "977684191", "price": 0.13917, "amount": 268.0, "side": "buy", "timestamp": 1764999962720}, {"id": "977684192", "price": 0.13916, "amount": 17936.0, "side": "sell", "timestamp": 1764999962814}, {"id": "977684193", "price": 0.13916, "amount": 70.0, "side": "sell", "timestamp": 1764999963329}, {"id": "977684194", "price": 0.13917, "amount": 132.0, "side": "buy", "timestamp": 1764999963846}, {"id": "977684195", "price": 0.13916, "amount": 74690.0, "side": "sell", "timestamp": 1764999964974}, {"id": "977684196", "price": 0.13917, "amount": 134.0, "side": "buy", "timestamp": 1764999964980}, {"id": "977684197", "price": 0.13917, "amount": 525.0, "side": "buy", "timestamp": 1764999965325}, {"id": "977684198", "price": 0.13917, "amount": 36.0, "side": "buy", "timestamp": 1764999965439}, {"id": "977684199", "price": 0.13917, "amount": 240.0, "side": "buy", "timestamp": 1764999965541}, {"id": "977684200", "price": 0.13917, "amount": 237.0, "side": "buy", "timestamp": 1764999965770}, {"id": "977684201", "price": 0.13916, "amount": 142.0, "side": "sell", "timestamp": 1764999965789}, {"id": "977684202", "price": 0.13917, "amount": 203.0, "side": "buy", "timestamp": 1764999965946}, {"id": "977684203", "price": 0.13917, "amount": 15966.0, "side": "buy", "timestamp": 1764999967765}, {"id": "977684204", "price": 0.13917, "amount": 32075.0, "side": "buy", "timestamp": 1764999969194}, {"id": "977684205", "price": 0.13918, "amount": 2053.0, "side": "buy", "timestamp": 1764999969271}, {"id": "977684206", "price": 0.13918, "amount": 135.0, "side": "buy", "timestamp": 1764999969456}, {"id": "977684207", "price": 0.13917, "amount": 1467.0, "side": "sell", "timestamp": 1764999970283}, {"id": "977684208", "price": 0.13917, "amount": 6860.0, "side": "sell", "timestamp": 1764999971468}, {"id": "977684209", "price": 0.13918, "amount": 86.0, "side": "buy", "timestamp": 1764999971662}, {"id": "977684210", "price": 0.13917, "amount": 378.0, "side": "sell", "timestamp": 1764999971952}, {"id": "977684211", "price": 0.13918, "amount": 6.0, "side": "buy", "timestamp": 1764999972163}, {"id": "977684212", "price": 0.13918, "amount": 25768.0, "side": "buy", "timestamp": 1764999973675}, {"id": "977684213", "price": 0.13918, "amount": 1448.0, "side": "sell", "timestamp": 1764999974235}, {"id": "977684214", "price": 0.13918, "amount": 1448.0, "side": "sell", "timestamp": 1764999974483}, {"id": "977684215", "price": 0.13918, "amount": 99.0, "side": "sell", "timestamp": 1764999975247}, {"id": "977684216", "price": 0.13919, "amount": 2643.0, "side": "buy", "timestamp": 1764999976723}, {"id": "977684217", "price": 0.13919, "amount": 30720.0, "side": "buy", "timestamp": 1764999977241}, {"id": "977684218", "price": 0.1392, "amount": 24182.0, "side": "buy", "timestamp": 1764999977244}, {"id": "977684219", "price": 0.1392, "amount": 11.0, "side": "buy", "timestamp": 1764999977905}, {"id": "977684220", "price": 0.1392, "amount": 7182.0, "side": "buy", "timestamp": 1764999978805}, {"id": "977684221", "price": 0.1392, "amount": 8047.0, "side": "buy", "timestamp": 1764999981994}, {"id": "977684222", "price": 0.1392, "amount": 67.0, "side": "buy", "timestamp": 1764999982939}, {"id": "977684223", "price": 0.13919, "amount": 59490.0, "side": "sell", "timestamp": 1764999983009}, {"id": "977684224", "price": 0.1392, "amount": 6.0, "side": "buy", "timestamp": 1764999983852}, {"id": "977684225", "price": 0.1392, "amount": 468.0, "side": "buy", "timestamp": 1764999984159}, {"id": "977684226", "price": 0.13919, "amount": 8047.0, "side": "sell", "timestamp": 1764999984466}, {"id": "977684227", "price": 0.1392, "amount": 14.0, "side": "buy", "timestamp": 1764999984639}, {"id": "977684228", "price": 0.1392, "amount": 1095.0, "side": "buy", "timestamp": 1764999984937}, {"id": "977684229", "price": 0.13919, "amount": 18565.0, "side": "sell", "timestamp": 1764999986050}, {"id": "977684230", "price": 0.13919, "amount": 375.0, "side": "buy", "timestamp": 1764999987170}, {"id": "977684231", "price": 0.13918, "amount": 2305.0, "side": "sell", "timestamp": 1764999987203}, {"id": "977684232", "price": 0.13918, "amount": 155.0, "side": "sell", "timestamp": 1764999987608}, {"id": "977684233", "price": 0.13918, "amount": 215.0, "side": "sell", "timestamp": 1764999988757}, {"id": "977684234", "price": 0.13919, "amount": 16.0, "side": "buy", "timestamp": 1764999989424}, {"id": "977684235", "price": 0.13919, "amount": 5.0, "side": "buy", "timestamp": 1764999989945}, {"id": "977684236", "price": 0.13918, "amount": 73.0, "side": "sell", "timestamp": 1764999989961}, {"id": "977684237", "price": 0.13918, "amount": 8044.0, "side": "sell", "timestamp": 1764999990290}, {"id": "977684238", "price": 0.13918, "amount": 257.0, "side": "sell", "timestamp": 1764999991303}, {"id": "977684239", "price": 0.13918, "amount": 86.0, "side": "sell", "timestamp": 1764999994776}, {"id": "977684270", "price": 0.13913, "amount": 73.0, "side": "sell", "timestamp": 1765000020871}, {"id": "977684271", "price": 0.13913, "amount": 15811.0, "side": "sell", "timestamp": 1765000021165}, {"id": "977684272", "price": 0.13914, "amount": 354.0, "side": "buy", "timestamp": 1765000021535}, {"id": "977684273", "price": 0.13914, "amount": 307.0, "side": "buy", "timestamp": 1765000021782}, {"id": "977684274", "price": 0.13914, "amount": 263.0, "side": "buy", "timestamp": 1765000022119}, {"id": "977684275", "price": 0.13914, "amount": 882.0, "side": "buy", "timestamp": 1765000022328}, {"id": "977684276", "price": 0.13914, "amount": 312.0, "side": "buy", "timestamp": 1765000022748}, {"id": "977684277", "price": 0.13914, "amount": 31.0, "side": "buy", "timestamp": 1765000023573}, {"id": "977684278", "price": 0.13914, "amount": 69518.0, "side": "buy", "timestamp": 1765000024111}, {"id": "977684279", "price": 0.13915, "amount": 105132.0, "side": "buy", "timestamp": 1765000024120}, {"id": "977684280", "price": 0.13916, "amount": 156438.0, "side": "buy", "timestamp": 1765000024122}, {"id": "977684281", "price": 0.13917, "amount": 2294.0, "side": "buy", "timestamp": 1765000024202}, {"id": "977684282", "price": 0.13918, "amount": 2720.0, "side": "buy", "timestamp": 1765000024207}, {"id": "977684283", "price": 0.13918, "amount": 11330.0, "side": "buy", "timestamp": 1765000025295}, {"id": "977684284", "price": 0.13919, "amount": 477.0, "side": "buy", "timestamp": 1765000025317}, {"id": "977684285", "price": 0.13919, "amount": 1633.0, "side": "buy", "timestamp": 1765000025436}, {"id": "977684286", "price": 0.13918, "amount": 24154.0, "side": "sell", "timestamp": 1765000025658}, {"id": "977684287", "price": 0.13918, "amount": 80.0, "side": "sell", "timestamp": 1765000026093}, {"id": "977684288", "price": 0.13918, "amount": 862.0, "side": "sell", "timestamp": 1765000027009}, {"id": "977684289", "price": 0.13919, "amount": 72175.0, "side": "buy", "timestamp": 1765000027708}, {"id": "977684290", "price": 0.1392, "amount": 3160.0, "side": "buy", "timestamp": 1765000027727}, {"id": "977684291", "price": 0.13919, "amount": 54.0, "side": "sell", "timestamp": 1765000028682}, {"id": "977684292", "price": 0.13919, "amount": 72962.0, "side": "sell", "timestamp": 1765000029975}, {"id": "977684293", "price": 0.1392, "amount": 73810.0, "side": "buy", "timestamp": 1765000029979}, {"id": "977684294", "price": 0.1392, "amount": 273.0, "side": "buy", "timestamp": 1765000030422}, {"id": "977684295", "price": 0.1392, "amount": 63.0, "side": "sell", "timestamp": 1765000031104}, {"id": "977684296", "price": 0.13921, "amount": 758.0, "side": "buy", "timestamp": 1765000034456}, {"id": "977684297", "price": 0.13922, "amount": 71435.0, "side": "buy", "timestamp": 1765000034456}, {"id": "977684298", "price": 0.13921, "amount": 212.0, "side": "sell", "timestamp": 1765000034710}, {"id": "977684299", "price": 0.13921, "amount": 460.0, "side": "sell", "timestamp": 1765000034881}, {"id": "977684300", "price": 0.13922, "amount": 1150.0, "side": "buy", "timestamp": 1765000035427}, {"id": "977684301", "price": 0.13923, "amount": 15.0, "side": "buy", "timestamp": 1765000035536}, {"id": "977684302", "price": 0.13922, "amount": 156.0, "side": "sell", "timestamp": 1765000035924}, {"id": "977684303", "price": 0.13923, "amount": 832.0, "side": "buy", "timestamp": 1765000036481}, {"id": "977684304", "price": 0.13922, "amount": 432.0, "side": "sell", "timestamp": 1765000040073}, {"id": "977684305", "price": 0.13923, "amount": 17.0, "side": "buy", "timestamp": 1765000040176}, {"id": "977684306", "price": 0.13923, "amount": 264.0, "side": "buy", "timestamp": 1765000041814}, {"id": "977684307", "price": 0.13923, "amount": 243.0, "side": "buy", "timestamp": 1765000042292}, {"id": "977684308", "price": 0.13922, "amount": 23747.0, "side": "sell", "timestamp": 1765000042654}, {"id": "977684309", "price": 0.13921, "amount": 111479.0, "side": "sell", "timestamp": 1765000042691}, {"id": "977684310", "price": 0.13921, "amount": 69233.0, "side": "buy", "timestamp": 1765000043146}, {"id": "977684311", "price": 0.13922, "amount": 519.0, "side": "buy", "timestamp": 1765000043172}, {"id": "977684312", "price": 0.13922, "amount": 41.0, "side": "sell", "timestamp": 1765000043461}, {"id": "977684313", "price": 0.13923, "amount": 2922.0, "side": "buy", "timestamp": 1765000043546}, {"id": "977684314", "price": 0.13923, "amount": 85.0, "side": "buy", "timestamp": 1765000043665}, {"id": "977684315", "price": 0.13923, "amount": 418.0, "side": "buy", "timestamp": 1765000045171}, {"id": "977684316", "price": 0.13923, "amount": 505.0, "side": "buy", "timestamp": 1765000045710}, {"id": "977684317", "price": 0.13923, "amount": 258.0, "side": "buy", "timestamp": 1765000047393}, {"id": "977684318", "price": 0.13922, "amount": 554.0, "side": "sell", "timestamp": 1765000047712}, {"id": "977684319", "price": 0.13923, "amount": 10.0, "side": "buy", "timestamp": 1765000047745}, {"id": "977684342", "price": 0.13924, "amount": 7378.0, "side": "buy", "timestamp": 1765000067363}, {"id": "977684343", "price": 0.13923, "amount": 55.0, "side": "sell", "timestamp": 1765000068880}, {"id": "977684344", "price": 0.13924, "amount": 78044.0, "side": "buy", "timestamp": 1765000068884}, {"id": "977684345", "price": 0.13924, "amount": 16.0, "side": "buy", "timestamp": 1765000069109}, {"id": "977684346", "price": 0.13923, "amount": 215197.0, "side": "sell", "timestamp": 1765000069122}, {"id": "977684347", "price": 0.13923, "amount": 130.0, "side": "sell", "timestamp": 1765000074261}, {"id": "977684348", "price": 0.13924, "amount": 8.0, "side": "buy", "timestamp": 1765000074319}, {"id": "977684349", "price": 0.13924, "amount": 28.0, "side": "buy", "timestamp": 1765000074898}, {"id": "977684350", "price": 0.13923, "amount": 72.0, "side": "sell", "timestamp": 1765000075839}, {"id": "977684351", "price": 0.13924, "amount": 2873.0, "side": "buy", "timestamp": 1765000076431}, {"id": "977684352", "price": 0.13923, "amount": 59.0, "side": "sell", "timestamp": 1765000076809}, {"id": "977684353", "price": 0.13923, "amount": 1568.0, "side": "sell", "timestamp": 1765000077726}, {"id": "977684354", "price": 0.13923, "amount": 5746.0, "side": "sell", "timestamp": 1765000077971}, {"id": "977684355", "price": 0.13924, "amount": 338.0, "side": "buy", "timestamp": 1765000078686}, {"id": "977684356", "price": 0.13923, "amount": 1100.0, "side": "sell", "timestamp": 1765000079023}, {"id": "977684357", "price": 0.13923, "amount": 295.0, "side": "sell", "timestamp": 1765000079469}, {"id": "977684358", "price": 0.13923, "amount": 13.0, "side": "sell", "timestamp": 1765000079651}, {"id": "977684359", "price": 0.13924, "amount": 50.0, "side": "buy", "timestamp": 1765000081205}, {"id": "977684360", "price": 0.13924, "amount": 85.0, "side": "buy", "timestamp": 1765000081376}, {"id": "977684361", "price": 0.13923, "amount": 242.0, "side": "sell", "timestamp": 1765000081763}, {"id": "977684362", "price": 0.13923, "amount": 125.0, "side": "sell", "timestamp": 1765000084707}, {"id": "977684363", "price": 0.13924, "amount": 162.0, "side": "buy", "timestamp": 1765000085336}, {"id": "977684364", "price": 0.13924, "amount": 108.0, "side": "buy", "timestamp": 1765000085499}, {"id": "977684365", "price": 0.13923, "amount": 1194.0, "side": "sell", "timestamp": 1765000085765}, {"id": "977684366", "price": 0.13924, "amount": 14.0, "side": "buy", "timestamp": 1765000086634}, {"id": "977684367", "price": 0.13923, "amount": 72925.0, "side": "sell", "timestamp": 1765000086754}, {"id": "977684368", "price": 0.13922, "amount": 6271.0, "side": "sell", "timestamp": 1765000086865}, {"id": "977684369", "price": 0.13922, "amount": 74558.0, "side": "buy", "timestamp": 1765000087761}, {"id": "977684370", "price": 0.13923, "amount": 12.0, "side": "buy", "timestamp": 1765000088352}, {"id": "977684371", "price": 0.13922, "amount": 866.0, "side": "sell", "timestamp": 1765000089093}, {"id": "977684372", "price": 0.13921, "amount": 81.0, "side": "sell", "timestamp": 1765000089710}, {"id": "977684373", "price": 0.13921, "amount": 40.0, "side": "sell", "timestamp": 1765000089813}, {"id": "977684374", "price": 0.13921, "amount": 203.0, "side": "sell", "timestamp": 1765000089958}, {"id": "977684375", "price": 0.13921, "amount": 3605.0, "side": "sell", "timestamp": 1765000090617}, {"id": "977684376", "price": 0.13922, "amount": 16.0, "side": "buy", "timestamp": 1765000091232}, {"id": "977684377", "price": 0.13921, "amount": 8058.0, "side": "sell", "timestamp": 1765000091718}, {"id": "977684378", "price": 0.13922, "amount": 3.0, "side": "buy", "timestamp": 1765000092604}, {"id": "977684379", "price": 0.13921, "amount": 52.0, "side": "sell", "timestamp": 1765000092942}, {"id": "977684380", "price": 0.13921, "amount": 57.0, "side": "sell", "timestamp": 1765000093326}, {"id": "977684381", "price": 0.13922, "amount": 12.0, "side": "buy", "timestamp": 1765000093748}, {"id": "977684382", "price": 0.13921, "amount": 120.0, "side": "sell", "timestamp": 1765000094832}, {"id": "977684383", "price": 0.13922, "amount": 740.0, "side": "buy", "timestamp": 1765000095555}, {"id": "977684384", "price": 0.13923, "amount": 2210.0, "side": "buy", "timestamp": 1765000096137}, {"id": "977684385", "price": 0.13923, "amount": 1803.0, "side": "buy", "timestamp": 1765000096663}, {"id": "977684386", "price": 0.13924, "amount": 35916.0, "side": "buy", "timestamp": 1765000096822}, {"id": "977684387", "price": 0.13923, "amount": 416.0, "side": "sell", "timestamp": 1765000097567}, {"id": "977684388", "price": 0.13922, "amount": 2635.0, "side": "sell", "timestamp": 1765000097748}, {"id": "977684389", "price": 0.13922, "amount": 6797.0, "side": "buy", "timestamp": 1765000097764}, {"id": "977684390", "price": 0.13921, "amount": 861.0, "side": "sell", "timestamp": 1765000098194}, {"id": "977684391", "price": 0.13922, "amount": 2357.0, "side": "buy", "timestamp": 1765000098711}, {"id": "977684414", "price": 0.13924, "amount": 793.0, "side": "buy", "timestamp": 1765000112056}, {"id": "977684415", "price": 0.13923, "amount": 6674.0, "side": "sell", "timestamp": 1765000113407}, {"id": "977684416", "price": 0.13924, "amount": 15.0, "side": "buy", "timestamp": 1765000114675}, {"id": "977684417", "price": 0.13924, "amount": 5343.0, "side": "buy", "timestamp": 1765000115035}, {"id": "977684418", "price": 0.13924, "amount": 86.0, "side": "buy", "timestamp": 1765000115671}, {"id": "977684419", "price": 0.13923, "amount": 93.0, "side": "sell", "timestamp": 1765000115841}, {"id": "977684420", "price": 0.13923, "amount": 271.0, "side": "sell", "timestamp": 1765000116500}, {"id": "977684421", "price": 0.13924, "amount": 1077.0, "side": "buy", "timestamp": 1765000117036}, {"id": "977684422", "price": 0.13924, "amount": 7.0, "side": "buy", "timestamp": 1765000118136}, {"id": "977684423", "price": 0.13924, "amount": 3590.0, "side": "buy", "timestamp": 1765000118521}, {"id": "977684424", "price": 0.13924, "amount": 513.0, "side": "buy", "timestamp": 1765000119099}, {"id": "977684425", "price": 0.13924, "amount": 2839.0, "side": "buy", "timestamp": 1765000120207}, {"id": "977684426", "price": 0.13924, "amount": 585.0, "side": "buy", "timestamp": 1765000122630}, {"id": "977684427", "price": 0.13923, "amount": 243.0, "side": "sell", "timestamp": 1765000122703}, {"id": "977684428", "price": 0.13924, "amount": 400.0, "side": "buy", "timestamp": 1765000123659}, {"id": "977684429", "price": 0.13924, "amount": 151.0, "side": "buy", "timestamp": 1765000123794}, {"id": "977684430", "price": 0.13924, "amount": 32932.0, "side": "buy", "timestamp": 1765000124139}, {"id": "977684431", "price": 0.13925, "amount": 13.0, "side": "buy", "timestamp": 1765000124181}, {"id": "977684432", "price": 0.13925, "amount": 8961.0, "side": "buy", "timestamp": 1765000125545}, {"id": "977684433", "price": 0.13926, "amount": 29.0, "side": "buy", "timestamp": 1765000125967}, {"id": "977684434", "price": 0.13925, "amount": 73.0, "side": "sell", "timestamp": 1765000126749}, {"id": "977684435", "price": 0.13926, "amount": 13.0, "side": "buy", "timestamp": 1765000127317}, {"id": "977684436", "price": 0.13925, "amount": 562.0, "side": "sell", "timestamp": 1765000130360}, {"id": "977684437", "price": 0.13926, "amount": 1151.0, "side": "buy", "timestamp": 1765000130773}, {"id": "977684438", "price": 0.13925, "amount": 224.0, "side": "sell", "timestamp": 1765000130891}, {"id": "977684439", "price": 0.13925, "amount": 1048.0, "side": "sell", "timestamp": 1765000130996}, {"id": "977684440", "price": 0.13926, "amount": 15.0, "side": "buy", "timestamp": 1765000133275}, {"id": "977684441", "price": 0.13925, "amount": 38672.0, "side": "sell", "timestamp": 1765000134324}, {"id": "977684442", "price": 0.13924, "amount": 4712.0, "side": "sell", "timestamp": 1765000134353}, {"id": "977684443", "price": 0.13924, "amount": 26635.0, "side": "buy", "timestamp": 1765000134410}, {"id": "977684444", "price": 0.13924, "amount": 78158.0, "side": "buy", "timestamp": 1765000134768}, {"id": "977684445", "price": 0.13924, "amount": 854.0, "side": "buy", "timestamp": 1765000136278}, {"id": "977684446", "price": 0.13924, "amount": 359.0, "side": "buy", "timestamp": 1765000137080}, {"id": "977684447", "price": 0.13924, "amount": 15.0, "side": "buy", "timestamp": 1765000137483}, {"id": "977684448", "price": 0.13923, "amount": 208.0, "side": "sell", "timestamp": 1765000137786}, {"id": "977684449", "price": 0.13923, "amount": 51312.0, "side": "sell", "timestamp": 1765000138027}, {"id": "977684450", "price": 0.13923, "amount": 2076.0, "side": "buy", "timestamp": 1765000138086}, {"id": "977684451", "price": 0.13922, "amount": 1179.0, "side": "sell", "timestamp": 1765000138494}, {"id": "977684452", "price": 0.13923, "amount": 17.0, "side": "buy", "timestamp": 1765000142053}, {"id": "977684453", "price": 0.13922, "amount": 281.0, "side": "sell", "timestamp": 1765000144996}, {"id": "977684454", "price": 0.13923, "amount": 37.0, "side": "buy", "timestamp": 1765000145475}, {"id": "977684455", "price": 0.13923, "amount": 132.0, "side": "buy", "timestamp": 1765000147595}, {"id": "977684456", "price": 0.13923, "amount": 234.0, "side": "buy", "timestamp": 1765000147786}, {"id": "977684457", "price": 0.13923, "amount": 139.0, "side": "buy", "timestamp": 1765000147980}, {"id": "977684458", "price": 0.13923, "amount": 191.0, "side": "buy", "timestamp": 1765000148168}, {"id": "977684459", "price": 0.13923, "amount": 358.0, "side": "buy", "timestamp": 1765000148340}, {"id": "977684460", "price": 0.13922, "amount": 158.0, "side": "sell", "timestamp": 1765000149878}, {"id": "977684461", "price": 0.13922, "amount": 80.0, "side": "sell", "timestamp": 1765000150004}, {"id": "977684462", "price": 0.13922, "amount": 53637.0, "side": "sell", "timestamp": 1765000150405}, {"id": "977684463", "price": 0.13921, "amount": 59445.0, "side": "sell", "timestamp": 1765000151002}, {"id": "977684472", "price": 0.13918, "amount": 1061.0, "side": "buy", "timestamp": 1765000156249}, {"id": "977684473", "price": 0.13919, "amount": 150039.0, "side": "buy", "timestamp": 1765000158020}, {"id": "977684474", "price": 0.13918, "amount": 1396.0, "side": "sell", "timestamp": 1765000158068}, {"id": "977684475", "price": 0.13919, "amount": 3868.0, "side": "buy", "timestamp": 1765000158076}, {"id": "977684476", "price": 0.13919, "amount": 105.0, "side": "sell", "timestamp": 1765000159250}, {"id": "977684477", "price": 0.1392, "amount": 4847.0, "side": "buy", "timestamp": 1765000159516}, {"id": "977684478", "price": 0.13921, "amount": 2748.0, "side": "buy", "timestamp": 1765000159518}, {"id": "977684479", "price": 0.13922, "amount": 31.0, "side": "buy", "timestamp": 1765000160242}, {"id": "977684480", "price": 0.13922, "amount": 3591.0, "side": "buy", "timestamp": 1765000162489}, {"id": "977684481", "price": 0.13921, "amount": 45.0, "side": "sell", "timestamp": 1765000162757}, {"id": "977684482", "price": 0.13922, "amount": 14.0, "side": "buy", "timestamp": 1765000163033}, {"id": "977684483", "price": 0.13922, "amount": 100.0, "side": "buy", "timestamp": 1765000165200}, {"id": "977684484", "price": 0.13922, "amount": 15.0, "side": "buy", "timestamp": 1765000165798}, {"id": "977684485", "price": 0.13922, "amount": 418.0, "side": "buy", "timestamp": 1765000166281}, {"id": "977684486", "price": 0.13921, "amount": 801.0, "side": "sell", "timestamp": 1765000166868}, {"id": "977684487", "price": 0.13922, "amount": 7409.0, "side": "buy", "timestamp": 1765000167491}, {"id": "977684488", "price": 0.13923, "amount": 17.0, "side": "buy", "timestamp": 1765000167594}, {"id": "977684489", "price": 0.13923, "amount": 19.0, "side": "buy", "timestamp": 1765000168807}, {"id": "977684490", "price": 0.13922, "amount": 44.0, "side": "sell", "timestamp": 1765000170100}, {"id": "977684491", "price": 0.13923, "amount": 1168.0, "side": "buy", "timestamp": 1765000170860}, {"id": "977684492", "price": 0.13923, "amount": 1612.0, "side": "buy", "timestamp": 1765000173673}, {"id": "977684493", "price": 0.13924, "amount": 87.0, "side": "buy", "timestamp": 1765000173933}, {"id": "977684494", "price": 0.13924, "amount": 109.0, "side": "buy", "timestamp": 1765000175648}, {"id": "977684495", "price": 0.13924, "amount": 8164.0, "side": "buy", "timestamp": 1765000175814}, {"id": "977684496", "price": 0.13923, "amount": 354.0, "side": "sell", "timestamp": 1765000175998}, {"id": "977684497", "price": 0.13924, "amount": 29.0, "side": "buy", "timestamp": 1765000176837}, {"id": "977684498", "price": 0.13924, "amount": 143.0, "side": "buy", "timestamp": 1765000178486}, {"id": "977684499", "price": 0.13923, "amount": 1389.0, "side": "sell", "timestamp": 1765000181478}, {"id": "977684500", "price": 0.13924, "amount": 7181.0, "side": "buy", "timestamp": 1765000181530}, {"id": "977684501", "price": 0.13924, "amount": 12816.0, "side": "buy", "timestamp": 1765000183332}, {"id": "977684502", "price": 0.13925, "amount": 6866.0, "side": "buy", "timestamp": 1765000183391}, {"id": "977684503", "price": 0.13925, "amount": 75790.0, "side": "buy", "timestamp": 1765000183652}, {"id": "977684504", "price": 0.13926, "amount": 15035.0, "side": "buy", "timestamp": 1765000183710}, {"id": "977684505", "price": 0.13926, "amount": 416.0, "side": "sell", "timestamp": 1765000184679}, {"id": "977684506", "price": 0.13927, "amount": 86.0, "side": "buy", "timestamp": 1765000187663}, {"id": "977684507", "price": 0.13927, "amount": 15.0, "side": "buy", "timestamp": 1765000187875}, {"id": "977684508", "price": 0.13927, "amount": 15.0, "side": "buy", "timestamp": 1765000188552}, {"id": "977684509", "price": 0.13926, "amount": 3033.0, "side": "sell", "timestamp": 1765000189463}, {"id": "977684510", "price": 0.13925, "amount": 5186.0, "side": "sell", "timestamp": 1765000190274}, {"id": "977684511", "price": 0.13925, "amount": 11559.0, "side": "buy", "timestamp": 1765000191728}, {"id": "977684512", "price": 0.13925, "amount": 16.0, "side": "buy", "timestamp": 1765000193096}, {"id": "977684513", "price": 0.13924, "amount": 50.0, "side": "sell", "timestamp": 1765000194014}, {"id": "977684514", "price": 0.13925, "amount": 10.0, "side": "buy", "timestamp": 1765000194899}, {"id": "977684515", "price": 0.13924, "amount": 55.0, "side": "sell", "timestamp": 1765000196358}, {"id": "977684516", "price": 0.13925, "amount": 253.0, "side": "buy", "timestamp": 1765000196586}, {"id": "977684517", "price": 0.13926, "amount": 66.0, "side": "buy", "timestamp": 1765000197390}, {"id": "977684518", "price": 0.13926, "amount": 2289.0, "side": "buy", "timestamp": 1765000200050}, {"id": "977684519", "price": 0.13927, "amount": 92.0, "side": "buy", "timestamp": 1765000200343}, {"id": "977684520", "price": 0.13926, "amount": 855.0, "side": "sell", "timestamp": 1765000200714}, {"id": "977684521", "price": 0.13926, "amount": 36.0, "side": "buy", "timestamp": 1765000201027}, {"id": "977684539", "price": 0.13927, "amount": 36.0, "side": "buy", "timestamp": 1765000214920}, {"id": "977684540", "price": 0.13927, "amount": 234.0, "side": "buy", "timestamp": 1765000215454}, {"id": "977684541", "price": 0.13927, "amount": 17.0, "side": "buy", "timestamp": 1765000216264}, {"id": "977684542", "price": 0.13927, "amount": 80.0, "side": "buy", "timestamp": 1765000216912}, {"id": "977684543", "price": 0.13926, "amount": 11559.0, "side": "sell", "timestamp": 1765000217089}, {"id": "977684544", "price": 0.13926, "amount": 127.0, "side": "sell", "timestamp": 1765000218186}, {"id": "977684545", "price": 0.13927, "amount": 8.0, "side": "buy", "timestamp": 1765000218604}, {"id": "977684546", "price": 0.13927, "amount": 310.0, "side": "buy", "timestamp": 1765000218709}, {"id": "977684547", "price": 0.13927, "amount": 43080.0, "side": "buy", "timestamp": 1765000221737}, {"id": "977684548", "price": 0.13927, "amount": 86.0, "side": "buy", "timestamp": 1765000223660}, {"id": "977684549", "price": 0.13927, "amount": 418.0, "side": "buy", "timestamp": 1765000225156}, {"id": "977684550", "price": 0.13927, "amount": 11.0, "side": "buy", "timestamp": 1765000226377}, {"id": "977684551", "price": 0.13927, "amount": 10.0, "side": "buy", "timestamp": 1765000227312}, {"id": "977684552", "price": 0.13926, "amount": 71.0, "side": "sell", "timestamp": 1765000228336}, {"id": "977684553", "price": 0.13927, "amount": 14.0, "side": "buy", "timestamp": 1765000229363}, {"id": "977684554", "price": 0.13927, "amount": 44.0, "side": "buy", "timestamp": 1765000232892}, {"id": "977684555", "price": 0.13926, "amount": 27528.0, "side": "sell", "timestamp": 1765000233796}, {"id": "977684556", "price": 0.13926, "amount": 1261.0, "side": "buy", "timestamp": 1765000233819}, {"id": "977684557", "price": 0.13926, "amount": 10.0, "side": "buy", "timestamp": 1765000234043}, {"id": "977684558", "price": 0.13926, "amount": 431.0, "side": "buy", "timestamp": 1765000234373}, {"id": "977684559", "price": 0.13925, "amount": 75.0, "side": "sell", "timestamp": 1765000234936}, {"id": "977684560", "price": 0.13925, "amount": 304.0, "side": "sell", "timestamp": 1765000235392}, {"id": "977684561", "price": 0.13925, "amount": 10989.0, "side": "sell", "timestamp": 1765000236347}, {"id": "977684562", "price": 0.13925, "amount": 1217.0, "side": "buy", "timestamp": 1765000236366}, {"id": "977684563", "price": 0.13925, "amount": 730.0, "side": "buy", "timestamp": 1765000238528}, {"id": "977684564", "price": 0.13925, "amount": 44.0, "side": "buy", "timestamp": 1765000239336}, {"id": "977684565", "price": 0.13925, "amount": 7.0, "side": "buy", "timestamp": 1765000239605}, {"id": "977684566", "price": 0.13924, "amount": 78.0, "side": "sell", "timestamp": 1765000239887}, {"id": "977684567", "price": 0.13925, "amount": 13.0, "side": "buy", "timestamp": 1765000239959}, {"id": "977684568", "price": 0.13925, "amount": 6.0, "side": "buy", "timestamp": 1765000242916}, {"id": "977684569", "price": 0.13924, "amount": 134.0, "side": "sell", "timestamp": 1765000242973}, {"id": "977684570", "price": 0.13924, "amount": 5797.0, "side": "sell", "timestamp": 1765000243764}, {"id": "977684571", "price": 0.13925, "amount": 8.0, "side": "buy", "timestamp": 1765000244664}, {"id": "977684572", "price": 0.13924, "amount": 75.0, "side": "sell", "timestamp": 1765000244991}, {"id": "977684573", "price": 0.13925, "amount": 431.0, "side": "buy", "timestamp": 1765000245012}, {"id": "977684574", "price": 0.13925, "amount": 9.0, "side": "buy", "timestamp": 1765000246013}, {"id": "977684575", "price": 0.13924, "amount": 589.0, "side": "sell", "timestamp": 1765000246138}, {"id": "977684576", "price": 0.13925, "amount": 51.0, "side": "buy", "timestamp": 1765000246845}, {"id": "977684577", "price": 0.13925, "amount": 8882.0, "side": "buy", "timestamp": 1765000246996}, {"id": "977684578", "price": 0.13925, "amount": 240.0, "side": "sell", "timestamp": 1765000247464}, {"id": "977684579", "price": 0.13926, "amount": 9766.0, "side": "buy", "timestamp": 1765000247504}, {"id": "977684580", "price": 0.13926, "amount": 4131.0, "side": "buy", "timestamp": 1765000247609}, {"id": "977684581", "price": 0.13927, "amount": 46.0, "side": "buy", "timestamp": 1765000247619}, {"id": "977684582", "price": 0.13927, "amount": 59.0, "side": "buy", "timestamp": 1765000248521}, {"id": "977684583", "price": 0.13927, "amount": 7.0, "side": "buy", "timestamp": 1765000248649}, {"id": "977684584", "price": 0.13926, "amount": 186.0, "side": "sell", "timestamp": 1765000248686}, {"id": "977684585", "price": 0.13926, "amount": 430.0, "side": "sell", "timestamp": 1765000249945}, {"id": "977684586", "price": 0.13927, "amount": 7.0, "side": "buy", "timestamp": 1765000251339}, {"id": "977684587", "price": 0.13927, "amount": 13.0, "side": "buy", "timestamp": 1765000253226}, {"id": "977684588", "price": 0.13926, "amount": 491.0, "side": "sell", "timestamp": 1765000254996}, {"id": "977684589", "price": 0.13927, "amount": 160.0, "side": "buy", "timestamp": 1765000255673}, {"id": "977684590", "price": 0.13927, "amount": 178.0, "side": "buy", "timestamp": 1765000257151}, {"id": "977684591", "price": 0.13927, "amount": 1077.0, "side": "buy", "timestamp": 1765000258452}, {"id": "977684592", "price": 0.13927, "amount": 25.0, "side": "buy", "timestamp": 1765000258802}, {"id": "977684593", "price": 0.13927, "amount": 85.0, "side": "buy", "timestamp": 1765000259659}, {"id": "977684594", "price": 0.13926, "amount": 591.0, "side": "sell", "timestamp": 1765000259945}, {"id": "977684595", "price": 0.13926, "amount": 100000.0, "side": "sell", "timestamp": 1765000260575}, {"id": "977684596", "price": 0.13926, "amount": 186.0, "side": "sell", "timestamp": 1765000261167}, {"id": "977684597", "price": 0.13927, "amount": 431.0, "side": "buy", "timestamp": 1765000263670}, {"id": "977684598", "price": 0.13927, "amount": 72.0, "side": "buy", "timestamp": 1765000264068}, {"id": "977684599", "price": 0.13927, "amount": 189.0, "side": "buy", "timestamp": 1765000264346}, {"id": "977684600", "price": 0.13927, "amount": 73.0, "side": "buy", "timestamp": 1765000264484}, {"id": "977684601", "price": 0.13927, "amount": 129.0, "side": "buy", "timestamp": 1765000264773}, {"id": "977684602", "price": 0.13927, "amount": 431.0, "side": "buy", "timestamp": 1765000266936}, {"id": "977684603", "price": 0.13927, "amount": 288149.0, "side": "buy", "timestamp": 1765000267144}, {"id": "977684604", "price": 0.13928, "amount": 17375.0, "side": "buy", "timestamp": 1765000267145}, {"id": "977684605", "price": 0.13928, "amount": 6.0, "side": "buy", "timestamp": 1765000269513}, {"id": "977684606", "price": 0.13928, "amount": 7.0, "side": "buy", "timestamp": 1765000270191}, {"id": "977684607", "price": 0.13927, "amount": 358.0, "side": "sell", "timestamp": 1765000273469}, {"id": "977684608", "price": 0.13927, "amount": 200.0, "side": "sell", "timestamp": 1765000273691}, {"id": "977684609", "price": 0.13928, "amount": 78180.0, "side": "buy", "timestamp": 1765000275442}, {"id": "977684610", "price": 0.13928, "amount": 4.0, "side": "buy", "timestamp": 1765000277895}, {"id": "977684611", "price": 0.13928, "amount": 13.0, "side": "buy", "timestamp": 1765000278771}, {"id": "977684612", "price": 0.13927, "amount": 6159.0, "side": "sell", "timestamp": 1765000279072}, {"id": "977684613", "price": 0.13928, "amount": 24602.0, "side": "buy", "timestamp": 1765000280393}, {"id": "977684614", "price": 0.13929, "amount": 20225.0, "side": "buy", "timestamp": 1765000280409}, {"id": "977684615", "price": 0.1393, "amount": 24228.0, "side": "buy", "timestamp": 1765000280422}, {"id": "977684616", "price": 0.1393, "amount": 49.0, "side": "buy", "timestamp": 1765000282441}, {"id": "977684617", "price": 0.1393, "amount": 1076.0, "side": "buy", "timestamp": 1765000283867}, {"id": "977684618", "price": 0.1393, "amount": 418.0, "side": "buy", "timestamp": 1765000285360}, {"id": "977684619", "price": 0.13929, "amount": 21790.0, "side": "sell", "timestamp": 1765000285763}, {"id": "977684620", "price": 0.1393, "amount": 1738.0, "side": "buy", "timestamp": 1765000286094}, {"id": "977684621", "price": 0.13929, "amount": 58.0, "side": "sell", "timestamp": 1765000286579}, {"id": "977684622", "price": 0.1393, "amount": 7.0, "side": "buy", "timestamp": 1765000286958}, {"id": "977684623", "price": 0.1393, "amount": 7000.0, "side": "buy", "timestamp": 1765000287346}, {"id": "977684624", "price": 0.1393, "amount": 3797.0, "side": "buy", "timestamp": 1765000288416}, {"id": "977684625", "price": 0.1393, "amount": 9.0, "side": "buy", "timestamp": 1765000289954}, {"id": "977684626", "price": 0.1393, "amount": 6.0, "side": "buy", "timestamp": 1765000290499}, {"id": "977684627", "price": 0.13929, "amount": 143.0, "side": "sell", "timestamp": 1765000291372}, {"id": "977684628", "price": 0.1393, "amount": 3245.0, "side": "buy", "timestamp": 1765000295327}, {"id": "977684629", "price": 0.13929, "amount": 86.0, "side": "sell", "timestamp": 1765000295665}, {"id": "977684630", "price": 0.1393, "amount": 7.0, "side": "buy", "timestamp": 1765000296904}, {"id": "977684631", "price": 0.13929, "amount": 81.0, "side": "sell", "timestamp": 1765000300001}, {"id": "977684632", "price": 0.1393, "amount": 14967.0, "side": "buy", "timestamp": 1765000300800}, {"id": "977684633", "price": 0.13929, "amount": 217.0, "side": "sell", "timestamp": 1765000302617}, {"id": "977684634", "price": 0.13929, "amount": 53.0, "side": "sell", "timestamp": 1765000302730}, {"id": "977684635", "price": 0.1393, "amount": 1295.0, "side": "buy", "timestamp": 1765000302745}, {"id": "977684636", "price": 0.13929, "amount": 96.0, "side": "sell", "timestamp": 1765000303591}, {"id": "977684637", "price": 0.13929, "amount": 39.0, "side": "sell", "timestamp": 1765000303910}, {"id": "977684638", "price": 0.1393, "amount": 14.0, "side": "buy", "timestamp": 1765000304297}, {"id": "977684659", "price": 0.13927, "amount": 8.0, "side": "buy", "timestamp": 1765000321062}, {"id": "977684660", "price": 0.13927, "amount": 78.0, "side": "buy", "timestamp": 1765000322027}, {"id": "977684661", "price": 0.13927, "amount": 463.0, "side": "buy", "timestamp": 1765000322357}, {"id": "977684662", "price": 0.13927, "amount": 362.0, "side": "buy", "timestamp": 1765000322737}, {"id": "977684663", "price": 0.13927, "amount": 129.0, "side": "buy", "timestamp": 1765000323080}, {"id": "977684664", "price": 0.13927, "amount": 512.0, "side": "buy", "timestamp": 1765000323306}, {"id": "977684665", "price": 0.13927, "amount": 417.0, "side": "buy", "timestamp": 1765000323815}, {"id": "977684666", "price": 0.13926, "amount": 151.0, "side": "sell", "timestamp": 1765000325314}, {"id": "977684667", "price": 0.13926, "amount": 246.0, "side": "sell", "timestamp": 1765000329739}, {"id": "977684668", "price": 0.13926, "amount": 15409.0, "side": "sell", "timestamp": 1765000330107}, {"id": "977684669", "price": 0.13926, "amount": 86.0, "side": "sell", "timestamp": 1765000331661}, {"id": "977684670", "price": 0.13927, "amount": 60.0, "side": "buy", "timestamp": 1765000332442}, {"id": "977684671", "price": 0.13927, "amount": 153.0, "side": "buy", "timestamp": 1765000333184}, {"id": "977684672", "price": 0.13927, "amount": 380.0, "side": "buy", "timestamp": 1765000333733}, {"id": "977684673", "price": 0.13926, "amount": 93026.0, "side": "sell", "timestamp": 1765000333820}, {"id": "977684674", "price": 0.13925, "amount": 1440.0, "side": "sell", "timestamp": 1765000333832}, {"id": "977684675", "price": 0.13926, "amount": 150000.0, "side": "buy", "timestamp": 1765000334454}, {"id": "977684676", "price": 0.13925, "amount": 82.0, "side": "sell", "timestamp": 1765000334947}, {"id": "977684677", "price": 0.13925, "amount": 53.0, "side": "sell", "timestamp": 1765000335108}, {"id": "977684678", "price": 0.13925, "amount": 7049.0, "side": "sell", "timestamp": 1765000335925}, {"id": "977684679", "price": 0.13926, "amount": 1114.0, "side": "buy", "timestamp": 1765000336061}, {"id": "977684680", "price": 0.13925, "amount": 153.0, "side": "sell", "timestamp": 1765000336114}, {"id": "977684681", "price": 0.13925, "amount": 2373.0, "side": "sell", "timestamp": 1765000336237}, {"id": "977684682", "price": 0.13926, "amount": 4.0, "side": "buy", "timestamp": 1765000337232}, {"id": "977684683", "price": 0.13926, "amount": 45.0, "side": "buy", "timestamp": 1765000337592}, {"id": "977684684", "price": 0.13925, "amount": 794.0, "side": "sell", "timestamp": 1765000338057}, {"id": "977684685", "price": 0.13925, "amount": 4.0, "side": "buy", "timestamp": 1765000339348}, {"id": "977684686", "price": 0.13924, "amount": 77.0, "side": "sell", "timestamp": 1765000339711}, {"id": "977684687", "price": 0.13925, "amount": 7.0, "side": "buy", "timestamp": 1765000341617}, {"id": "977684688", "price": 0.13925, "amount": 469.0, "side": "buy", "timestamp": 1765000341868}, {"id": "977684689", "price": 0.13925, "amount": 14.0, "side": "buy", "timestamp": 1765000342510}, {"id": "977684690", "price": 0.13924, "amount": 1062.0, "side": "sell", "timestamp": 1765000344428}, {"id": "977684691", "price": 0.13924, "amount": 76.0, "side": "sell", "timestamp": 1765000345082}, {"id": "977684692", "price": 0.13924, "amount": 15439.0, "side": "sell", "timestamp": 1765000345539}, {"id": "977684693", "price": 0.13924, "amount": 418.0, "side": "buy", "timestamp": 1765000346189}, {"id": "977684694", "price": 0.13923, "amount": 962.0, "side": "sell", "timestamp": 1765000346469}, {"id": "977684695", "price": 0.13924, "amount": 9797.0, "side": "buy", "timestamp": 1765000346657}, {"id": "977684696", "price": 0.13924, "amount": 7.0, "side": "buy", "timestamp": 1765000347553}, {"id": "977684697", "price": 0.13924, "amount": 6.0, "side": "buy", "timestamp": 1765000348464}, {"id": "977684698", "price": 0.13924, "amount": 5.0, "side": "buy", "timestamp": 1765000348816}, {"id": "977684699", "price": 0.13923, "amount": 514.0, "side": "sell", "timestamp": 1765000348835}, {"id": "977684700", "price": 0.13923, "amount": 70.0, "side": "sell", "timestamp": 1765000349741}, {"id": "977684701", "price": 0.13924, "amount": 9.0, "side": "buy", "timestamp": 1765000350513}, {"id": "977684702", "price": 0.13923, "amount": 9245.0, "side": "sell", "timestamp": 1765000351031}, {"id": "977684703", "price": 0.13924, "amount": 892.0, "side": "buy", "timestamp": 1765000353552}, {"id": "977684704", "price": 0.13923, "amount": 81.0, "side": "sell", "timestamp": 1765000354920}, {"id": "977684705", "price": 0.13924, "amount": 13.0, "side": "buy", "timestamp": 1765000355173}, {"id": "977684706", "price": 0.13924, "amount": 5.0, "side": "buy", "timestamp": 1765000355675}, {"id": "977684707", "price": 0.13923, "amount": 137.0, "side": "sell", "timestamp": 1765000356630}, {"id": "977684708", "price": 0.13924, "amount": 290.0, "side": "buy", "timestamp": 1765000357114}, {"id": "977684725", "price": 0.1393, "amount": 71.0, "side": "sell", "timestamp": 1765000365036}, {"id": "977684726", "price": 0.13931, "amount": 14062.0, "side": "buy", "timestamp": 1765000365546}, {"id": "977684727", "price": 0.1393, "amount": 56.0, "side": "sell", "timestamp": 1765000365660}, {"id": "977684728", "price": 0.13931, "amount": 10000.0, "side": "buy", "timestamp": 1765000366915}, {"id": "977684729", "price": 0.13931, "amount": 5.0, "side": "buy", "timestamp": 1765000367502}, {"id": "977684730", "price": 0.1393, "amount": 86.0, "side": "sell", "timestamp": 1765000367664}, {"id": "977684731", "price": 0.1393, "amount": 126.0, "side": "sell", "timestamp": 1765000368478}, {"id": "977684732", "price": 0.13931, "amount": 3.0, "side": "buy", "timestamp": 1765000369799}, {"id": "977684733", "price": 0.1393, "amount": 42347.0, "side": "sell", "timestamp": 1765000370497}, {"id": "977684734", "price": 0.13929, "amount": 20987.0, "side": "sell", "timestamp": 1765000371317}, {"id": "977684735", "price": 0.13929, "amount": 46.0, "side": "buy", "timestamp": 1765000372480}, {"id": "977684736", "price": 0.13929, "amount": 1435.0, "side": "buy", "timestamp": 1765000373272}, {"id": "977684737", "price": 0.13928, "amount": 956.0, "side": "sell", "timestamp": 1765000373498}, {"id": "977684738", "price": 0.13928, "amount": 273.0, "side": "sell", "timestamp": 1765000373754}, {"id": "977684739", "price": 0.13929, "amount": 6.0, "side": "buy", "timestamp": 1765000375042}, {"id": "977684740", "price": 0.13929, "amount": 5171.0, "side": "buy", "timestamp": 1765000377450}, {"id": "977684741", "price": 0.13929, "amount": 105.0, "side": "sell", "timestamp": 1765000379373}, {"id": "977684742", "price": 0.1393, "amount": 6.0, "side": "buy", "timestamp": 1765000380627}, {"id": "977684743", "price": 0.1393, "amount": 14.0, "side": "buy", "timestamp": 1765000380749}, {"id": "977684744", "price": 0.1393, "amount": 21790.0, "side": "buy", "timestamp": 1765000381992}, {"id": "977684745", "price": 0.1393, "amount": 80.0, "side": "buy", "timestamp": 1765000385144}, {"id": "977684746", "price": 0.1393, "amount": 205.0, "side": "buy", "timestamp": 1765000385360}, {"id": "977684747", "price": 0.1393, "amount": 94.0, "side": "buy", "timestamp": 1765000385785}, {"id": "977684748", "price": 0.1393, "amount": 8.0, "side": "buy", "timestamp": 1765000388071}, {"id": "977684749", "price": 0.1393, "amount": 830.0, "side": "buy", "timestamp": 1765000388626}, {"id": "977684750", "price": 0.13929, "amount": 36.0, "side": "sell", "timestamp": 1765000388899}, {"id": "977684751", "price": 0.1393, "amount": 216.0, "side": "buy", "timestamp": 1765000389748}, {"id": "977684752", "price": 0.13929, "amount": 83.0, "side": "sell", "timestamp": 1765000390032}, {"id": "977684753", "price": 0.1393, "amount": 100.0, "side": "buy", "timestamp": 1765000391040}, {"id": "977684754", "price": 0.1393, "amount": 7.0, "side": "buy", "timestamp": 1765000392527}, {"id": "977684755", "price": 0.13929, "amount": 10468.0, "side": "sell", "timestamp": 1765000393974}, {"id": "977684756", "price": 0.13929, "amount": 72.0, "side": "sell", "timestamp": 1765000394935}, {"id": "977684757", "price": 0.1393, "amount": 764.0, "side": "buy", "timestamp": 1765000395629}, {"id": "977684758", "price": 0.1393, "amount": 353.0, "side": "buy", "timestamp": 1765000395741}, {"id": "977684759", "price": 0.1393, "amount": 97.0, "side": "buy", "timestamp": 1765000397440}, {"id": "977684760", "price": 0.13929, "amount": 232.0, "side": "sell", "timestamp": 1765000399195}, {"id": "977684761", "price": 0.13929, "amount": 72.0, "side": "sell", "timestamp": 1765000399705}, {"id": "977684762", "price": 0.1393, "amount": 2.0, "side": "buy", "timestamp": 1765000400931}, {"id": "977684763", "price": 0.13929, "amount": 1080.0, "side": "sell", "timestamp": 1765000402699}, {"id": "977684764", "price": 0.13929, "amount": 86.0, "side": "sell", "timestamp": 1765000403674}, {"id": "977684765", "price": 0.1393, "amount": 574.0, "side": "buy", "timestamp": 1765000404320}, {"id": "977684766", "price": 0.1393, "amount": 418.0, "side": "buy", "timestamp": 1765000404548}, {"id": "977684767", "price": 0.13929, "amount": 75.0, "side": "sell", "timestamp": 1765000404871}, {"id": "977684768", "price": 0.1393, "amount": 1148.0, "side": "buy", "timestamp": 1765000405120}, {"id": "977684769", "price": 0.13929, "amount": 54.0, "side": "sell", "timestamp": 1765000405530}, {"id": "977684770", "price": 0.13929, "amount": 1026.0, "side": "sell", "timestamp": 1765000406088}, {"id": "977684771", "price": 0.1393, "amount": 13.0, "side": "buy", "timestamp": 1765000406265}, {"id": "977684772", "price": 0.1393, "amount": 7932.0, "side": "buy", "timestamp": 1765000407560}, {"id": "977684773", "price": 0.1393, "amount": 7.0, "side": "buy", "timestamp": 1765000408132}, {"id": "977684774", "price": 0.13929, "amount": 1026.0, "side": "sell", "timestamp": 1765000408525}, {"id": "977684782", "price": 0.13929, "amount": 79.0, "side": "sell", "timestamp": 1765000414927}, {"id": "977684783", "price": 0.13929, "amount": 68.0, "side": "sell", "timestamp": 1765000415550}, {"id": "977684784", "price": 0.1393, "amount": 6.0, "side": "buy", "timestamp": 1765000418042}, {"id": "977684785", "price": 0.13929, "amount": 821.0, "side": "sell", "timestamp": 1765000418507}, {"id": "977684786", "price": 0.13929, "amount": 73.0, "side": "sell", "timestamp": 1765000419740}, {"id": "977684787", "price": 0.13929, "amount": 40.0, "side": "sell", "timestamp": 1765000420503}, {"id": "977684788", "price": 0.13929, "amount": 50.0, "side": "sell", "timestamp": 1765000421481}, {"id": "977684789", "price": 0.13929, "amount": 658.0, "side": "sell", "timestamp": 1765000422968}, {"id": "977684790", "price": 0.1393, "amount": 8.0, "side": "buy", "timestamp": 1765000423048}, {"id": "977684791", "price": 0.13929, "amount": 84.0, "side": "sell", "timestamp": 1765000424922}, {"id": "977684792", "price": 0.13929, "amount": 469.0, "side": "sell", "timestamp": 1765000425986}, {"id": "977684793", "price": 0.1393, "amount": 6.0, "side": "buy", "timestamp": 1765000427707}, {"id": "977684794", "price": 0.13929, "amount": 84.0, "side": "sell", "timestamp": 1765000429974}, {"id": "977684795", "price": 0.1393, "amount": 7.0, "side": "buy", "timestamp": 1765000430346}, {"id": "977684796", "price": 0.13929, "amount": 296.0, "side": "sell", "timestamp": 1765000431669}, {"id": "977684797", "price": 0.13929, "amount": 543.0, "side": "sell", "timestamp": 1765000432110}, {"id": "977684798", "price": 0.1393, "amount": 7.0, "side": "buy", "timestamp": 1765000433607}, {"id": "977684799", "price": 0.13929, "amount": 100.0, "side": "sell", "timestamp": 1765000434850}, {"id": "977684800", "price": 0.1393, "amount": 3.0, "side": "buy", "timestamp": 1765000436095}, {"id": "977684801", "price": 0.1393, "amount": 8.0, "side": "buy", "timestamp": 1765000438297}, {"id": "977684802", "price": 0.13929, "amount": 86.0, "side": "sell", "timestamp": 1765000439663}, {"id": "977684803", "price": 0.13929, "amount": 37561.0, "side": "sell", "timestamp": 1765000443270}, {"id": "977684804", "price": 0.13929, "amount": 7.0, "side": "buy", "timestamp": 1765000443563}, {"id": "977684805", "price": 0.13928, "amount": 1355.0, "side": "sell", "timestamp": 1765000444918}, {"id": "977684806", "price": 0.13928, "amount": 15621.0, "side": "sell", "timestamp": 1765000445974}, {"id": "977684807", "price": 0.13927, "amount": 74273.0, "side": "sell", "timestamp": 1765000445974}, {"id": "977684808", "price": 0.13928, "amount": 1001.0, "side": "buy", "timestamp": 1765000446135}, {"id": "977684809", "price": 0.13928, "amount": 8.0, "side": "buy", "timestamp": 1765000448626}, {"id": "977684810", "price": 0.13927, "amount": 113.0, "side": "sell", "timestamp": 1765000449774}, {"id": "977684811", "price": 0.13928, "amount": 47.0, "side": "buy", "timestamp": 1765000449991}, {"id": "977684812", "price": 0.13928, "amount": 163.0, "side": "buy", "timestamp": 1765000450457}, {"id": "977684813", "price": 0.13927, "amount": 547.0, "side": "sell", "timestamp": 1765000451123}, {"id": "977684814", "price": 0.13928, "amount": 11252.0, "side": "buy", "timestamp": 1765000451420}, {"id": "977684815", "price": 0.13929, "amount": 3986.0, "side": "buy", "timestamp": 1765000451483}, {"id": "977684816", "price": 0.1393, "amount": 14470.0, "side": "buy", "timestamp": 1765000451484}, {"id": "977684817", "price": 0.13929, "amount": 80.0, "side": "sell", "timestamp": 1765000452087}, {"id": "977684818", "price": 0.1393, "amount": 126.0, "side": "buy", "timestamp": 1765000452642}, {"id": "977684819", "price": 0.1393, "amount": 103.0, "side": "buy", "timestamp": 1765000452891}, {"id": "977684820", "price": 0.1393, "amount": 200.0, "side": "buy", "timestamp": 1765000453360}, {"id": "977684821", "price": 0.1393, "amount": 260.0, "side": "buy", "timestamp": 1765000453797}, {"id": "977684822", "price": 0.1393, "amount": 57.0, "side": "buy", "timestamp": 1765000454080}, {"id": "977684823", "price": 0.1393, "amount": 7.0, "side": "buy", "timestamp": 1765000454266}, {"id": "977684824", "price": 0.1393, "amount": 8.0, "side": "buy", "timestamp": 1765000454408}, {"id": "977684825", "price": 0.1393, "amount": 152315.0, "side": "buy", "timestamp": 1765000456912}, {"id": "977684826", "price": 0.13931, "amount": 4668.0, "side": "buy", "timestamp": 1765000456917}, {"id": "977684827", "price": 0.13931, "amount": 14.0, "side": "buy", "timestamp": 1765000457202}, {"id": "977684828", "price": 0.13931, "amount": 5.0, "side": "buy", "timestamp": 1765000458832}, {"id": "977684829", "price": 0.1393, "amount": 317.0, "side": "sell", "timestamp": 1765000459323}, {"id": "977684830", "price": 0.13931, "amount": 43.0, "side": "buy", "timestamp": 1765000460727}, {"id": "977684831", "price": 0.13931, "amount": 2596.0, "side": "buy", "timestamp": 1765000460924}, {"id": "977684848", "price": 0.13931, "amount": 8.0, "side": "buy", "timestamp": 1765000474125}, {"id": "977684849", "price": 0.13931, "amount": 993.0, "side": "buy", "timestamp": 1765000474627}, {"id": "977684850", "price": 0.1393, "amount": 838.0, "side": "sell", "timestamp": 1765000474653}, {"id": "977684851", "price": 0.1393, "amount": 85.0, "side": "sell", "timestamp": 1765000475026}, {"id": "977684852", "price": 0.13931, "amount": 79.0, "side": "buy", "timestamp": 1765000475672}, {"id": "977684853", "price": 0.1393, "amount": 1706.0, "side": "sell", "timestamp": 1765000476564}, {"id": "977684854", "price": 0.13931, "amount": 6.0, "side": "buy", "timestamp": 1765000477193}, {"id": "977684855", "price": 0.1393, "amount": 41297.0, "side": "sell", "timestamp": 1765000478977}, {"id": "977684856", "price": 0.1393, "amount": 6521.0, "side": "buy", "timestamp": 1765000479074}, {"id": "977684857", "price": 0.13929, "amount": 40390.0, "side": "sell", "timestamp": 1765000479130}, {"id": "977684858", "price": 0.1393, "amount": 14.0, "side": "buy", "timestamp": 1765000479157}, {"id": "977684859", "price": 0.13929, "amount": 74.0, "side": "sell", "timestamp": 1765000479913}, {"id": "977684860", "price": 0.1393, "amount": 6.0, "side": "buy", "timestamp": 1765000480704}, {"id": "977684861", "price": 0.13929, "amount": 1784.0, "side": "sell", "timestamp": 1765000482673}, {"id": "977684862", "price": 0.1393, "amount": 19.0, "side": "buy", "timestamp": 1765000482714}, {"id": "977684863", "price": 0.1393, "amount": 3471.0, "side": "buy", "timestamp": 1765000484621}, {"id": "977684864", "price": 0.13929, "amount": 77.0, "side": "sell", "timestamp": 1765000485003}, {"id": "977684865", "price": 0.1393, "amount": 484.0, "side": "buy", "timestamp": 1765000487307}, {"id": "977684866", "price": 0.13929, "amount": 313.0, "side": "sell", "timestamp": 1765000487511}, {"id": "977684867", "price": 0.13929, "amount": 2386.0, "side": "sell", "timestamp": 1765000488780}, {"id": "977684868", "price": 0.1393, "amount": 6.0, "side": "buy", "timestamp": 1765000488982}, {"id": "977684869", "price": 0.1393, "amount": 717.0, "side": "buy", "timestamp": 1765000489684}, {"id": "977684870", "price": 0.1393, "amount": 221.0, "side": "buy", "timestamp": 1765000489887}, {"id": "977684871", "price": 0.13929, "amount": 78.0, "side": "sell", "timestamp": 1765000490048}, {"id": "977684872", "price": 0.1393, "amount": 13.0, "side": "buy", "timestamp": 1765000490918}, {"id": "977684873", "price": 0.1393, "amount": 18.0, "side": "buy", "timestamp": 1765000494399}, {"id": "977684874", "price": 0.1393, "amount": 332.0, "side": "buy", "timestamp": 1765000496589}, {"id": "977684875", "price": 0.1393, "amount": 775.0, "side": "buy", "timestamp": 1765000499155}, {"id": "977684876", "price": 0.1393, "amount": 358.0, "side": "buy", "timestamp": 1765000499374}, {"id": "977684877", "price": 0.1393, "amount": 12.0, "side": "buy", "timestamp": 1765000499647}, {"id": "977684878", "price": 0.1393, "amount": 47.0, "side": "buy", "timestamp": 1765000501773}, {"id": "977684879", "price": 0.1393, "amount": 7.0, "side": "buy", "timestamp": 1765000502350}, {"id": "977684880", "price": 0.13929, "amount": 87.0, "side": "sell", "timestamp": 1765000504362}, {"id": "977684881", "price": 0.13929, "amount": 42.0, "side": "sell", "timestamp": 1765000504572}, {"id": "977684882", "price": 0.1393, "amount": 45.0, "side": "buy", "timestamp": 1765000505048}, {"id": "977684883", "price": 0.1393, "amount": 29.0, "side": "buy", "timestamp": 1765000505207}, {"id": "977684884", "price": 0.13929, "amount": 140.0, "side": "sell", "timestamp": 1765000505479}, {"id": "977684885", "price": 0.1393, "amount": 36.0, "side": "buy", "timestamp": 1765000505666}, {"id": "977684886", "price": 0.1393, "amount": 215.0, "side": "buy", "timestamp": 1765000506797}, {"id": "977684887", "price": 0.1393, "amount": 9.0, "side": "buy", "timestamp": 1765000507211}, {"id": "977684888", "price": 0.1393, "amount": 214.0, "side": "buy", "timestamp": 1765000507365}, {"id": "977684889", "price": 0.1393, "amount": 21.0, "side": "buy", "timestamp": 1765000508225}, {"id": "977684890", "price": 0.1393, "amount": 388.0, "side": "buy", "timestamp": 1765000508916}, {"id": "977684891", "price": 0.13929, "amount": 58.0, "side": "sell", "timestamp": 1765000509832}, {"id": "977684892", "price": 0.13929, "amount": 84.0, "side": "sell", "timestamp": 1765000510095}, {"id": "977684893", "price": 0.1393, "amount": 1019.0, "side": "buy", "timestamp": 1765000510876}, {"id": "977684894", "price": 0.13929, "amount": 86.0, "side": "sell", "timestamp": 1765000511665}, {"id": "977684895", "price": 0.1393, "amount": 13730.0, "side": "buy", "timestamp": 1765000512630}, {"id": "977684896", "price": 0.1393, "amount": 5676.0, "side": "buy", "timestamp": 1765000512950}, {"id": "977684897", "price": 0.1393, "amount": 221.0, "side": "buy", "timestamp": 1765000513656}, {"id": "977684920", "price": 0.13933, "amount": 127.0, "side": "buy", "timestamp": 1765000527444}, {"id": "977684921", "price": 0.13933, "amount": 15.0, "side": "buy", "timestamp": 1765000529679}, {"id": "977684922", "price": 0.13933, "amount": 1240.0, "side": "buy", "timestamp": 1765000530028}, {"id": "977684923", "price": 0.13933, "amount": 47.0, "side": "buy", "timestamp": 1765000530587}, {"id": "977684924", "price": 0.13933, "amount": 51188.0, "side": "buy", "timestamp": 1765000531956}, {"id": "977684925", "price": 0.13934, "amount": 15211.0, "side": "buy", "timestamp": 1765000531986}, {"id": "977684926", "price": 0.13934, "amount": 435.0, "side": "buy", "timestamp": 1765000532176}, {"id": "977684927", "price": 0.13934, "amount": 56.0, "side": "buy", "timestamp": 1765000533636}, {"id": "977684928", "price": 0.13934, "amount": 21.0, "side": "buy", "timestamp": 1765000534690}, {"id": "977684929", "price": 0.13934, "amount": 2284.0, "side": "buy", "timestamp": 1765000537163}, {"id": "977684930", "price": 0.13934, "amount": 5386.0, "side": "buy", "timestamp": 1765000537498}, {"id": "977684931", "price": 0.13934, "amount": 109.0, "side": "buy", "timestamp": 1765000538322}, {"id": "977684932", "price": 0.13934, "amount": 560.0, "side": "buy", "timestamp": 1765000538597}, {"id": "977684933", "price": 0.13933, "amount": 279.0, "side": "sell", "timestamp": 1765000538795}, {"id": "977684934", "price": 0.13934, "amount": 58.0, "side": "buy", "timestamp": 1765000539034}, {"id": "977684935", "price": 0.13933, "amount": 2158.0, "side": "sell", "timestamp": 1765000542377}, {"id": "977684936", "price": 0.13934, "amount": 44775.0, "side": "buy", "timestamp": 1765000542922}, {"id": "977684937", "price": 0.13934, "amount": 43.0, "side": "sell", "timestamp": 1765000543117}, {"id": "977684938", "price": 0.13935, "amount": 46.0, "side": "buy", "timestamp": 1765000545221}, {"id": "977684939", "price": 0.13934, "amount": 40.0, "side": "sell", "timestamp": 1765000546031}, {"id": "977684940", "price": 0.13935, "amount": 448.0, "side": "buy", "timestamp": 1765000547312}, {"id": "977684941", "price": 0.13935, "amount": 86.0, "side": "buy", "timestamp": 1765000547666}, {"id": "977684942", "price": 0.13935, "amount": 47.0, "side": "buy", "timestamp": 1765000547929}, {"id": "977684943", "price": 0.13935, "amount": 1943.0, "side": "buy", "timestamp": 1765000548388}, {"id": "977684944", "price": 0.13934, "amount": 84.0, "side": "sell", "timestamp": 1765000549070}, {"id": "977684945", "price": 0.13935, "amount": 77.0, "side": "buy", "timestamp": 1765000549623}, {"id": "977684946", "price": 0.13935, "amount": 172.0, "side": "buy", "timestamp": 1765000550233}, {"id": "977684947", "price": 0.13935, "amount": 18.0, "side": "buy", "timestamp": 1765000550352}, {"id": "977684948", "price": 0.13934, "amount": 71.0, "side": "sell", "timestamp": 1765000550751}, {"id": "977684949", "price": 0.13935, "amount": 5.0, "side": "buy", "timestamp": 1765000551492}, {"id": "977684950", "price": 0.13935, "amount": 53.0, "side": "buy", "timestamp": 1765000552235}, {"id": "977684951", "price": 0.13935, "amount": 22712.0, "side": "buy", "timestamp": 1765000552492}, {"id": "977684952", "price": 0.13935, "amount": 45.0, "side": "buy", "timestamp": 1765000553548}, {"id": "977684953", "price": 0.13935, "amount": 120.0, "side": "buy", "timestamp": 1765000553709}, {"id": "977684954", "price": 0.13935, "amount": 3308.0, "side": "buy", "timestamp": 1765000554537}, {"id": "977684955", "price": 0.13934, "amount": 89.0, "side": "sell", "timestamp": 1765000555372}, {"id": "977684956", "price": 0.13935, "amount": 6.0, "side": "buy", "timestamp": 1765000556707}, {"id": "977684957", "price": 0.13935, "amount": 42.0, "side": "buy", "timestamp": 1765000557632}, {"id": "977684958", "price": 0.13935, "amount": 10.0, "side": "buy", "timestamp": 1765000560111}, {"id": "977684959", "price": 0.13935, "amount": 21.0, "side": "buy", "timestamp": 1765000560243}, {"id": "977684960", "price": 0.13935, "amount": 78.0, "side": "buy", "timestamp": 1765000560534}, {"id": "977684961", "price": 0.13935, "amount": 21848.0, "side": "buy", "timestamp": 1765000560803}, {"id": "977684962", "price": 0.13936, "amount": 15456.0, "side": "buy", "timestamp": 1765000561156}, {"id": "977684963", "price": 0.13935, "amount": 516.0, "side": "sell", "timestamp": 1765000561321}, {"id": "977684964", "price": 0.13936, "amount": 225.0, "side": "buy", "timestamp": 1765000561367}, {"id": "977684965", "price": 0.13936, "amount": 237.0, "side": "buy", "timestamp": 1765000561801}, {"id": "977684966", "price": 0.13936, "amount": 151.0, "side": "buy", "timestamp": 1765000561913}, {"id": "977684967", "price": 0.13936, "amount": 47.0, "side": "buy", "timestamp": 1765000562131}, {"id": "977684968", "price": 0.13936, "amount": 144.0, "side": "buy", "timestamp": 1765000562425}, {"id": "977684969", "price": 0.13936, "amount": 394.0, "side": "buy", "timestamp": 1765000564856}, {"id": "977685002", "price": 0.13932, "amount": 10.0, "side": "buy", "timestamp": 1765000583137}, {"id": "977685003", "price": 0.13931, "amount": 165.0, "side": "sell", "timestamp": 1765000583634}, {"id": "977685004", "price": 0.13932, "amount": 418.0, "side": "buy", "timestamp": 1765000584643}, {"id": "977685005", "price": 0.13931, "amount": 82.0, "side": "sell", "timestamp": 1765000585069}, {"id": "977685006", "price": 0.13932, "amount": 8744.0, "side": "buy", "timestamp": 1765000585210}, {"id": "977685007", "price": 0.13932, "amount": 6.0, "side": "buy", "timestamp": 1765000585495}, {"id": "977685008", "price": 0.13932, "amount": 278.0, "side": "buy", "timestamp": 1765000586180}, {"id": "977685009", "price": 0.13932, "amount": 206.0, "side": "buy", "timestamp": 1765000587479}, {"id": "977685010", "price": 0.13931, "amount": 866.0, "side": "sell", "timestamp": 1765000588668}, {"id": "977685011", "price": 0.13931, "amount": 82.0, "side": "sell", "timestamp": 1765000590060}, {"id": "977685012", "price": 0.13932, "amount": 5.0, "side": "buy", "timestamp": 1765000590263}, {"id": "977685013", "price": 0.13931, "amount": 300.0, "side": "sell", "timestamp": 1765000590730}, {"id": "977685014", "price": 0.13931, "amount": 44292.0, "side": "sell", "timestamp": 1765000590984}, {"id": "977685015", "price": 0.1393, "amount": 11175.0, "side": "sell", "timestamp": 1765000591520}, {"id": "977685016", "price": 0.13929, "amount": 45.0, "side": "sell", "timestamp": 1765000591525}, {"id": "977685017", "price": 0.1393, "amount": 8.0, "side": "buy", "timestamp": 1765000591839}, {"id": "977685018", "price": 0.1393, "amount": 7.0, "side": "buy", "timestamp": 1765000592763}, {"id": "977685019", "price": 0.13929, "amount": 1786.0, "side": "sell", "timestamp": 1765000594037}, {"id": "977685020", "price": 0.1393, "amount": 47.0, "side": "buy", "timestamp": 1765000594161}, {"id": "977685021", "price": 0.13929, "amount": 84.0, "side": "sell", "timestamp": 1765000594802}, {"id": "977685022", "price": 0.13929, "amount": 80.0, "side": "sell", "timestamp": 1765000595711}, {"id": "977685023", "price": 0.1393, "amount": 43.0, "side": "buy", "timestamp": 1765000596204}, {"id": "977685024", "price": 0.1393, "amount": 10.0, "side": "buy", "timestamp": 1765000596536}, {"id": "977685025", "price": 0.1393, "amount": 1.0, "side": "buy", "timestamp": 1765000597349}, {"id": "977685026", "price": 0.1393, "amount": 8.0, "side": "buy", "timestamp": 1765000598739}, {"id": "977685027", "price": 0.1393, "amount": 44.0, "side": "buy", "timestamp": 1765000598893}, {"id": "977685028", "price": 0.13929, "amount": 99.0, "side": "sell", "timestamp": 1765000599524}, {"id": "977685029", "price": 0.13929, "amount": 72.0, "side": "sell", "timestamp": 1765000599842}, {"id": "977685030", "price": 0.1393, "amount": 12.0, "side": "buy", "timestamp": 1765000601851}, {"id": "977685031", "price": 0.13929, "amount": 83.0, "side": "sell", "timestamp": 1765000602247}, {"id": "977685032", "price": 0.13929, "amount": 574.0, "side": "sell", "timestamp": 1765000604119}, {"id": "977685033", "price": 0.1393, "amount": 10.0, "side": "buy", "timestamp": 1765000604365}, {"id": "977685034", "price": 0.13929, "amount": 649.0, "side": "sell", "timestamp": 1765000604719}, {"id": "977685035", "price": 0.13929, "amount": 574.0, "side": "sell", "timestamp": 1765000605020}, {"id": "977685036", "price": 0.13929, "amount": 91.0, "side": "sell", "timestamp": 1765000605646}, {"id": "977685037", "price": 0.1393, "amount": 47.0, "side": "buy", "timestamp": 1765000606243}, {"id": "977685038", "price": 0.13929, "amount": 482.0, "side": "sell", "timestamp": 1765000608025}, {"id": "977685039", "price": 0.13929, "amount": 71.0, "side": "sell", "timestamp": 1765000609793}, {"id": "977685040", "price": 0.1393, "amount": 10.0, "side": "buy", "timestamp": 1765000610419}, {"id": "977685041", "price": 0.1393, "amount": 21.0, "side": "buy", "timestamp": 1765000611312}, {"id": "977685042", "price": 0.13929, "amount": 43.0, "side": "sell", "timestamp": 1765000611360}, {"id": "977685043", "price": 0.1393, "amount": 11.0, "side": "buy", "timestamp": 1765000612064}, {"id": "977685044", "price": 0.1393, "amount": 9.0, "side": "buy", "timestamp": 1765000612650}, {"id": "977685045", "price": 0.1393, "amount": 38815.0, "side": "buy", "timestamp": 1765000613659}, {"id": "977685046", "price": 0.13931, "amount": 3374.0, "side": "buy", "timestamp": 1765000614447}, {"id": "977685047", "price": 0.13932, "amount": 50812.0, "side": "buy", "timestamp": 1765000614465}, {"id": "977685048", "price": 0.13933, "amount": 3010.0, "side": "buy", "timestamp": 1765000614513}, {"id": "977685049", "price": 0.13934, "amount": 62.0, "side": "buy", "timestamp": 1765000614573}, {"id": "977685050", "price": 0.13934, "amount": 82.0, "side": "buy", "timestamp": 1765000615540}, {"id": "977685051", "price": 0.13934, "amount": 11.0, "side": "buy", "timestamp": 1765000615819}, {"id": "977685081", "price": 0.13929, "amount": 577.0, "side": "sell", "timestamp": 1765000636717}, {"id": "977685082", "price": 0.1393, "amount": 21.0, "side": "buy", "timestamp": 1765000636843}, {"id": "977685083", "price": 0.1393, "amount": 47.0, "side": "buy", "timestamp": 1765000637649}, {"id": "977685084", "price": 0.1393, "amount": 1.0, "side": "buy", "timestamp": 1765000637755}, {"id": "977685085", "price": 0.1393, "amount": 3994.0, "side": "buy", "timestamp": 1765000638216}, {"id": "977685086", "price": 0.13929, "amount": 105.0, "side": "sell", "timestamp": 1765000638673}, {"id": "977685087", "price": 0.1393, "amount": 10.0, "side": "buy", "timestamp": 1765000639319}, {"id": "977685088", "price": 0.13929, "amount": 38.0, "side": "sell", "timestamp": 1765000639499}, {"id": "977685089", "price": 0.13929, "amount": 84.0, "side": "sell", "timestamp": 1765000639773}, {"id": "977685090", "price": 0.1393, "amount": 1.0, "side": "buy", "timestamp": 1765000642288}, {"id": "977685091", "price": 0.1393, "amount": 168.0, "side": "buy", "timestamp": 1765000643683}, {"id": "977685092", "price": 0.1393, "amount": 3.0, "side": "buy", "timestamp": 1765000643935}, {"id": "977685093", "price": 0.1393, "amount": 418.0, "side": "buy", "timestamp": 1765000644426}, {"id": "977685094", "price": 0.1393, "amount": 861.0, "side": "buy", "timestamp": 1765000644663}, {"id": "977685095", "price": 0.13929, "amount": 72.0, "side": "sell", "timestamp": 1765000644885}, {"id": "977685096", "price": 0.1393, "amount": 6.0, "side": "buy", "timestamp": 1765000646924}, {"id": "977685097", "price": 0.1393, "amount": 183.0, "side": "buy", "timestamp": 1765000647166}, {"id": "977685098", "price": 0.1393, "amount": 11.0, "side": "buy", "timestamp": 1765000647445}, {"id": "977685099", "price": 0.1393, "amount": 273.0, "side": "buy", "timestamp": 1765000647721}, {"id": "977685100", "price": 0.13929, "amount": 676.0, "side": "sell", "timestamp": 1765000648490}, {"id": "977685101", "price": 0.1393, "amount": 15008.0, "side": "buy", "timestamp": 1765000648491}, {"id": "977685102", "price": 0.13929, "amount": 110.0, "side": "sell", "timestamp": 1765000649968}, {"id": "977685103", "price": 0.1393, "amount": 74.0, "side": "buy", "timestamp": 1765000650384}, {"id": "977685104", "price": 0.1393, "amount": 11.0, "side": "buy", "timestamp": 1765000651064}, {"id": "977685105", "price": 0.13929, "amount": 42.0, "side": "sell", "timestamp": 1765000652276}, {"id": "977685106", "price": 0.1393, "amount": 47.0, "side": "buy", "timestamp": 1765000652596}, {"id": "977685107", "price": 0.1393, "amount": 12.0, "side": "buy", "timestamp": 1765000652710}, {"id": "977685108", "price": 0.1393, "amount": 895.0, "side": "buy", "timestamp": 1765000652898}, {"id": "977685109", "price": 0.13929, "amount": 90.0, "side": "sell", "timestamp": 1765000653293}, {"id": "977685110", "price": 0.1393, "amount": 14.0, "side": "buy", "timestamp": 1765000653611}, {"id": "977685111", "price": 0.1393, "amount": 10160.0, "side": "buy", "timestamp": 1765000654595}, {"id": "977685112", "price": 0.13929, "amount": 1020.0, "side": "sell", "timestamp": 1765000654713}, {"id": "977685113", "price": 0.13929, "amount": 544.0, "side": "sell", "timestamp": 1765000655164}, {"id": "977685114", "price": 0.13929, "amount": 86.0, "side": "sell", "timestamp": 1765000655667}, {"id": "977685115", "price": 0.1393, "amount": 1.0, "side": "buy", "timestamp": 1765000658108}, {"id": "977685116", "price": 0.13929, "amount": 71.0, "side": "sell", "timestamp": 1765000659905}, {"id": "977685117", "price": 0.13929, "amount": 38.0, "side": "sell", "timestamp": 1765000660173}, {"id": "977685118", "price": 0.1393, "amount": 3.0, "side": "buy", "timestamp": 1765000660272}, {"id": "977685119", "price": 0.13929, "amount": 1824.0, "side": "sell", "timestamp": 1765000661329}, {"id": "977685120", "price": 0.13929, "amount": 38.0, "side": "sell", "timestamp": 1765000661453}, {"id": "977685121", "price": 0.1393, "amount": 12.0, "side": "buy", "timestamp": 1765000661636}, {"id": "977685122", "price": 0.13929, "amount": 1900.0, "side": "sell", "timestamp": 1765000661768}, {"id": "977685123", "price": 0.13929, "amount": 400.0, "side": "sell", "timestamp": 1765000661913}, {"id": "977685124", "price": 0.13929, "amount": 79.0, "side": "sell", "timestamp": 1765000665044}, {"id": "977685125", "price": 0.1393, "amount": 5.0, "side": "buy", "timestamp": 1765000665364}, {"id": "977685126", "price": 0.13929, "amount": 609.0, "side": "sell", "timestamp": 1765000665620}, {"id": "977685127", "price": 0.1393, "amount": 9.0, "side": "buy", "timestamp": 1765000665808}, {"id": "977685128", "price": 0.13929, "amount": 71.0, "side": "sell", "timestamp": 1765000665988}, {"id": "977685129", "price": 0.1393, "amount": 11834.0, "side": "buy", "timestamp": 1765000665991}, {"id": "977685130", "price": 0.13929, "amount": 347.0, "side": "sell", "timestamp": 1765000667751}, {"id": "977685159", "price": 0.13931, "amount": 3800.0, "side": "buy", "timestamp": 1765000689788}, {"id": "977685160", "price": 0.1393, "amount": 77.0, "side": "sell", "timestamp": 1765000689919}, {"id": "977685161", "price": 0.1393, "amount": 86.0, "side": "sell", "timestamp": 1765000691664}, {"id": "977685162", "price": 0.1393, "amount": 278.0, "side": "sell", "timestamp": 1765000691795}, {"id": "977685163", "price": 0.1393, "amount": 34.0, "side": "sell", "timestamp": 1765000693635}, {"id": "977685164", "price": 0.13931, "amount": 34.0, "side": "buy", "timestamp": 1765000693636}, {"id": "977685165", "price": 0.1393, "amount": 81.0, "side": "sell", "timestamp": 1765000694904}, {"id": "977685166", "price": 0.1393, "amount": 329.0, "side": "sell", "timestamp": 1765000695201}, {"id": "977685167", "price": 0.13931, "amount": 107.0, "side": "buy", "timestamp": 1765000695252}, {"id": "977685168", "price": 0.13931, "amount": 46.0, "side": "buy", "timestamp": 1765000695484}, {"id": "977685169", "price": 0.13931, "amount": 9.0, "side": "buy", "timestamp": 1765000695728}, {"id": "977685170", "price": 0.13931, "amount": 544.0, "side": "buy", "timestamp": 1765000698353}, {"id": "977685171", "price": 0.13931, "amount": 10.0, "side": "buy", "timestamp": 1765000698620}, {"id": "977685172", "price": 0.1393, "amount": 80.0, "side": "sell", "timestamp": 1765000699790}, {"id": "977685173", "price": 0.13931, "amount": 74.0, "side": "buy", "timestamp": 1765000701762}, {"id": "977685174", "price": 0.13931, "amount": 8.0, "side": "buy", "timestamp": 1765000701892}, {"id": "977685175", "price": 0.1393, "amount": 50.0, "side": "sell", "timestamp": 1765000701925}, {"id": "977685176", "price": 0.13931, "amount": 12.0, "side": "buy", "timestamp": 1765000703798}, {"id": "977685177", "price": 0.1393, "amount": 393.0, "side": "sell", "timestamp": 1765000703869}, {"id": "977685178", "price": 0.13931, "amount": 418.0, "side": "buy", "timestamp": 1765000704675}, {"id": "977685179", "price": 0.1393, "amount": 72.0, "side": "sell", "timestamp": 1765000704795}, {"id": "977685180", "price": 0.13931, "amount": 3639.0, "side": "buy", "timestamp": 1765000707205}, {"id": "977685181", "price": 0.1393, "amount": 827.0, "side": "sell", "timestamp": 1765000707253}, {"id": "977685182", "price": 0.13931, "amount": 22.0, "side": "buy", "timestamp": 1765000707655}, {"id": "977685183", "price": 0.13931, "amount": 44.0, "side": "buy", "timestamp": 1765000707892}, {"id": "977685184", "price": 0.13931, "amount": 5231.0, "side": "buy", "timestamp": 1765000708142}, {"id": "977685185", "price": 0.13931, "amount": 6.0, "side": "buy", "timestamp": 1765000708579}, {"id": "977685186", "price": 0.1393, "amount": 513.0, "side": "sell", "timestamp": 1765000708990}, {"id": "977685187", "price": 0.1393, "amount": 77.0, "side": "sell", "timestamp": 1765000709798}, {"id": "977685188", "price": 0.13931, "amount": 47.0, "side": "buy", "timestamp": 1765000710467}, {"id": "977685189", "price": 0.13931, "amount": 11.0, "side": "buy", "timestamp": 1765000711769}, {"id": "977685190", "price": 0.1393, "amount": 52.0, "side": "sell", "timestamp": 1765000712241}, {"id": "977685191", "price": 0.1393, "amount": 257.0, "side": "sell", "timestamp": 1765000712706}, {"id": "977685192", "price": 0.13931, "amount": 206.0, "side": "buy", "timestamp": 1765000712765}, {"id": "977685193", "price": 0.13931, "amount": 8.0, "side": "buy", "timestamp": 1765000713371}, {"id": "977685194", "price": 0.13931, "amount": 22.0, "side": "buy", "timestamp": 1765000713653}, {"id": "977685195", "price": 0.13931, "amount": 13.0, "side": "buy", "timestamp": 1765000714146}, {"id": "977685196", "price": 0.1393, "amount": 1475.0, "side": "sell", "timestamp": 1765000715013}, {"id": "977685197", "price": 0.13931, "amount": 779.0, "side": "buy", "timestamp": 1765000715017}, {"id": "977685198", "price": 0.1393, "amount": 76.0, "side": "sell", "timestamp": 1765000715084}, {"id": "977685199", "price": 0.1393, "amount": 1268.0, "side": "sell", "timestamp": 1765000715544}, {"id": "977685200", "price": 0.1393, "amount": 114.0, "side": "sell", "timestamp": 1765000716155}, {"id": "977685201", "price": 0.1393, "amount": 105.0, "side": "sell", "timestamp": 1765000717129}, {"id": "977685202", "price": 0.1393, "amount": 837.0, "side": "sell", "timestamp": 1765000717368}, {"id": "977685203", "price": 0.1393, "amount": 121.0, "side": "sell", "timestamp": 1765000718015}, {"id": "977685204", "price": 0.13931, "amount": 4.0, "side": "buy", "timestamp": 1765000718629}, {"id": "977685205", "price": 0.13931, "amount": 63.0, "side": "buy", "timestamp": 1765000718864}, {"id": "977685206", "price": 0.1393, "amount": 553.0, "side": "sell", "timestamp": 1765000719281}, {"id": "977685207", "price": 0.13931, "amount": 14.0, "side": "buy", "timestamp": 1765000719630}, {"id": "977685208", "price": 0.1393, "amount": 82.0, "side": "sell", "timestamp": 1765000719807}, {"id": "977685238", "price": 0.13928, "amount": 167.0, "side": "buy", "timestamp": 1765000745376}, {"id": "977685239", "price": 0.13928, "amount": 240.0, "side": "buy", "timestamp": 1765000745516}, {"id": "977685240", "price": 0.13928, "amount": 154.0, "side": "buy", "timestamp": 1765000746242}, {"id": "977685241", "price": 0.13928, "amount": 321.0, "side": "buy", "timestamp": 1765000746363}, {"id": "977685242", "price": 0.13928, "amount": 36.0, "side": "buy", "timestamp": 1765000746625}, {"id": "977685243", "price": 0.13927, "amount": 574.0, "side": "sell", "timestamp": 1765000746721}, {"id": "977685244", "price": 0.13928, "amount": 57.0, "side": "buy", "timestamp": 1765000746749}, {"id": "977685245", "price": 0.13927, "amount": 12472.0, "side": "sell", "timestamp": 1765000746821}, {"id": "977685246", "price": 0.13928, "amount": 79.0, "side": "buy", "timestamp": 1765000747126}, {"id": "977685247", "price": 0.13928, "amount": 315.0, "side": "buy", "timestamp": 1765000748070}, {"id": "977685248", "price": 0.13928, "amount": 8.0, "side": "buy", "timestamp": 1765000748635}, {"id": "977685249", "price": 0.13927, "amount": 1321.0, "side": "sell", "timestamp": 1765000749026}, {"id": "977685250", "price": 0.13928, "amount": 11.0, "side": "buy", "timestamp": 1765000749502}, {"id": "977685251", "price": 0.13927, "amount": 71.0, "side": "sell", "timestamp": 1765000749967}, {"id": "977685252", "price": 0.13927, "amount": 276.0, "side": "sell", "timestamp": 1765000750094}, {"id": "977685253", "price": 0.13927, "amount": 4934.0, "side": "sell", "timestamp": 1765000751812}, {"id": "977685254", "price": 0.13926, "amount": 4584.0, "side": "sell", "timestamp": 1765000752315}, {"id": "977685255", "price": 0.13925, "amount": 8899.0, "side": "sell", "timestamp": 1765000752524}, {"id": "977685256", "price": 0.13926, "amount": 13.0, "side": "buy", "timestamp": 1765000753165}, {"id": "977685257", "price": 0.13925, "amount": 9534.0, "side": "sell", "timestamp": 1765000753332}, {"id": "977685258", "price": 0.13924, "amount": 32295.0, "side": "sell", "timestamp": 1765000753332}, {"id": "977685259", "price": 0.13924, "amount": 59.0, "side": "buy", "timestamp": 1765000753849}, {"id": "977685260", "price": 0.13924, "amount": 13.0, "side": "buy", "timestamp": 1765000754671}, {"id": "977685261", "price": 0.13923, "amount": 22521.0, "side": "sell", "timestamp": 1765000754986}, {"id": "977685262", "price": 0.13924, "amount": 519.0, "side": "buy", "timestamp": 1765000754992}, {"id": "977685263", "price": 0.13923, "amount": 5197.0, "side": "sell", "timestamp": 1765000755155}, {"id": "977685264", "price": 0.13924, "amount": 164.0, "side": "buy", "timestamp": 1765000755313}, {"id": "977685265", "price": 0.13924, "amount": 2.0, "side": "buy", "timestamp": 1765000755515}, {"id": "977685266", "price": 0.13924, "amount": 47.0, "side": "buy", "timestamp": 1765000757595}, {"id": "977685267", "price": 0.13923, "amount": 9952.0, "side": "sell", "timestamp": 1765000757975}, {"id": "977685268", "price": 0.13923, "amount": 38.0, "side": "sell", "timestamp": 1765000758502}, {"id": "977685269", "price": 0.13924, "amount": 76.0, "side": "buy", "timestamp": 1765000759273}, {"id": "977685270", "price": 0.13923, "amount": 75.0, "side": "sell", "timestamp": 1765000759734}, {"id": "977685271", "price": 0.13924, "amount": 40.0, "side": "buy", "timestamp": 1765000759932}, {"id": "977685272", "price": 0.13924, "amount": 862.0, "side": "buy", "timestamp": 1765000760978}, {"id": "977685273", "price": 0.13923, "amount": 1862.0, "side": "sell", "timestamp": 1765000761117}, {"id": "977685274", "price": 0.13923, "amount": 722.0, "side": "sell", "timestamp": 1765000762253}, {"id": "977685275", "price": 0.13923, "amount": 1178.0, "side": "sell", "timestamp": 1765000762469}, {"id": "977685276", "price": 0.13924, "amount": 2.0, "side": "buy", "timestamp": 1765000763122}, {"id": "977685277", "price": 0.13923, "amount": 86.0, "side": "sell", "timestamp": 1765000763671}, {"id": "977685278", "price": 0.13924, "amount": 40.0, "side": "buy", "timestamp": 1765000764517}, {"id": "977685279", "price": 0.13924, "amount": 21.0, "side": "buy", "timestamp": 1765000764705}, {"id": "977685280", "price": 0.13923, "amount": 77.0, "side": "sell", "timestamp": 1765000764850}, {"id": "977685281", "price": 0.13924, "amount": 418.0, "side": "buy", "timestamp": 1765000765179}, {"id": "977685282", "price": 0.13924, "amount": 6.0, "side": "buy", "timestamp": 1765000765447}, {"id": "977685283", "price": 0.13923, "amount": 44.0, "side": "sell", "timestamp": 1765000768330}, {"id": "977685284", "price": 0.13923, "amount": 80.0, "side": "sell", "timestamp": 1765000769966}, {"id": "977685285", "price": 0.13923, "amount": 170.0, "side": "sell", "timestamp": 1765000770241}, {"id": "977685286", "price": 0.13924, "amount": 6.0, "side": "buy", "timestamp": 1765000770826}, {"id": "977685287", "price": 0.13924, "amount": 47.0, "side": "buy", "timestamp": 1765000771184}, {"id": "977685403", "price": 0.13917, "amount": 903085.0, "side": "buy", "timestamp": 1765000811175}, {"id": "977685404", "price": 0.13918, "amount": 375554.0, "side": "buy", "timestamp": 1765000811176}, {"id": "977685405", "price": 0.13917, "amount": 5102.0, "side": "buy", "timestamp": 1765000811178}, {"id": "977685406", "price": 0.13918, "amount": 72504.0, "side": "buy", "timestamp": 1765000811178}, {"id": "977685407", "price": 0.13917, "amount": 39645.0, "side": "buy", "timestamp": 1765000811179}, {"id": "977685408", "price": 0.13918, "amount": 14355.0, "side": "buy", "timestamp": 1765000811205}, {"id": "977685409", "price": 0.13917, "amount": 144.0, "side": "sell", "timestamp": 1765000811213}, {"id": "977685410", "price": 0.13918, "amount": 109.0, "side": "buy", "timestamp": 1765000811227}, {"id": "977685411", "price": 0.13919, "amount": 486.0, "side": "buy", "timestamp": 1765000811236}, {"id": "977685412", "price": 0.13918, "amount": 530.0, "side": "sell", "timestamp": 1765000811332}, {"id": "977685413", "price": 0.13919, "amount": 832.0, "side": "buy", "timestamp": 1765000811402}, {"id": "977685414", "price": 0.13918, "amount": 49.0, "side": "sell", "timestamp": 1765000811408}, {"id": "977685415", "price": 0.13918, "amount": 399.0, "side": "sell", "timestamp": 1765000812043}, {"id": "977685416", "price": 0.13919, "amount": 15079.0, "side": "buy", "timestamp": 1765000813075}, {"id": "977685417", "price": 0.13919, "amount": 7076.0, "side": "buy", "timestamp": 1765000813311}, {"id": "977685418", "price": 0.13919, "amount": 7076.0, "side": "buy", "timestamp": 1765000813468}, {"id": "977685419", "price": 0.13919, "amount": 7076.0, "side": "buy", "timestamp": 1765000813624}, {"id": "977685420", "price": 0.13919, "amount": 7622.0, "side": "buy", "timestamp": 1765000813780}, {"id": "977685421", "price": 0.1392, "amount": 4630.0, "side": "buy", "timestamp": 1765000813937}, {"id": "977685422", "price": 0.1392, "amount": 22207.0, "side": "buy", "timestamp": 1765000814094}, {"id": "977685423", "price": 0.13919, "amount": 10331.0, "side": "sell", "timestamp": 1765000814389}, {"id": "977685424", "price": 0.1392, "amount": 376.0, "side": "buy", "timestamp": 1765000814430}, {"id": "977685425", "price": 0.13919, "amount": 453.0, "side": "sell", "timestamp": 1765000814486}, {"id": "977685426", "price": 0.13918, "amount": 90.0, "side": "sell", "timestamp": 1765000815950}, {"id": "977685427", "price": 0.13918, "amount": 88.0, "side": "sell", "timestamp": 1765000816267}, {"id": "977685428", "price": 0.13919, "amount": 12.0, "side": "buy", "timestamp": 1765000816955}, {"id": "977685429", "price": 0.13918, "amount": 145.0, "side": "sell", "timestamp": 1765000817946}, {"id": "977685430", "price": 0.13919, "amount": 36.0, "side": "buy", "timestamp": 1765000818140}, {"id": "977685431", "price": 0.13918, "amount": 8907.0, "side": "sell", "timestamp": 1765000818358}, {"id": "977685432", "price": 0.13918, "amount": 44043.0, "side": "sell", "timestamp": 1765000818464}, {"id": "977685433", "price": 0.13918, "amount": 11925.0, "side": "sell", "timestamp": 1765000818614}, {"id": "977685434", "price": 0.13918, "amount": 143.0, "side": "buy", "timestamp": 1765000818902}, {"id": "977685435", "price": 0.13917, "amount": 30009.0, "side": "sell", "timestamp": 1765000818959}, {"id": "977685436", "price": 0.13916, "amount": 33952.0, "side": "sell", "timestamp": 1765000818959}, {"id": "977685437", "price": 0.13917, "amount": 50.0, "side": "buy", "timestamp": 1765000819022}, {"id": "977685438", "price": 0.13916, "amount": 792.0, "side": "sell", "timestamp": 1765000819119}, {"id": "977685439", "price": 0.13916, "amount": 2610.0, "side": "sell", "timestamp": 1765000819944}, {"id": "977685440", "price": 0.13917, "amount": 33102.0, "side": "buy", "timestamp": 1765000820362}, {"id": "977685441", "price": 0.13917, "amount": 1577.0, "side": "buy", "timestamp": 1765000820469}, {"id": "977685442", "price": 0.13917, "amount": 36.0, "side": "sell", "timestamp": 1765000821134}, {"id": "977685443", "price": 0.13917, "amount": 5210.0, "side": "sell", "timestamp": 1765000821499}, {"id": "977685444", "price": 0.13916, "amount": 4352.0, "side": "sell", "timestamp": 1765000821532}, {"id": "977685445", "price": 0.13915, "amount": 340.0, "side": "sell", "timestamp": 1765000821577}, {"id": "977685446", "price": 0.13915, "amount": 1766.0, "side": "buy", "timestamp": 1765000821611}, {"id": "977685447", "price": 0.13914, "amount": 273.0, "side": "sell", "timestamp": 1765000821864}, {"id": "977685448", "price": 0.13915, "amount": 7126.0, "side": "buy", "timestamp": 1765000822258}, {"id": "977685449", "price": 0.13915, "amount": 7122.0, "side": "buy", "timestamp": 1765000822419}, {"id": "977685450", "price": 0.13915, "amount": 5533.0, "side": "buy", "timestamp": 1765000822575}, {"id": "977685451", "price": 0.13914, "amount": 40.0, "side": "sell", "timestamp": 1765000822734}, {"id": "977685452", "price": 0.13914, "amount": 1166.0, "side": "sell", "timestamp": 1765000822967}]