[{"symbol": "AVAXUSDT", "bids": [[13.287, 417.0], [13.286, 474.0], [13.285, 1357.0], [13.284, 1735.0], [13.283, 1420.0], [13.282, 1314.0], [13.281, 1984.0], [13.28, 1816.0], [13.279, 1720.0], [13.278, 1881.0], [13.277, 3004.0], [13.276, 957.0], [13.275, 1047.0], [13.274, 1110.0], [13.273, 1141.0], [13.272, 1184.0], [13.271, 1865.0], [13.27, 1414.0], [13.269, 1025.0], [13.268, 1383.0]], "asks": [[13.288, 406.0], [13.289, 273.0], [13.29, 869.0], [13.291, 532.0], [13.292, 365.0], [13.293, 1148.0], [13.294, 1868.0], [13.295, 841.0], [13.296, 866.0], [13.297, 1491.0], [13.298, 1449.0], [13.299, 1476.0], [13.3, 1045.0], [13.301, 856.0], [13.302, 1914.0], [13.303, 1059.0], [13.304, 1067.0], [13.305, 1895.0], [13.306, 3455.0], [13.307, 467.0]], "timestamp": "2025-12-11T10:53:21.580962+00:00"}, {"symbol": "AVAXUSDT", "bids": [[13.285, 556.0], [13.284, 1138.0], [13.283, 1701.0], [13.282, 1499.0], [13.281, 1547.0], [13.28, 1517.0], [13.279, 609.0], [13.278, 1305.0], [13.277, 1027.0], [13.276, 1234.0], [13.275, 1498.0], [13.274, 1390.0], [13.273, 1122.0], [13.272, 1004.0], [13.271, 1574.0], [13.27, 1686.0], [13.269, 1198.0], [13.268, 1408.0], [13.267, 3219.0], [13.266, 1925.0]], "asks": [[13.286, 205.0], [13.287, 338.0], [13.288, 546.0], [13.289, 568.0], [13.29, 962.0], [13.291, 1326.0], [13.292, 890.0], [13.293, 1026.0], [13.294, 1829.0], [13.295, 615.0], [13.296, 1156.0], [13.297, 1881.0], [13.298, 879.0], [13.299, 1136.0], [13.3, 1243.0], [13.301, 2026.0], [13.302, 834.0], [13.303, 1345.0], [13.304, 1859.0], [13.305, 1791.0]], "timestamp": "2025-12-11T10:54:15.456372+00:00"}, {"symbol": "AVAXUSDT", "bids": [[13.283, 61.0], [13.282, 23.0], [13.281, 498.0], [13.28, 978.0], [13.279, 2268.0], [13.278, 862.0], [13.277, 974.0], [13.276, 1432.0], [13.275, 1227.0], [13.274, 762.0], [13.273, 903.0], [13.272, 945.0], [13.271, 1217.0], [13.27, 1647.0], [13.269, 1191.0], [13.268, 1984.0], [13.267, 1740.0], [13.266, 1686.0], [13.265, 1842.0], [13.264, 2413.0]], "asks": [[13.284, 1635.0], [13.285, 475.0], [13.286, 687.0], [13.287, 511.0], [13.288, 922.0], [13.289, 1523.0], [13.29, 816.0], [13.291, 388.0], [13.292, 672.0], [13.293, 1502.0], [13.294, 1668.0], [13.295, 487.0], [13.296, 1487.0], [13.297, 1700.0], [13.298, 738.0], [13.299, 1579.0], [13.3, 1749.0], [13.301, 2381.0], [13.302, 2970.0], [13.303, 1071.0]], "timestamp": "2025-12-11T10:55:07.462081+00:00"}, {"symbol": "AVAXUSDT", "bids": [[13.277, 230.0], [13.276, 735.0], [13.275, 1217.0], [13.274, 1704.0], [13.273, 1886.0], [13.272, 2631.0], [13.271, 1848.0], [13.27, 1058.0], [13.269, 685.0], [13.268, 1143.0], [13.267, 653.0], [13.266, 589.0], [13.265, 1381.0], [13.264, 2011.0], [13.263, 612.0], [13.262, 642.0], [13.261, 1029.0], [13.26, 1108.0], [13.259, 2184.0], [13.258, 1759.0]], "asks": [[13.278, 348.0], [13.279, 834.0], [13.28, 1500.0], [13.281, 1293.0], [13.282, 518.0], [13.283, 1366.0], [13.284, 994.0], [13.285, 729.0], [13.286, 1281.0], [13.287, 1191.0], [13.288, 2188.0], [13.289, 1187.0], [13.29, 760.0], [13.291, 892.0], [13.292, 2999.0], [13.293, 2306.0], [13.294, 1611.0], [13.295, 512.0], [13.296, 733.0], [13.297, 1494.0]], "timestamp": "2025-12-11T10:55:59.682895+00:00"}, {"symbol": "AVAXUSDT", "bids": [[13.276, 302.0], [13.275, 565.0], [13.274, 1149.0], [13.273, 899.0], [13.272, 1869.0], [13.271, 1679.0], [13.27, 1087.0], [13.269, 717.0], [13.268, 1405.0], [13.267, 1089.0], [13.266, 1397.0], [13.265, 1531.0], [13.264, 1476.0], [13.263, 876.0], [13.262, 802.0], [13.261, 1344.0], [13.26, 1568.0], [13.259, 1913.0], [13.258, 1308.0], [13.257, 1416.0]], "asks": [[13.277, 96.0], [13.278, 350.0], [13.279, 370.0], [13.28, 1079.0], [13.281, 1076.0], [13.282, 1289.0], [13.283, 1038.0], [13.284, 1127.0], [13.285, 736.0], [13.286, 1265.0], [13.287, 1010.0], [13.288, 862.0], [13.289, 1651.0], [13.29, 1545.0], [13.291, 830.0], [13.292, 745.0], [13.293, 2306.0], [13.294, 1663.0], [13.295, 897.0], [13.296, 1049.0]], "timestamp": "2025-12-11T10:56:51.504940+00:00"}, {"symbol": "AVAXUSDT", "bids": [[13.288, 816.0], [13.287, 1861.0], [13.286, 772.0], [13.285, 1168.0], [13.284, 1898.0], [13.283, 1289.0], [13.282, 2376.0], [13.281, 1496.0], [13.28, 1547.0], [13.279, 759.0], [13.278, 838.0], [13.277, 1370.0], [13.276, 1343.0], [13.275, 834.0], [13.274, 923.0], [13.273, 751.0], [13.272, 1026.0], [13.271, 1690.0], [13.27, 2145.0], [13.269, 1152.0]], "asks": [[13.289, 152.0], [13.29, 258.0], [13.291, 350.0], [13.292, 536.0], [13.293, 770.0], [13.294, 1929.0], [13.295, 425.0], [13.296, 1036.0], [13.297, 1215.0], [13.298, 1210.0], [13.299, 1874.0], [13.3, 1259.0], [13.301, 813.0], [13.302, 739.0], [13.303, 1032.0], [13.304, 1654.0], [13.305, 863.0], [13.306, 1139.0], [13.307, 1203.0], [13.308, 3126.0]], "timestamp": "2025-12-11T10:57:45.069891+00:00"}, {"symbol": "AVAXUSDT", "bids": [[13.281, 691.0], [13.28, 918.0], [13.279, 696.0], [13.278, 638.0], [13.277, 1963.0], [13.276, 2204.0], [13.275, 903.0], [13.274, 960.0], [13.273, 583.0], [13.272, 862.0], [13.271, 1164.0], [13.27, 1035.0], [13.269, 1234.0], [13.268, 1428.0], [13.267, 1135.0], [13.266, 1479.0], [13.265, 2371.0], [13.264, 3821.0], [13.263, 1660.0], [13.262, 1098.0]], "asks": [[13.282, 375.0], [13.283, 3622.0], [13.284, 259.0], [13.285, 476.0], [13.286, 892.0], [13.287, 1329.0], [13.288, 1119.0], [13.289, 953.0], [13.29, 1676.0], [13.291, 604.0], [13.292, 964.0], [13.293, 1288.0], [13.294, 1829.0], [13.295, 474.0], [13.296, 1154.0], [13.297, 1414.0], [13.298, 1633.0], [13.299, 1523.0], [13.3, 861.0], [13.301, 827.0]], "timestamp": "2025-12-11T10:58:44.354582+00:00"}, {"symbol": "AVAXUSDT", "bids": [[13.277, 765.0], [13.276, 398.0], [13.275, 472.0], [13.274, 802.0], [13.273, 631.0], [13.272, 1335.0], [13.271, 1254.0], [13.27, 650.0], [13.269, 1261.0], [13.268, 1048.0], [13.267, 1207.0], [13.266, 1217.0], [13.265, 1822.0], [13.264, 2654.0], [13.263, 1862.0], [13.262, 1231.0], [13.261, 1499.0], [13.26, 2958.0], [13.259, 2035.0], [13.258, 2403.0]], "asks": [[13.278, 700.0], [13.279, 4164.0], [13.28, 900.0], [13.281, 199.0], [13.282, 503.0], [13.283, 1532.0], [13.284, 1396.0], [13.285, 1239.0], [13.286, 1367.0], [13.287, 997.0], [13.288, 663.0], [13.289, 865.0], [13.29, 1012.0], [13.291, 941.0], [13.292, 2013.0], [13.293, 2393.0], [13.294, 1389.0], [13.295, 705.0], [13.296, 1016.0], [13.297, 1679.0]], "timestamp": "2025-12-11T10:59:42.052412+00:00"}, {"symbol": "AVAXUSDT", "bids": [[13.267, 443.0], [13.266, 348.0], [13.265, 1026.0], [13.264, 1344.0], [13.263, 1013.0], [13.262, 1310.0], [13.261, 1285.0], [13.26, 596.0], [13.259, 1112.0], [13.258, 1602.0], [13.257, 543.0], [13.256, 813.0], [13.255, 746.0], [13.254, 1426.0], [13.253, 1053.0], [13.252, 1356.0], [13.251, 1808.0], [13.25, 3141.0], [13.249, 1858.0], [13.248, 3524.0]], "asks": [[13.268, 640.0], [13.269, 1123.0], [13.27, 3565.0], [13.271, 593.0], [13.272, 1194.0], [13.273, 836.0], [13.274, 1332.0], [13.275, 1580.0], [13.276, 663.0], [13.277, 1051.0], [13.278, 1226.0], [13.279, 1135.0], [13.28, 1402.0], [13.281, 1352.0], [13.282, 543.0], [13.283, 722.0], [13.284, 2431.0], [13.285, 1321.0], [13.286, 1321.0], [13.287, 1280.0]], "timestamp": "2025-12-11T11:00:39.888441+00:00"}, {"symbol": "AVAXUSDT", "bids": [[13.271, 617.0], [13.27, 1405.0], [13.269, 325.0], [13.268, 1233.0], [13.267, 1304.0], [13.266, 874.0], [13.265, 1844.0], [13.264, 1228.0], [13.263, 1361.0], [13.262, 968.0], [13.261, 1314.0], [13.26, 931.0], [13.259, 901.0], [13.258, 1019.0], [13.257, 1093.0], [13.256, 1410.0], [13.255, 1427.0], [13.254, 1238.0], [13.253, 1665.0], [13.252, 3596.0]], "asks": [[13.272, 168.0], [13.273, 109.0], [13.274, 420.0], [13.275, 388.0], [13.276, 373.0], [13.277, 1090.0], [13.278, 1550.0], [13.279, 467.0], [13.28, 903.0], [13.281, 751.0], [13.282, 678.0], [13.283, 1289.0], [13.284, 1538.0], [13.285, 1675.0], [13.286, 1452.0], [13.287, 1319.0], [13.288, 4054.0], [13.289, 719.0], [13.29, 601.0], [13.291, 849.0]], "timestamp": "2025-12-11T11:01:35.870046+00:00"}, {"symbol": "AVAXUSDT", "bids": [[13.253, 471.0], [13.252, 188.0], [13.251, 305.0], [13.25, 691.0], [13.249, 1710.0], [13.248, 1030.0], [13.247, 894.0], [13.246, 1341.0], [13.245, 1272.0], [13.244, 1383.0], [13.243, 1222.0], [13.242, 1299.0], [13.241, 1428.0], [13.24, 1630.0], [13.239, 1275.0], [13.238, 2181.0], [13.237, 904.0], [13.236, 2081.0], [13.235, 3287.0], [13.234, 1109.0]], "asks": [[13.254, 763.0], [13.255, 1159.0], [13.256, 1470.0], [13.257, 574.0], [13.258, 992.0], [13.259, 1532.0], [13.26, 1205.0], [13.261, 1327.0], [13.262, 2439.0], [13.263, 1664.0], [13.264, 1296.0], [13.265, 2393.0], [13.266, 980.0], [13.267, 1187.0], [13.268, 1092.0], [13.269, 1796.0], [13.27, 2836.0], [13.271, 1472.0], [13.272, 1240.0], [13.273, 687.0]], "timestamp": "2025-12-11T11:02:36.085447+00:00"}, {"symbol": "AVAXUSDT", "bids": [[13.237, 833.0], [13.236, 332.0], [13.235, 734.0], [13.234, 1439.0], [13.233, 962.0], [13.232, 1018.0], [13.231, 1162.0], [13.23, 1073.0], [13.229, 1297.0], [13.228, 1695.0], [13.227, 747.0], [13.226, 913.0], [13.225, 1380.0], [13.224, 2221.0], [13.223, 3129.0], [13.222, 1013.0], [13.221, 574.0], [13.22, 682.0], [13.219, 789.0], [13.218, 1345.0]], "asks": [[13.238, 21.0], [13.239, 1066.0], [13.24, 561.0], [13.241, 988.0], [13.242, 823.0], [13.243, 1519.0], [13.244, 835.0], [13.245, 939.0], [13.246, 1075.0], [13.247, 1162.0], [13.248, 925.0], [13.249, 1367.0], [13.25, 455.0], [13.251, 1049.0], [13.252, 1362.0], [13.253, 999.0], [13.254, 1270.0], [13.255, 1231.0], [13.256, 1509.0], [13.257, 1390.0]], "timestamp": "2025-12-11T11:03:37.361184+00:00"}, {"symbol": "AVAXUSDT", "bids": [[13.241, 236.0], [13.24, 422.0], [13.239, 1185.0], [13.238, 4527.0], [13.237, 961.0], [13.236, 533.0], [13.235, 1386.0], [13.234, 1293.0], [13.233, 910.0], [13.232, 1323.0], [13.231, 973.0], [13.23, 1434.0], [13.229, 2098.0], [13.228, 1737.0], [13.227, 1078.0], [13.226, 624.0], [13.225, 1391.0], [13.224, 2061.0], [13.223, 1874.0], [13.222, 3422.0]], "asks": [[13.242, 333.0], [13.243, 1053.0], [13.244, 1331.0], [13.245, 815.0], [13.246, 974.0], [13.247, 2081.0], [13.248, 1432.0], [13.249, 2049.0], [13.25, 1997.0], [13.251, 2560.0], [13.252, 1247.0], [13.253, 1518.0], [13.254, 1225.0], [13.255, 824.0], [13.256, 1536.0], [13.257, 803.0], [13.258, 1739.0], [13.259, 1529.0], [13.26, 950.0], [13.261, 1851.0]], "timestamp": "2025-12-11T11:04:34.696082+00:00"}, {"symbol": "AVAXUSDT", "bids": [[13.247, 766.0], [13.246, 357.0], [13.245, 214.0], [13.244, 342.0], [13.243, 471.0], [13.242, 761.0], [13.241, 754.0], [13.24, 1334.0], [13.239, 1077.0], [13.238, 768.0], [13.237, 1374.0], [13.236, 2450.0], [13.235, 2771.0], [13.234, 916.0], [13.233, 909.0], [13.232, 1148.0], [13.231, 1178.0], [13.23, 1632.0], [13.229, 3647.0], [13.228, 1242.0]], "asks": [[13.248, 1144.0], [13.249, 1197.0], [13.25, 1257.0], [13.251, 1066.0], [13.252, 1677.0], [13.253, 2456.0], [13.254, 1952.0], [13.255, 2010.0], [13.256, 2440.0], [13.257, 1111.0], [13.258, 1198.0], [13.259, 1331.0], [13.26, 1948.0], [13.261, 1325.0], [13.262, 2198.0], [13.263, 1262.0], [13.264, 688.0], [13.265, 1132.0], [13.266, 2061.0], [13.267, 4039.0]], "timestamp": "2025-12-11T11:05:32.210113+00:00"}, {"symbol": "AVAXUSDT", "bids": [[13.255, 341.0], [13.254, 900.0], [13.253, 868.0], [13.252, 1005.0], [13.251, 1467.0], [13.25, 1364.0], [13.249, 940.0], [13.248, 1168.0], [13.247, 1445.0], [13.246, 1675.0], [13.245, 622.0], [13.244, 843.0], [13.243, 1286.0], [13.242, 816.0], [13.241, 1415.0], [13.24, 1570.0], [13.239, 1460.0], [13.238, 1046.0], [13.237, 1635.0], [13.236, 917.0]], "asks": [[13.256, 354.0], [13.257, 642.0], [13.258, 1125.0], [13.259, 476.0], [13.26, 551.0], [13.261, 867.0], [13.262, 1748.0], [13.263, 745.0], [13.264, 745.0], [13.265, 1200.0], [13.266, 1517.0], [13.267, 1050.0], [13.268, 1652.0], [13.269, 1456.0], [13.27, 664.0], [13.271, 1268.0], [13.272, 1505.0], [13.273, 1750.0], [13.274, 895.0], [13.275, 1283.0]], "timestamp": "2025-12-11T11:06:29.755769+00:00"}, {"symbol": "AVAXUSDT", "bids": [[13.263, 384.0], [13.262, 281.0], [13.261, 252.0], [13.26, 640.0], [13.259, 1444.0], [13.258, 1087.0], [13.257, 722.0], [13.256, 1198.0], [13.255, 1230.0], [13.254, 1290.0], [13.253, 757.0], [13.252, 732.0], [13.251, 1394.0], [13.25, 1889.0], [13.249, 2162.0], [13.248, 1436.0], [13.247, 1702.0], [13.246, 676.0], [13.245, 1635.0], [13.244, 1013.0]], "asks": [[13.264, 542.0], [13.265, 1054.0], [13.266, 1266.0], [13.267, 1688.0], [13.268, 2205.0], [13.269, 1946.0], [13.27, 1224.0], [13.271, 1126.0], [13.272, 1736.0], [13.273, 579.0], [13.274, 677.0], [13.275, 1854.0], [13.276, 1328.0], [13.277, 1524.0], [13.278, 1508.0], [13.279, 647.0], [13.28, 925.0], [13.281, 1775.0], [13.282, 956.0], [13.283, 1587.0]], "timestamp": "2025-12-11T11:07:25.754791+00:00"}, {"symbol": "AVAXUSDT", "bids": [[13.262, 23.0], [13.261, 576.0], [13.26, 401.0], [13.259, 983.0], [13.258, 763.0], [13.257, 689.0], [13.256, 1767.0], [13.255, 943.0], [13.254, 829.0], [13.253, 1162.0], [13.252, 683.0], [13.251, 1364.0], [13.25, 2049.0], [13.249, 2457.0], [13.248, 1179.0], [13.247, 1597.0], [13.246, 517.0], [13.245, 639.0], [13.244, 1063.0], [13.243, 1625.0]], "asks": [[13.263, 597.0], [13.264, 633.0], [13.265, 735.0], [13.266, 1147.0], [13.267, 1110.0], [13.268, 1536.0], [13.269, 1966.0], [13.27, 2405.0], [13.271, 1714.0], [13.272, 2189.0], [13.273, 1814.0], [13.274, 1561.0], [13.275, 1992.0], [13.276, 1082.0], [13.277, 1422.0], [13.278, 1502.0], [13.279, 1463.0], [13.28, 1649.0], [13.281, 851.0], [13.282, 773.0]], "timestamp": "2025-12-11T11:08:24.743556+00:00"}, {"symbol": "AVAXUSDT", "bids": [[13.253, 201.0], [13.252, 101.0], [13.251, 154.0], [13.25, 465.0], [13.249, 1468.0], [13.248, 1065.0], [13.247, 1409.0], [13.246, 931.0], [13.245, 614.0], [13.244, 1222.0], [13.243, 1168.0], [13.242, 838.0], [13.241, 1319.0], [13.24, 1287.0], [13.239, 1099.0], [13.238, 1410.0], [13.237, 2034.0], [13.236, 1606.0], [13.235, 2155.0], [13.234, 1543.0]], "asks": [[13.254, 1067.0], [13.255, 1451.0], [13.256, 738.0], [13.257, 252.0], [13.258, 572.0], [13.259, 1977.0], [13.26, 2000.0], [13.261, 2041.0], [13.262, 1266.0], [13.263, 1333.0], [13.264, 989.0], [13.265, 1027.0], [13.266, 2445.0], [13.267, 733.0], [13.268, 967.0], [13.269, 1448.0], [13.27, 1908.0], [13.271, 907.0], [13.272, 1942.0], [13.273, 1087.0]], "timestamp": "2025-12-11T11:09:24.340223+00:00"}, {"symbol": "AVAXUSDT", "bids": [[13.258, 619.0], [13.257, 1752.0], [13.256, 2040.0], [13.255, 1748.0], [13.254, 562.0], [13.253, 1343.0], [13.252, 1115.0], [13.251, 1049.0], [13.25, 2033.0], [13.249, 2721.0], [13.248, 762.0], [13.247, 926.0], [13.246, 1280.0], [13.245, 1022.0], [13.244, 1226.0], [13.243, 1636.0], [13.242, 2178.0], [13.241, 1075.0], [13.24, 1085.0], [13.239, 605.0]], "asks": [[13.259, 283.0], [13.26, 256.0], [13.261, 518.0], [13.262, 1514.0], [13.263, 787.0], [13.264, 900.0], [13.265, 1423.0], [13.266, 1184.0], [13.267, 905.0], [13.268, 888.0], [13.269, 915.0], [13.27, 697.0], [13.271, 1741.0], [13.272, 1558.0], [13.273, 1112.0], [13.274, 1184.0], [13.275, 2867.0], [13.276, 877.0], [13.277, 1028.0], [13.278, 1062.0]], "timestamp": "2025-12-11T11:10:21.989073+00:00"}, {"symbol": "AVAXUSDT", "bids": [[13.259, 60.0], [13.258, 495.0], [13.257, 543.0], [13.256, 543.0], [13.255, 1234.0], [13.254, 909.0], [13.253, 1536.0], [13.252, 1180.0], [13.251, 931.0], [13.25, 1295.0], [13.249, 2846.0], [13.248, 1566.0], [13.247, 1751.0], [13.246, 1497.0], [13.245, 558.0], [13.244, 1016.0], [13.243, 1087.0], [13.242, 849.0], [13.241, 2067.0], [13.24, 884.0]], "asks": [[13.26, 1234.0], [13.261, 2539.0], [13.262, 6015.0], [13.263, 607.0], [13.264, 1596.0], [13.265, 996.0], [13.266, 1399.0], [13.267, 1634.0], [13.268, 1815.0], [13.269, 1117.0], [13.27, 743.0], [13.271, 2467.0], [13.272, 897.0], [13.273, 1470.0], [13.274, 1182.0], [13.275, 2306.0], [13.276, 1274.0], [13.277, 1021.0], [13.278, 1307.0], [13.279, 893.0]], "timestamp": "2025-12-11T11:11:17.743527+00:00"}, {"symbol": "AVAXUSDT", "bids": [[13.254, 945.0], [13.253, 881.0], [13.252, 361.0], [13.251, 434.0], [13.25, 691.0], [13.249, 1799.0], [13.248, 1145.0], [13.247, 1327.0], [13.246, 1142.0], [13.245, 972.0], [13.244, 927.0], [13.243, 1340.0], [13.242, 849.0], [13.241, 1069.0], [13.24, 1487.0], [13.239, 701.0], [13.238, 1304.0], [13.237, 1487.0], [13.236, 2304.0], [13.235, 1288.0]], "asks": [[13.255, 501.0], [13.256, 1292.0], [13.257, 5111.0], [13.258, 977.0], [13.259, 1248.0], [13.26, 2263.0], [13.261, 2255.0], [13.262, 1885.0], [13.263, 1657.0], [13.264, 945.0], [13.265, 1197.0], [13.266, 1155.0], [13.267, 1320.0], [13.268, 1080.0], [13.269, 2058.0], [13.27, 974.0], [13.271, 1229.0], [13.272, 1248.0], [13.273, 1107.0], [13.274, 1211.0]], "timestamp": "2025-12-11T11:12:14.808055+00:00"}, {"symbol": "AVAXUSDT", "bids": [[13.261, 235.0], [13.26, 141.0], [13.259, 600.0], [13.258, 1286.0], [13.257, 1511.0], [13.256, 1596.0], [13.255, 1155.0], [13.254, 1271.0], [13.253, 1014.0], [13.252, 1318.0], [13.251, 1808.0], [13.25, 2414.0], [13.249, 2595.0], [13.248, 826.0], [13.247, 1736.0], [13.246, 1415.0], [13.245, 1096.0], [13.244, 1635.0], [13.243, 1111.0], [13.242, 1330.0]], "asks": [[13.262, 778.0], [13.263, 1575.0], [13.264, 5177.0], [13.265, 432.0], [13.266, 229.0], [13.267, 1029.0], [13.268, 998.0], [13.269, 589.0], [13.27, 745.0], [13.271, 1358.0], [13.272, 995.0], [13.273, 1791.0], [13.274, 1386.0], [13.275, 1428.0], [13.276, 1286.0], [13.277, 2315.0], [13.278, 1591.0], [13.279, 701.0], [13.28, 550.0], [13.281, 935.0]], "timestamp": "2025-12-11T11:13:11.772669+00:00"}, {"symbol": "AVAXUSDT", "bids": [[13.262, 74.0], [13.261, 91.0], [13.26, 1364.0], [13.259, 858.0], [13.258, 1111.0], [13.257, 1286.0], [13.256, 1310.0], [13.255, 757.0], [13.254, 1039.0], [13.253, 984.0], [13.252, 1933.0], [13.251, 1885.0], [13.25, 2876.0], [13.249, 2290.0], [13.248, 1213.0], [13.247, 964.0], [13.246, 1312.0], [13.245, 1837.0], [13.244, 551.0], [13.243, 1109.0]], "asks": [[13.263, 929.0], [13.264, 1046.0], [13.265, 1321.0], [13.266, 4270.0], [13.267, 698.0], [13.268, 1083.0], [13.269, 844.0], [13.27, 755.0], [13.271, 1185.0], [13.272, 901.0], [13.273, 1340.0], [13.274, 1299.0], [13.275, 1266.0], [13.276, 870.0], [13.277, 1337.0], [13.278, 3071.0], [13.279, 1014.0], [13.28, 553.0], [13.281, 972.0], [13.282, 1112.0]], "timestamp": "2025-12-11T11:14:08.726804+00:00"}, {"symbol": "AVAXUSDT", "bids": [[13.263, 180.0], [13.262, 130.0], [13.261, 229.0], [13.26, 568.0], [13.259, 852.0], [13.258, 677.0], [13.257, 917.0], [13.256, 383.0], [13.255, 929.0], [13.254, 1271.0], [13.253, 898.0], [13.252, 1407.0], [13.251, 2352.0], [13.25, 3428.0], [13.249, 2357.0], [13.248, 663.0], [13.247, 1086.0], [13.246, 1139.0], [13.245, 1040.0], [13.244, 822.0]], "asks": [[13.264, 755.0], [13.265, 1274.0], [13.266, 786.0], [13.267, 1741.0], [13.268, 1989.0], [13.269, 1646.0], [13.27, 880.0], [13.271, 952.0], [13.272, 1853.0], [13.273, 789.0], [13.274, 590.0], [13.275, 1039.0], [13.276, 515.0], [13.277, 760.0], [13.278, 1756.0], [13.279, 1371.0], [13.28, 783.0], [13.281, 582.0], [13.282, 1324.0], [13.283, 1137.0]], "timestamp": "2025-12-11T11:15:05.619345+00:00"}, {"symbol": "AVAXUSDT", "bids": [[13.266, 487.0], [13.265, 929.0], [13.264, 1158.0], [13.263, 1183.0], [13.262, 954.0], [13.261, 1945.0], [13.26, 1133.0], [13.259, 958.0], [13.258, 850.0], [13.257, 682.0], [13.256, 756.0], [13.255, 1067.0], [13.254, 1029.0], [13.253, 1188.0], [13.252, 1299.0], [13.251, 1959.0], [13.25, 2694.0], [13.249, 3433.0], [13.248, 955.0], [13.247, 1596.0]], "asks": [[13.267, 41.0], [13.268, 605.0], [13.269, 4112.0], [13.27, 499.0], [13.271, 917.0], [13.272, 1276.0], [13.273, 1023.0], [13.274, 876.0], [13.275, 1182.0], [13.276, 1170.0], [13.277, 1212.0], [13.278, 1594.0], [13.279, 941.0], [13.28, 1029.0], [13.281, 753.0], [13.282, 2605.0], [13.283, 3425.0], [13.284, 879.0], [13.285, 1200.0], [13.286, 709.0]], "timestamp": "2025-12-11T11:16:03.552209+00:00"}, {"symbol": "AVAXUSDT", "bids": [[13.253, 48.0], [13.252, 39.0], [13.251, 69.0], [13.25, 485.0], [13.249, 1229.0], [13.248, 1832.0], [13.247, 1448.0], [13.246, 811.0], [13.245, 968.0], [13.244, 848.0], [13.243, 1169.0], [13.242, 1298.0], [13.241, 1571.0], [13.24, 1789.0], [13.239, 3316.0], [13.238, 1296.0], [13.237, 2100.0], [13.236, 1178.0], [13.235, 1096.0], [13.234, 1767.0]], "asks": [[13.254, 1661.0], [13.255, 4333.0], [13.256, 1276.0], [13.257, 1563.0], [13.258, 913.0], [13.259, 1637.0], [13.26, 1349.0], [13.261, 1417.0], [13.262, 907.0], [13.263, 1512.0], [13.264, 1479.0], [13.265, 1248.0], [13.266, 1471.0], [13.267, 1213.0], [13.268, 935.0], [13.269, 1391.0], [13.27, 2543.0], [13.271, 1448.0], [13.272, 1468.0], [13.273, 506.0]], "timestamp": "2025-12-11T11:17:00.259692+00:00"}, {"symbol": "AVAXUSDT", "bids": [[13.249, 370.0], [13.248, 869.0], [13.247, 814.0], [13.246, 1187.0], [13.245, 426.0], [13.244, 607.0], [13.243, 1777.0], [13.242, 605.0], [13.241, 1433.0], [13.24, 1053.0], [13.239, 701.0], [13.238, 691.0], [13.237, 987.0], [13.236, 1513.0], [13.235, 1464.0], [13.234, 2590.0], [13.233, 2437.0], [13.232, 3520.0], [13.231, 1187.0], [13.23, 1056.0]], "asks": [[13.25, 48.0], [13.251, 275.0], [13.252, 529.0], [13.253, 1745.0], [13.254, 1039.0], [13.255, 1025.0], [13.256, 1173.0], [13.257, 1172.0], [13.258, 939.0], [13.259, 827.0], [13.26, 1215.0], [13.261, 1243.0], [13.262, 586.0], [13.263, 461.0], [13.264, 971.0], [13.265, 1286.0], [13.266, 2287.0], [13.267, 1213.0], [13.268, 831.0], [13.269, 982.0]], "timestamp": "2025-12-11T11:17:56.784229+00:00"}, {"symbol": "AVAXUSDT", "bids": [[13.25, 610.0], [13.249, 556.0], [13.248, 447.0], [13.247, 1006.0], [13.246, 1229.0], [13.245, 1113.0], [13.244, 888.0], [13.243, 1194.0], [13.242, 775.0], [13.241, 815.0], [13.24, 1233.0], [13.239, 706.0], [13.238, 1156.0], [13.237, 2149.0], [13.236, 2101.0], [13.235, 1168.0], [13.234, 2147.0], [13.233, 761.0], [13.232, 1024.0], [13.231, 1431.0]], "asks": [[13.251, 582.0], [13.252, 181.0], [13.253, 407.0], [13.254, 1113.0], [13.255, 1259.0], [13.256, 883.0], [13.257, 817.0], [13.258, 1111.0], [13.259, 991.0], [13.26, 978.0], [13.261, 822.0], [13.262, 739.0], [13.263, 1316.0], [13.264, 969.0], [13.265, 1269.0], [13.266, 1450.0], [13.267, 1844.0], [13.268, 908.0], [13.269, 1298.0], [13.27, 1162.0]], "timestamp": "2025-12-11T11:18:53.593054+00:00"}, {"symbol": "AVAXUSDT", "bids": [[13.269, 362.0], [13.268, 910.0], [13.267, 876.0], [13.266, 849.0], [13.265, 1178.0], [13.264, 1419.0], [13.263, 1922.0], [13.262, 830.0], [13.261, 762.0], [13.26, 1895.0], [13.259, 921.0], [13.258, 580.0], [13.257, 940.0], [13.256, 751.0], [13.255, 628.0], [13.254, 1030.0], [13.253, 1377.0], [13.252, 555.0], [13.251, 887.0], [13.25, 606.0]], "asks": [[13.27, 212.0], [13.271, 305.0], [13.272, 421.0], [13.273, 702.0], [13.274, 534.0], [13.275, 656.0], [13.276, 896.0], [13.277, 1184.0], [13.278, 1220.0], [13.279, 885.0], [13.28, 1480.0], [13.281, 725.0], [13.282, 1000.0], [13.283, 1509.0], [13.284, 1167.0], [13.285, 747.0], [13.286, 440.0], [13.287, 912.0], [13.288, 807.0], [13.289, 1155.0]], "timestamp": "2025-12-11T11:19:51.297749+00:00"}, {"symbol": "AVAXUSDT", "bids": [[13.268, 611.0], [13.267, 834.0], [13.266, 1658.0], [13.265, 1465.0], [13.264, 1430.0], [13.263, 1242.0], [13.262, 800.0], [13.261, 1070.0], [13.26, 1409.0], [13.259, 4664.0], [13.258, 748.0], [13.257, 780.0], [13.256, 817.0], [13.255, 1237.0], [13.254, 1790.0], [13.253, 1046.0], [13.252, 1079.0], [13.251, 1014.0], [13.25, 825.0], [13.249, 2652.0]], "asks": [[13.269, 488.0], [13.27, 668.0], [13.271, 1204.0], [13.272, 538.0], [13.273, 356.0], [13.274, 419.0], [13.275, 970.0], [13.276, 1047.0], [13.277, 1202.0], [13.278, 1344.0], [13.279, 1244.0], [13.28, 756.0], [13.281, 1120.0], [13.282, 962.0], [13.283, 1232.0], [13.284, 988.0], [13.285, 1816.0], [13.286, 2641.0], [13.287, 1384.0], [13.288, 787.0]], "timestamp": "2025-12-11T11:20:49.638754+00:00"}, {"symbol": "AVAXUSDT", "bids": [[13.268, 519.0], [13.267, 431.0], [13.266, 869.0], [13.265, 1011.0], [13.264, 832.0], [13.263, 1572.0], [13.262, 991.0], [13.261, 2385.0], [13.26, 1229.0], [13.259, 1051.0], [13.258, 1109.0], [13.257, 712.0], [13.256, 463.0], [13.255, 729.0], [13.254, 1560.0], [13.253, 1523.0], [13.252, 1105.0], [13.251, 2035.0], [13.25, 942.0], [13.249, 2975.0]], "asks": [[13.269, 132.0], [13.27, 634.0], [13.271, 595.0], [13.272, 308.0], [13.273, 567.0], [13.274, 496.0], [13.275, 1405.0], [13.276, 1096.0], [13.277, 683.0], [13.278, 787.0], [13.279, 1769.0], [13.28, 1459.0], [13.281, 679.0], [13.282, 734.0], [13.283, 752.0], [13.284, 836.0], [13.285, 2266.0], [13.286, 1434.0], [13.287, 3662.0], [13.288, 659.0]], "timestamp": "2025-12-11T11:21:46.030746+00:00"}, {"symbol": "AVAXUSDT", "bids": [[13.26, 426.0], [13.259, 646.0], [13.258, 715.0], [13.257, 468.0], [13.256, 883.0], [13.255, 1201.0], [13.254, 1136.0], [13.253, 1142.0], [13.252, 477.0], [13.251, 889.0], [13.25, 551.0], [13.249, 1411.0], [13.248, 1833.0], [13.247, 1238.0], [13.246, 1336.0], [13.245, 1253.0], [13.244, 1078.0], [13.243, 1566.0], [13.242, 2214.0], [13.241, 1195.0]], "asks": [[13.261, 480.0], [13.262, 458.0], [13.263, 737.0], [13.264, 1315.0], [13.265, 1082.0], [13.266, 1540.0], [13.267, 1318.0], [13.268, 1882.0], [13.269, 996.0], [13.27, 989.0], [13.271, 534.0], [13.272, 1059.0], [13.273, 1472.0], [13.274, 1120.0], [13.275, 1470.0], [13.276, 1319.0], [13.277, 527.0], [13.278, 920.0], [13.279, 1280.0], [13.28, 4017.0]], "timestamp": "2025-12-11T11:22:44.835563+00:00"}, {"symbol": "AVAXUSDT", "bids": [[13.274, 152.0], [13.273, 120.0], [13.272, 681.0], [13.271, 932.0], [13.27, 412.0], [13.269, 572.0], [13.268, 798.0], [13.267, 539.0], [13.266, 1364.0], [13.265, 1082.0], [13.264, 471.0], [13.263, 975.0], [13.262, 604.0], [13.261, 1068.0], [13.26, 1750.0], [13.259, 1297.0], [13.258, 1690.0], [13.257, 1278.0], [13.256, 1810.0], [13.255, 2636.0]], "asks": [[13.275, 527.0], [13.276, 4064.0], [13.277, 935.0], [13.278, 721.0], [13.279, 1300.0], [13.28, 1139.0], [13.281, 1119.0], [13.282, 912.0], [13.283, 1042.0], [13.284, 1632.0], [13.285, 1199.0], [13.286, 1300.0], [13.287, 1386.0], [13.288, 1594.0], [13.289, 1042.0], [13.29, 1499.0], [13.291, 1127.0], [13.292, 1796.0], [13.293, 1276.0], [13.294, 1016.0]], "timestamp": "2025-12-11T11:23:47.335405+00:00"}, {"symbol": "AVAXUSDT", "bids": [[13.27, 712.0], [13.269, 1035.0], [13.268, 515.0], [13.267, 203.0], [13.266, 587.0], [13.265, 1407.0], [13.264, 640.0], [13.263, 563.0], [13.262, 940.0], [13.261, 442.0], [13.26, 627.0], [13.259, 1272.0], [13.258, 1463.0], [13.257, 1217.0], [13.256, 1239.0], [13.255, 1539.0], [13.254, 1045.0], [13.253, 2885.0], [13.252, 1038.0], [13.251, 1525.0]], "asks": [[13.271, 192.0], [13.272, 660.0], [13.273, 4292.0], [13.274, 729.0], [13.275, 1246.0], [13.276, 1058.0], [13.277, 894.0], [13.278, 1028.0], [13.279, 735.0], [13.28, 322.0], [13.281, 692.0], [13.282, 993.0], [13.283, 482.0], [13.284, 1524.0], [13.285, 2180.0], [13.286, 2007.0], [13.287, 1215.0], [13.288, 494.0], [13.289, 665.0], [13.29, 1281.0]], "timestamp": "2025-12-11T11:24:58.782197+00:00"}, {"symbol": "AVAXUSDT", "bids": [[13.268, 463.0], [13.267, 319.0], [13.266, 568.0], [13.265, 943.0], [13.264, 1311.0], [13.263, 1633.0], [13.262, 2097.0], [13.261, 1073.0], [13.26, 731.0], [13.259, 981.0], [13.258, 1160.0], [13.257, 904.0], [13.256, 777.0], [13.255, 1447.0], [13.254, 636.0], [13.253, 1379.0], [13.252, 1037.0], [13.251, 1998.0], [13.25, 639.0], [13.249, 1067.0]], "asks": [[13.269, 826.0], [13.27, 1254.0], [13.271, 4269.0], [13.272, 596.0], [13.273, 1028.0], [13.274, 638.0], [13.275, 1146.0], [13.276, 893.0], [13.277, 629.0], [13.278, 830.0], [13.279, 1605.0], [13.28, 548.0], [13.281, 975.0], [13.282, 508.0], [13.283, 700.0], [13.284, 2814.0], [13.285, 1448.0], [13.286, 1046.0], [13.287, 1544.0], [13.288, 2751.0]], "timestamp": "2025-12-11T11:25:56.437198+00:00"}, {"symbol": "AVAXUSDT", "bids": [[13.268, 1271.0], [13.267, 577.0], [13.266, 854.0], [13.265, 815.0], [13.264, 1255.0], [13.263, 1165.0], [13.262, 1879.0], [13.261, 609.0], [13.26, 702.0], [13.259, 1062.0], [13.258, 1894.0], [13.257, 1020.0], [13.256, 1684.0], [13.255, 1343.0], [13.254, 675.0], [13.253, 1615.0], [13.252, 1235.0], [13.251, 2050.0], [13.25, 486.0], [13.249, 1129.0]], "asks": [[13.269, 291.0], [13.27, 713.0], [13.271, 5135.0], [13.272, 1175.0], [13.273, 892.0], [13.274, 729.0], [13.275, 1235.0], [13.276, 625.0], [13.277, 760.0], [13.278, 853.0], [13.279, 917.0], [13.28, 1079.0], [13.281, 1345.0], [13.282, 381.0], [13.283, 621.0], [13.284, 2063.0], [13.285, 1403.0], [13.286, 947.0], [13.287, 1225.0], [13.288, 599.0]], "timestamp": "2025-12-11T11:26:54.007974+00:00"}, {"symbol": "AVAXUSDT", "bids": [[13.268, 1187.0], [13.267, 72.0], [13.266, 336.0], [13.265, 928.0], [13.264, 1589.0], [13.263, 1021.0], [13.262, 1653.0], [13.261, 690.0], [13.26, 1193.0], [13.259, 1315.0], [13.258, 1922.0], [13.257, 625.0], [13.256, 1327.0], [13.255, 1490.0], [13.254, 1682.0], [13.253, 1275.0], [13.252, 1142.0], [13.251, 2091.0], [13.25, 948.0], [13.249, 3074.0]], "asks": [[13.269, 533.0], [13.27, 880.0], [13.271, 1829.0], [13.272, 1691.0], [13.273, 1599.0], [13.274, 1079.0], [13.275, 933.0], [13.276, 645.0], [13.277, 734.0], [13.278, 913.0], [13.279, 1172.0], [13.28, 616.0], [13.281, 802.0], [13.282, 549.0], [13.283, 773.0], [13.284, 2387.0], [13.285, 1525.0], [13.286, 1031.0], [13.287, 1550.0], [13.288, 2821.0]], "timestamp": "2025-12-11T11:27:51.892622+00:00"}, {"symbol": "AVAXUSDT", "bids": [[13.262, 1205.0], [13.261, 251.0], [13.26, 429.0], [13.259, 1205.0], [13.258, 1377.0], [13.257, 896.0], [13.256, 771.0], [13.255, 1362.0], [13.254, 697.0], [13.253, 777.0], [13.252, 986.0], [13.251, 1552.0], [13.25, 472.0], [13.249, 708.0], [13.248, 2121.0], [13.247, 1801.0], [13.246, 1513.0], [13.245, 487.0], [13.244, 920.0], [13.243, 1463.0]], "asks": [[13.263, 586.0], [13.264, 1354.0], [13.265, 680.0], [13.266, 976.0], [13.267, 764.0], [13.268, 1535.0], [13.269, 1449.0], [13.27, 535.0], [13.271, 1315.0], [13.272, 1951.0], [13.273, 1079.0], [13.274, 889.0], [13.275, 1264.0], [13.276, 762.0], [13.277, 1026.0], [13.278, 1983.0], [13.279, 1881.0], [13.28, 1451.0], [13.281, 712.0], [13.282, 722.0]], "timestamp": "2025-12-11T11:28:53.494383+00:00"}, {"symbol": "AVAXUSDT", "bids": [[13.269, 797.0], [13.268, 2102.0], [13.267, 1032.0], [13.266, 2022.0], [13.265, 1549.0], [13.264, 1336.0], [13.263, 1342.0], [13.262, 1449.0], [13.261, 398.0], [13.26, 583.0], [13.259, 1269.0], [13.258, 1208.0], [13.257, 605.0], [13.256, 773.0], [13.255, 1362.0], [13.254, 1079.0], [13.253, 1481.0], [13.252, 1209.0], [13.251, 1025.0], [13.25, 517.0]], "asks": [[13.27, 72.0], [13.271, 584.0], [13.272, 1125.0], [13.273, 875.0], [13.274, 401.0], [13.275, 454.0], [13.276, 497.0], [13.277, 485.0], [13.278, 1088.0], [13.279, 1519.0], [13.28, 885.0], [13.281, 714.0], [13.282, 371.0], [13.283, 692.0], [13.284, 879.0], [13.285, 615.0], [13.286, 1362.0], [13.287, 2007.0], [13.288, 804.0], [13.289, 578.0]], "timestamp": "2025-12-11T11:29:53.048553+00:00"}, {"symbol": "AVAXUSDT", "bids": [[13.276, 605.0], [13.275, 148.0], [13.274, 522.0], [13.273, 931.0], [13.272, 1002.0], [13.271, 1138.0], [13.27, 1461.0], [13.269, 1091.0], [13.268, 559.0], [13.267, 367.0], [13.266, 832.0], [13.265, 1128.0], [13.264, 620.0], [13.263, 1268.0], [13.262, 1740.0], [13.261, 1089.0], [13.26, 1469.0], [13.259, 3122.0], [13.258, 2569.0], [13.257, 1733.0]], "asks": [[13.277, 842.0], [13.278, 975.0], [13.279, 1630.0], [13.28, 602.0], [13.281, 1474.0], [13.282, 756.0], [13.283, 627.0], [13.284, 813.0], [13.285, 905.0], [13.286, 744.0], [13.287, 1434.0], [13.288, 884.0], [13.289, 1793.0], [13.29, 1421.0], [13.291, 1896.0], [13.292, 997.0], [13.293, 1467.0], [13.294, 3006.0], [13.295, 567.0], [13.296, 725.0]], "timestamp": "2025-12-11T11:30:56.992390+00:00"}, {"symbol": "AVAXUSDT", "bids": [[13.262, 1123.0], [13.261, 428.0], [13.26, 507.0], [13.259, 1013.0], [13.258, 1220.0], [13.257, 605.0], [13.256, 908.0], [13.255, 1212.0], [13.254, 1112.0], [13.253, 739.0], [13.252, 621.0], [13.251, 1473.0], [13.25, 1354.0], [13.249, 670.0], [13.248, 1445.0], [13.247, 2001.0], [13.246, 1644.0], [13.245, 953.0], [13.244, 1603.0], [13.243, 1386.0]], "asks": [[13.263, 345.0], [13.264, 111.0], [13.265, 819.0], [13.266, 749.0], [13.267, 1121.0], [13.268, 1039.0], [13.269, 1476.0], [13.27, 1181.0], [13.271, 1555.0], [13.272, 864.0], [13.273, 1230.0], [13.274, 1021.0], [13.275, 1559.0], [13.276, 762.0], [13.277, 2267.0], [13.278, 2675.0], [13.279, 719.0], [13.28, 1017.0], [13.281, 796.0], [13.282, 933.0]], "timestamp": "2025-12-11T11:32:00.596078+00:00"}, {"symbol": "AVAXUSDT", "bids": [[13.268, 529.0], [13.267, 720.0], [13.266, 1498.0], [13.265, 903.0], [13.264, 1739.0], [13.263, 1302.0], [13.262, 1268.0], [13.261, 616.0], [13.26, 752.0], [13.259, 1388.0], [13.258, 1359.0], [13.257, 530.0], [13.256, 860.0], [13.255, 1204.0], [13.254, 860.0], [13.253, 1536.0], [13.252, 1217.0], [13.251, 2439.0], [13.25, 1045.0], [13.249, 771.0]], "asks": [[13.269, 388.0], [13.27, 523.0], [13.271, 1194.0], [13.272, 748.0], [13.273, 1306.0], [13.274, 615.0], [13.275, 1730.0], [13.276, 538.0], [13.277, 860.0], [13.278, 1032.0], [13.279, 920.0], [13.28, 1586.0], [13.281, 1407.0], [13.282, 969.0], [13.283, 1821.0], [13.284, 1049.0], [13.285, 979.0], [13.286, 3193.0], [13.287, 2097.0], [13.288, 559.0]], "timestamp": "2025-12-11T11:33:00.454077+00:00"}, {"symbol": "AVAXUSDT", "bids": [[13.266, 271.0], [13.265, 389.0], [13.264, 572.0], [13.263, 1357.0], [13.262, 1446.0], [13.261, 1172.0], [13.26, 1389.0], [13.259, 927.0], [13.258, 1633.0], [13.257, 792.0], [13.256, 841.0], [13.255, 1177.0], [13.254, 820.0], [13.253, 794.0], [13.252, 1055.0], [13.251, 1327.0], [13.25, 1873.0], [13.249, 746.0], [13.248, 1211.0], [13.247, 1509.0]], "asks": [[13.267, 588.0], [13.268, 338.0], [13.269, 1354.0], [13.27, 579.0], [13.271, 1186.0], [13.272, 1256.0], [13.273, 651.0], [13.274, 659.0], [13.275, 1047.0], [13.276, 317.0], [13.277, 773.0], [13.278, 1644.0], [13.279, 1035.0], [13.28, 1430.0], [13.281, 1055.0], [13.282, 1784.0], [13.283, 1062.0], [13.284, 3279.0], [13.285, 477.0], [13.286, 1144.0]], "timestamp": "2025-12-11T11:33:58.234075+00:00"}, {"symbol": "AVAXUSDT", "bids": [[13.267, 1094.0], [13.266, 788.0], [13.265, 412.0], [13.264, 168.0], [13.263, 1252.0], [13.262, 746.0], [13.261, 970.0], [13.26, 734.0], [13.259, 1052.0], [13.258, 1641.0], [13.257, 819.0], [13.256, 1006.0], [13.255, 1216.0], [13.254, 1207.0], [13.253, 958.0], [13.252, 1251.0], [13.251, 1083.0], [13.25, 2028.0], [13.249, 968.0], [13.248, 2433.0]], "asks": [[13.268, 46.0], [13.269, 285.0], [13.27, 822.0], [13.271, 1274.0], [13.272, 638.0], [13.273, 1144.0], [13.274, 974.0], [13.275, 1192.0], [13.276, 466.0], [13.277, 667.0], [13.278, 740.0], [13.279, 939.0], [13.28, 1735.0], [13.281, 1688.0], [13.282, 2405.0], [13.283, 561.0], [13.284, 1017.0], [13.285, 523.0], [13.286, 1703.0], [13.287, 3662.0]], "timestamp": "2025-12-11T11:34:55.531428+00:00"}, {"symbol": "AVAXUSDT", "bids": [[13.27, 1160.0], [13.269, 765.0], [13.268, 1192.0], [13.267, 1513.0], [13.266, 1171.0], [13.265, 1117.0], [13.264, 1315.0], [13.263, 857.0], [13.262, 1193.0], [13.261, 1094.0], [13.26, 796.0], [13.259, 1182.0], [13.258, 1713.0], [13.257, 1288.0], [13.256, 1279.0], [13.255, 2814.0], [13.254, 1582.0], [13.253, 1096.0], [13.252, 975.0], [13.251, 1065.0]], "asks": [[13.271, 321.0], [13.272, 778.0], [13.273, 844.0], [13.274, 273.0], [13.275, 832.0], [13.276, 1039.0], [13.277, 829.0], [13.278, 753.0], [13.279, 1042.0], [13.28, 1202.0], [13.281, 638.0], [13.282, 411.0], [13.283, 1030.0], [13.284, 1632.0], [13.285, 2111.0], [13.286, 2760.0], [13.287, 1315.0], [13.288, 485.0], [13.289, 1037.0], [13.29, 3109.0]], "timestamp": "2025-12-11T11:35:53.809575+00:00"}, {"symbol": "AVAXUSDT", "bids": [[13.275, 434.0], [13.274, 1362.0], [13.273, 1698.0], [13.272, 1928.0], [13.271, 1546.0], [13.27, 1043.0], [13.269, 1340.0], [13.268, 1075.0], [13.267, 859.0], [13.266, 1169.0], [13.265, 994.0], [13.264, 1038.0], [13.263, 816.0], [13.262, 636.0], [13.261, 805.0], [13.26, 1768.0], [13.259, 2649.0], [13.258, 1368.0], [13.257, 985.0], [13.256, 1488.0]], "asks": [[13.276, 408.0], [13.277, 238.0], [13.278, 508.0], [13.279, 746.0], [13.28, 1006.0], [13.281, 644.0], [13.282, 577.0], [13.283, 824.0], [13.284, 1223.0], [13.285, 1480.0], [13.286, 2022.0], [13.287, 1383.0], [13.288, 1139.0], [13.289, 1126.0], [13.29, 1279.0], [13.291, 2073.0], [13.292, 2956.0], [13.293, 1226.0], [13.294, 1585.0], [13.295, 311.0]], "timestamp": "2025-12-11T11:36:54.676499+00:00"}, {"symbol": "AVAXUSDT", "bids": [[13.291, 519.0], [13.29, 991.0], [13.289, 1487.0], [13.288, 1870.0], [13.287, 1371.0], [13.286, 1058.0], [13.285, 1840.0], [13.284, 2024.0], [13.283, 1571.0], [13.282, 1811.0], [13.281, 712.0], [13.28, 692.0], [13.279, 437.0], [13.278, 829.0], [13.277, 1259.0], [13.276, 631.0], [13.275, 1941.0], [13.274, 664.0], [13.273, 888.0], [13.272, 1623.0]], "asks": [[13.292, 190.0], [13.293, 519.0], [13.294, 940.0], [13.295, 4582.0], [13.296, 765.0], [13.297, 1087.0], [13.298, 762.0], [13.299, 1738.0], [13.3, 1093.0], [13.301, 958.0], [13.302, 3280.0], [13.303, 526.0], [13.304, 576.0], [13.305, 1079.0], [13.306, 1695.0], [13.307, 4176.0], [13.308, 1113.0], [13.309, 994.0], [13.31, 1460.0], [13.311, 2659.0]], "timestamp": "2025-12-11T11:37:55.379745+00:00"}, {"symbol": "AVAXUSDT", "bids": [[13.283, 389.0], [13.282, 478.0], [13.281, 384.0], [13.28, 541.0], [13.279, 1266.0], [13.278, 815.0], [13.277, 763.0], [13.276, 729.0], [13.275, 965.0], [13.274, 583.0], [13.273, 919.0], [13.272, 1189.0], [13.271, 1552.0], [13.27, 1422.0], [13.269, 4251.0], [13.268, 1484.0], [13.267, 619.0], [13.266, 990.0], [13.265, 2011.0], [13.264, 2420.0]], "asks": [[13.284, 304.0], [13.285, 1464.0], [13.286, 5275.0], [13.287, 1149.0], [13.288, 6196.0], [13.289, 1604.0], [13.29, 1508.0], [13.291, 1222.0], [13.292, 1283.0], [13.293, 1010.0], [13.294, 918.0], [13.295, 950.0], [13.296, 1350.0], [13.297, 1366.0], [13.298, 884.0], [13.299, 1466.0], [13.3, 2648.0], [13.301, 929.0], [13.302, 2521.0], [13.303, 1054.0]], "timestamp": "2025-12-11T11:38:53.673537+00:00"}, {"symbol": "AVAXUSDT", "bids": [[13.282, 543.0], [13.281, 219.0], [13.28, 462.0], [13.279, 652.0], [13.278, 1848.0], [13.277, 845.0], [13.276, 669.0], [13.275, 743.0], [13.274, 583.0], [13.273, 1068.0], [13.272, 1077.0], [13.271, 669.0], [13.27, 914.0], [13.269, 1899.0], [13.268, 1016.0], [13.267, 1744.0], [13.266, 1392.0], [13.265, 1872.0], [13.264, 1486.0], [13.263, 1972.0]], "asks": [[13.283, 298.0], [13.284, 794.0], [13.285, 5519.0], [13.286, 876.0], [13.287, 686.0], [13.288, 612.0], [13.289, 1563.0], [13.29, 1448.0], [13.291, 1173.0], [13.292, 859.0], [13.293, 688.0], [13.294, 698.0], [13.295, 1299.0], [13.296, 965.0], [13.297, 1773.0], [13.298, 1002.0], [13.299, 2299.0], [13.3, 689.0], [13.301, 963.0], [13.302, 2523.0]], "timestamp": "2025-12-11T11:39:51.645464+00:00"}, {"symbol": "AVAXUSDT", "bids": [[13.283, 65.0], [13.282, 413.0], [13.281, 530.0], [13.28, 895.0], [13.279, 895.0], [13.278, 1427.0], [13.277, 907.0], [13.276, 653.0], [13.275, 733.0], [13.274, 583.0], [13.273, 765.0], [13.272, 859.0], [13.271, 886.0], [13.27, 1172.0], [13.269, 1182.0], [13.268, 1397.0], [13.267, 1743.0], [13.266, 1290.0], [13.265, 1911.0], [13.264, 2553.0]], "asks": [[13.284, 1118.0], [13.285, 1565.0], [13.286, 5273.0], [13.287, 582.0], [13.288, 560.0], [13.289, 1523.0], [13.29, 1227.0], [13.291, 1415.0], [13.292, 834.0], [13.293, 1210.0], [13.294, 872.0], [13.295, 1113.0], [13.296, 845.0], [13.297, 2312.0], [13.298, 1318.0], [13.299, 2613.0], [13.3, 777.0], [13.301, 928.0], [13.302, 2523.0], [13.303, 1531.0]], "timestamp": "2025-12-11T11:40:49.937810+00:00"}, {"symbol": "AVAXUSDT", "bids": [[13.278, 1090.0], [13.277, 286.0], [13.276, 780.0], [13.275, 813.0], [13.274, 503.0], [13.273, 388.0], [13.272, 1239.0], [13.271, 1132.0], [13.27, 1364.0], [13.269, 1817.0], [13.268, 442.0], [13.267, 974.0], [13.266, 1504.0], [13.265, 1856.0], [13.264, 1260.0], [13.263, 1871.0], [13.262, 474.0], [13.261, 1190.0], [13.26, 1379.0], [13.259, 1571.0]], "asks": [[13.279, 493.0], [13.28, 1479.0], [13.281, 5832.0], [13.282, 1054.0], [13.283, 1937.0], [13.284, 1656.0], [13.285, 1586.0], [13.286, 1534.0], [13.287, 909.0], [13.288, 998.0], [13.289, 1220.0], [13.29, 937.0], [13.291, 736.0], [13.292, 1828.0], [13.293, 1172.0], [13.294, 1480.0], [13.295, 2785.0], [13.296, 874.0], [13.297, 1110.0], [13.298, 416.0]], "timestamp": "2025-12-11T11:41:46.744296+00:00"}, {"symbol": "AVAXUSDT", "bids": [[13.278, 944.0], [13.277, 141.0], [13.276, 233.0], [13.275, 863.0], [13.274, 732.0], [13.273, 1099.0], [13.272, 1462.0], [13.271, 1469.0], [13.27, 2042.0], [13.269, 2043.0], [13.268, 517.0], [13.267, 562.0], [13.266, 1653.0], [13.265, 1027.0], [13.264, 1368.0], [13.263, 1893.0], [13.262, 503.0], [13.261, 1179.0], [13.26, 3527.0], [13.259, 1044.0]], "asks": [[13.279, 515.0], [13.28, 1302.0], [13.281, 1155.0], [13.282, 1247.0], [13.283, 936.0], [13.284, 2223.0], [13.285, 2015.0], [13.286, 2561.0], [13.287, 2109.0], [13.288, 1904.0], [13.289, 1768.0], [13.29, 944.0], [13.291, 625.0], [13.292, 609.0], [13.293, 813.0], [13.294, 1020.0], [13.295, 2787.0], [13.296, 871.0], [13.297, 1616.0], [13.298, 417.0]], "timestamp": "2025-12-11T11:42:44.428366+00:00"}, {"symbol": "AVAXUSDT", "bids": [[13.284, 542.0], [13.283, 192.0], [13.282, 759.0], [13.281, 1574.0], [13.28, 1834.0], [13.279, 1432.0], [13.278, 1736.0], [13.277, 748.0], [13.276, 923.0], [13.275, 765.0], [13.274, 697.0], [13.273, 841.0], [13.272, 823.0], [13.271, 456.0], [13.27, 750.0], [13.269, 1340.0], [13.268, 2211.0], [13.267, 997.0], [13.266, 1527.0], [13.265, 1275.0]], "asks": [[13.285, 242.0], [13.286, 414.0], [13.287, 385.0], [13.288, 915.0], [13.289, 991.0], [13.29, 698.0], [13.291, 812.0], [13.292, 1150.0], [13.293, 725.0], [13.294, 1049.0], [13.295, 1440.0], [13.296, 1450.0], [13.297, 1620.0], [13.298, 712.0], [13.299, 1595.0], [13.3, 4384.0], [13.301, 866.0], [13.302, 2367.0], [13.303, 682.0], [13.304, 821.0]], "timestamp": "2025-12-11T11:43:41.102618+00:00"}, {"symbol": "AVAXUSDT", "bids": [[13.294, 864.0], [13.293, 827.0], [13.292, 1124.0], [13.291, 870.0], [13.29, 969.0], [13.289, 455.0], [13.288, 1264.0], [13.287, 1016.0], [13.286, 1259.0], [13.285, 2364.0], [13.284, 881.0], [13.283, 314.0], [13.282, 704.0], [13.281, 1670.0], [13.28, 1566.0], [13.279, 1471.0], [13.278, 2437.0], [13.277, 2063.0], [13.276, 897.0], [13.275, 1022.0]], "asks": [[13.295, 301.0], [13.296, 3453.0], [13.297, 889.0], [13.298, 275.0], [13.299, 553.0], [13.3, 893.0], [13.301, 930.0], [13.302, 2529.0], [13.303, 692.0], [13.304, 705.0], [13.305, 833.0], [13.306, 1669.0], [13.307, 3788.0], [13.308, 1140.0], [13.309, 1173.0], [13.31, 1894.0], [13.311, 797.0], [13.312, 657.0], [13.313, 1062.0], [13.314, 3258.0]], "timestamp": "2025-12-11T11:44:40.339460+00:00"}, {"symbol": "AVAXUSDT", "bids": [[13.294, 501.0], [13.293, 847.0], [13.292, 704.0], [13.291, 734.0], [13.29, 928.0], [13.289, 699.0], [13.288, 1303.0], [13.287, 804.0], [13.286, 1233.0], [13.285, 1291.0], [13.284, 909.0], [13.283, 511.0], [13.282, 848.0], [13.281, 1127.0], [13.28, 1632.0], [13.279, 1742.0], [13.278, 2150.0], [13.277, 4083.0], [13.276, 799.0], [13.275, 1017.0]], "asks": [[13.295, 133.0], [13.296, 3896.0], [13.297, 893.0], [13.298, 324.0], [13.299, 1025.0], [13.3, 741.0], [13.301, 1166.0], [13.302, 2582.0], [13.303, 810.0], [13.304, 685.0], [13.305, 970.0], [13.306, 1905.0], [13.307, 4073.0], [13.308, 1012.0], [13.309, 1805.0], [13.31, 750.0], [13.311, 896.0], [13.312, 602.0], [13.313, 979.0], [13.314, 3771.0]], "timestamp": "2025-12-11T11:45:38.835147+00:00"}, {"symbol": "AVAXUSDT", "bids": [[13.296, 424.0], [13.295, 229.0], [13.294, 575.0], [13.293, 807.0], [13.292, 874.0], [13.291, 1103.0], [13.29, 1276.0], [13.289, 637.0], [13.288, 1229.0], [13.287, 1141.0], [13.286, 972.0], [13.285, 1471.0], [13.284, 1268.0], [13.283, 1468.0], [13.282, 454.0], [13.281, 1208.0], [13.28, 2392.0], [13.279, 3768.0], [13.278, 2081.0], [13.277, 1794.0]], "asks": [[13.297, 5938.0], [13.298, 1337.0], [13.299, 1896.0], [13.3, 1953.0], [13.301, 2395.0], [13.302, 1928.0], [13.303, 484.0], [13.304, 586.0], [13.305, 1001.0], [13.306, 1582.0], [13.307, 2693.0], [13.308, 1247.0], [13.309, 360.0], [13.31, 816.0], [13.311, 810.0], [13.312, 1815.0], [13.313, 1292.0], [13.314, 1850.0], [13.315, 1089.0], [13.316, 2245.0]], "timestamp": "2025-12-11T11:46:38.583098+00:00"}, {"symbol": "AVAXUSDT", "bids": [[13.303, 1057.0], [13.302, 610.0], [13.301, 453.0], [13.3, 982.0], [13.299, 863.0], [13.298, 1474.0], [13.297, 2187.0], [13.296, 916.0], [13.295, 888.0], [13.294, 1039.0], [13.293, 1223.0], [13.292, 1251.0], [13.291, 3188.0], [13.29, 1879.0], [13.289, 1718.0], [13.288, 2129.0], [13.287, 738.0], [13.286, 678.0], [13.285, 1320.0], [13.284, 1111.0]], "asks": [[13.304, 79.0], [13.305, 6388.0], [13.306, 1366.0], [13.307, 2445.0], [13.308, 163.0], [13.309, 283.0], [13.31, 1187.0], [13.311, 827.0], [13.312, 649.0], [13.313, 821.0], [13.314, 1296.0], [13.315, 1055.0], [13.316, 1504.0], [13.317, 1461.0], [13.318, 934.0], [13.319, 617.0], [13.32, 2802.0], [13.321, 467.0], [13.322, 653.0], [13.323, 972.0]], "timestamp": "2025-12-11T11:47:37.936604+00:00"}, {"symbol": "AVAXUSDT", "bids": [[13.299, 715.0], [13.298, 416.0], [13.297, 1311.0], [13.296, 1427.0], [13.295, 699.0], [13.294, 918.0], [13.293, 624.0], [13.292, 1302.0], [13.291, 1781.0], [13.29, 519.0], [13.289, 927.0], [13.288, 1146.0], [13.287, 1194.0], [13.286, 1112.0], [13.285, 1934.0], [13.284, 1353.0], [13.283, 1639.0], [13.282, 992.0], [13.281, 1526.0], [13.28, 3967.0]], "asks": [[13.3, 5167.0], [13.301, 1477.0], [13.302, 1297.0], [13.303, 164.0], [13.304, 1165.0], [13.305, 1020.0], [13.306, 1372.0], [13.307, 2786.0], [13.308, 1002.0], [13.309, 566.0], [13.31, 875.0], [13.311, 545.0], [13.312, 1169.0], [13.313, 994.0], [13.314, 1135.0], [13.315, 1471.0], [13.316, 1689.0], [13.317, 2113.0], [13.318, 896.0], [13.319, 696.0]], "timestamp": "2025-12-11T11:48:34.772975+00:00"}, {"symbol": "AVAXUSDT", "bids": [[13.3, 1232.0], [13.299, 590.0], [13.298, 390.0], [13.297, 576.0], [13.296, 1224.0], [13.295, 868.0], [13.294, 1141.0], [13.293, 622.0], [13.292, 1510.0], [13.291, 1693.0], [13.29, 572.0], [13.289, 927.0], [13.288, 1290.0], [13.287, 1220.0], [13.286, 1493.0], [13.285, 2348.0], [13.284, 1457.0], [13.283, 1726.0], [13.282, 1297.0], [13.281, 1663.0]], "asks": [[13.301, 867.0], [13.302, 197.0], [13.303, 1259.0], [13.304, 6112.0], [13.305, 753.0], [13.306, 818.0], [13.307, 2799.0], [13.308, 983.0], [13.309, 579.0], [13.31, 1426.0], [13.311, 776.0], [13.312, 1162.0], [13.313, 995.0], [13.314, 1256.0], [13.315, 2603.0], [13.316, 1558.0], [13.317, 1509.0], [13.318, 796.0], [13.319, 696.0], [13.32, 3255.0]], "timestamp": "2025-12-11T11:49:31.381447+00:00"}, {"symbol": "AVAXUSDT", "bids": [[13.316, 343.0], [13.315, 1063.0], [13.314, 1419.0], [13.313, 2413.0], [13.312, 2309.0], [13.311, 1697.0], [13.31, 1291.0], [13.309, 1237.0], [13.308, 718.0], [13.307, 912.0], [13.306, 1263.0], [13.305, 1053.0], [13.304, 994.0], [13.303, 1531.0], [13.302, 1575.0], [13.301, 793.0], [13.3, 2400.0], [13.299, 1274.0], [13.298, 639.0], [13.297, 2286.0]], "asks": [[13.317, 140.0], [13.318, 5236.0], [13.319, 1410.0], [13.32, 853.0], [13.321, 1367.0], [13.322, 6198.0], [13.323, 1528.0], [13.324, 789.0], [13.325, 1000.0], [13.326, 903.0], [13.327, 1509.0], [13.328, 783.0], [13.329, 1550.0], [13.33, 1237.0], [13.331, 828.0], [13.332, 663.0], [13.333, 1618.0], [13.334, 2099.0], [13.335, 2741.0], [13.336, 786.0]], "timestamp": "2025-12-11T11:50:28.637806+00:00"}, {"symbol": "AVAXUSDT", "bids": [[13.303, 598.0], [13.302, 145.0], [13.301, 605.0], [13.3, 1169.0], [13.299, 631.0], [13.298, 928.0], [13.297, 1082.0], [13.296, 859.0], [13.295, 1208.0], [13.294, 1189.0], [13.293, 502.0], [13.292, 1096.0], [13.291, 1380.0], [13.29, 1622.0], [13.289, 2049.0], [13.288, 3149.0], [13.287, 890.0], [13.286, 1482.0], [13.285, 2492.0], [13.284, 1618.0]], "asks": [[13.304, 643.0], [13.305, 2342.0], [13.306, 6844.0], [13.307, 2220.0], [13.308, 2328.0], [13.309, 1370.0], [13.31, 2220.0], [13.311, 1288.0], [13.312, 897.0], [13.313, 578.0], [13.314, 1352.0], [13.315, 1245.0], [13.316, 1284.0], [13.317, 800.0], [13.318, 711.0], [13.319, 1513.0], [13.32, 2637.0], [13.321, 755.0], [13.322, 754.0], [13.323, 802.0]], "timestamp": "2025-12-11T11:51:26.154412+00:00"}, {"symbol": "AVAXUSDT", "bids": [[13.314, 512.0], [13.313, 1109.0], [13.312, 870.0], [13.311, 635.0], [13.31, 1178.0], [13.309, 1216.0], [13.308, 1593.0], [13.307, 624.0], [13.306, 1066.0], [13.305, 978.0], [13.304, 788.0], [13.303, 879.0], [13.302, 1352.0], [13.301, 2298.0], [13.3, 2437.0], [13.299, 1762.0], [13.298, 1182.0], [13.297, 1255.0], [13.296, 946.0], [13.295, 1534.0]], "asks": [[13.315, 102.0], [13.316, 297.0], [13.317, 1746.0], [13.318, 1321.0], [13.319, 732.0], [13.32, 1198.0], [13.321, 977.0], [13.322, 1425.0], [13.323, 1218.0], [13.324, 676.0], [13.325, 1315.0], [13.326, 831.0], [13.327, 744.0], [13.328, 2542.0], [13.329, 1361.0], [13.33, 1407.0], [13.331, 2180.0], [13.332, 1014.0], [13.333, 1661.0], [13.334, 2719.0]], "timestamp": "2025-12-11T11:52:23.012787+00:00"}, {"symbol": "AVAXUSDT", "bids": [[13.316, 656.0], [13.315, 158.0], [13.314, 855.0], [13.313, 1218.0], [13.312, 720.0], [13.311, 886.0], [13.31, 869.0], [13.309, 1160.0], [13.308, 762.0], [13.307, 873.0], [13.306, 1199.0], [13.305, 1004.0], [13.304, 1416.0], [13.303, 1287.0], [13.302, 1685.0], [13.301, 2350.0], [13.3, 3097.0], [13.299, 1135.0], [13.298, 1055.0], [13.297, 1459.0]], "asks": [[13.317, 83.0], [13.318, 11.0], [13.319, 1768.0], [13.32, 1904.0], [13.321, 1171.0], [13.322, 739.0], [13.323, 1344.0], [13.324, 1719.0], [13.325, 1752.0], [13.326, 1325.0], [13.327, 847.0], [13.328, 933.0], [13.329, 1204.0], [13.33, 1853.0], [13.331, 1158.0], [13.332, 1693.0], [13.333, 783.0], [13.334, 695.0], [13.335, 909.0], [13.336, 2544.0]], "timestamp": "2025-12-11T11:53:19.690160+00:00"}, {"symbol": "AVAXUSDT", "bids": [[13.315, 218.0], [13.314, 125.0], [13.313, 671.0], [13.312, 1085.0], [13.311, 618.0], [13.31, 1153.0], [13.309, 1098.0], [13.308, 808.0], [13.307, 658.0], [13.306, 1087.0], [13.305, 884.0], [13.304, 961.0], [13.303, 1207.0], [13.302, 2030.0], [13.301, 2190.0], [13.3, 2259.0], [13.299, 2248.0], [13.298, 1172.0], [13.297, 1561.0], [13.296, 1082.0]], "asks": [[13.316, 810.0], [13.317, 5469.0], [13.318, 1165.0], [13.319, 276.0], [13.32, 1100.0], [13.321, 1624.0], [13.322, 2589.0], [13.323, 2364.0], [13.324, 2280.0], [13.325, 2089.0], [13.326, 881.0], [13.327, 1151.0], [13.328, 543.0], [13.329, 722.0], [13.33, 1782.0], [13.331, 1637.0], [13.332, 2055.0], [13.333, 794.0], [13.334, 705.0], [13.335, 747.0]], "timestamp": "2025-12-11T11:54:15.879964+00:00"}, {"symbol": "AVAXUSDT", "bids": [[13.312, 15.0], [13.311, 107.0], [13.31, 776.0], [13.309, 707.0], [13.308, 492.0], [13.307, 984.0], [13.306, 915.0], [13.305, 636.0], [13.304, 905.0], [13.303, 1638.0], [13.302, 673.0], [13.301, 812.0], [13.3, 2191.0], [13.299, 1601.0], [13.298, 1682.0], [13.297, 2047.0], [13.296, 1697.0], [13.295, 879.0], [13.294, 964.0], [13.293, 751.0]], "asks": [[13.313, 1543.0], [13.314, 1476.0], [13.315, 1640.0], [13.316, 1311.0], [13.317, 1595.0], [13.318, 2050.0], [13.319, 1047.0], [13.32, 1344.0], [13.321, 1526.0], [13.322, 1903.0], [13.323, 775.0], [13.324, 1434.0], [13.325, 1050.0], [13.326, 1618.0], [13.327, 1517.0], [13.328, 1173.0], [13.329, 1776.0], [13.33, 1232.0], [13.331, 743.0], [13.332, 1063.0]], "timestamp": "2025-12-11T11:55:12.236214+00:00"}, {"symbol": "AVAXUSDT", "bids": [[13.314, 1152.0], [13.313, 990.0], [13.312, 842.0], [13.311, 1163.0], [13.31, 1766.0], [13.309, 2074.0], [13.308, 1253.0], [13.307, 655.0], [13.306, 689.0], [13.305, 872.0], [13.304, 424.0], [13.303, 1101.0], [13.302, 550.0], [13.301, 1018.0], [13.3, 1313.0], [13.299, 1493.0], [13.298, 2988.0], [13.297, 2569.0], [13.296, 717.0], [13.295, 677.0]], "asks": [[13.315, 57.0], [13.316, 302.0], [13.317, 1008.0], [13.318, 560.0], [13.319, 693.0], [13.32, 1325.0], [13.321, 808.0], [13.322, 618.0], [13.323, 1334.0], [13.324, 1426.0], [13.325, 1233.0], [13.326, 1243.0], [13.327, 1018.0], [13.328, 1559.0], [13.329, 2085.0], [13.33, 1256.0], [13.331, 1125.0], [13.332, 3327.0], [13.333, 776.0], [13.334, 761.0]], "timestamp": "2025-12-11T11:56:08.714331+00:00"}, {"symbol": "AVAXUSDT", "bids": [[13.31, 792.0], [13.309, 1027.0], [13.308, 821.0], [13.307, 804.0], [13.306, 765.0], [13.305, 907.0], [13.304, 392.0], [13.303, 1203.0], [13.302, 629.0], [13.301, 1176.0], [13.3, 1462.0], [13.299, 1601.0], [13.298, 1857.0], [13.297, 2188.0], [13.296, 1367.0], [13.295, 4229.0], [13.294, 812.0], [13.293, 526.0], [13.292, 588.0], [13.291, 1241.0]], "asks": [[13.311, 106.0], [13.312, 168.0], [13.313, 854.0], [13.314, 1514.0], [13.315, 1148.0], [13.316, 725.0], [13.317, 1625.0], [13.318, 1459.0], [13.319, 1033.0], [13.32, 756.0], [13.321, 716.0], [13.322, 1283.0], [13.323, 1010.0], [13.324, 1281.0], [13.325, 1061.0], [13.326, 1346.0], [13.327, 2219.0], [13.328, 572.0], [13.329, 861.0], [13.33, 1714.0]], "timestamp": "2025-12-11T11:57:03.849653+00:00"}, {"symbol": "AVAXUSDT", "bids": [[13.322, 658.0], [13.321, 362.0], [13.32, 944.0], [13.319, 923.0], [13.318, 1028.0], [13.317, 1324.0], [13.316, 1609.0], [13.315, 810.0], [13.314, 1471.0], [13.313, 1462.0], [13.312, 1294.0], [13.311, 981.0], [13.31, 855.0], [13.309, 974.0], [13.308, 2051.0], [13.307, 778.0], [13.306, 2036.0], [13.305, 909.0], [13.304, 641.0], [13.303, 1684.0]], "asks": [[13.323, 579.0], [13.324, 77.0], [13.325, 473.0], [13.326, 454.0], [13.327, 1153.0], [13.328, 1045.0], [13.329, 1090.0], [13.33, 1298.0], [13.331, 670.0], [13.332, 725.0], [13.333, 1037.0], [13.334, 1043.0], [13.335, 1082.0], [13.336, 1913.0], [13.337, 2194.0], [13.338, 1034.0], [13.339, 757.0], [13.34, 509.0], [13.341, 543.0], [13.342, 1413.0]], "timestamp": "2025-12-11T11:58:02.316337+00:00"}, {"symbol": "AVAXUSDT", "bids": [[13.325, 707.0], [13.324, 881.0], [13.323, 624.0], [13.322, 1140.0], [13.321, 323.0], [13.32, 1137.0], [13.319, 989.0], [13.318, 1207.0], [13.317, 823.0], [13.316, 1358.0], [13.315, 851.0], [13.314, 1025.0], [13.313, 1571.0], [13.312, 1356.0], [13.311, 1710.0], [13.31, 973.0], [13.309, 619.0], [13.308, 1299.0], [13.307, 1860.0], [13.306, 1253.0]], "asks": [[13.326, 38.0], [13.327, 773.0], [13.328, 1134.0], [13.329, 692.0], [13.33, 860.0], [13.331, 1112.0], [13.332, 817.0], [13.333, 1000.0], [13.334, 696.0], [13.335, 1006.0], [13.336, 1098.0], [13.337, 786.0], [13.338, 1639.0], [13.339, 1644.0], [13.34, 2539.0], [13.341, 726.0], [13.342, 1357.0], [13.343, 1044.0], [13.344, 700.0], [13.345, 964.0]], "timestamp": "2025-12-11T11:59:00.646395+00:00"}, {"symbol": "AVAXUSDT", "bids": [[13.31, 558.0], [13.309, 477.0], [13.308, 1019.0], [13.307, 380.0], [13.306, 761.0], [13.305, 688.0], [13.304, 930.0], [13.303, 1142.0], [13.302, 815.0], [13.301, 1700.0], [13.3, 1320.0], [13.299, 917.0], [13.298, 1166.0], [13.297, 2108.0], [13.296, 1742.0], [13.295, 793.0], [13.294, 1406.0], [13.293, 1652.0], [13.292, 979.0], [13.291, 3768.0]], "asks": [[13.311, 2.0], [13.312, 318.0], [13.313, 684.0], [13.314, 1209.0], [13.315, 936.0], [13.316, 1472.0], [13.317, 2369.0], [13.318, 1039.0], [13.319, 1861.0], [13.32, 1361.0], [13.321, 484.0], [13.322, 455.0], [13.323, 695.0], [13.324, 1339.0], [13.325, 956.0], [13.326, 2192.0], [13.327, 645.0], [13.328, 939.0], [13.329, 1244.0], [13.33, 1375.0]], "timestamp": "2025-12-11T11:59:56.043114+00:00"}, {"symbol": "AVAXUSDT", "bids": [[13.302, 518.0], [13.301, 527.0], [13.3, 1361.0], [13.299, 4422.0], [13.298, 839.0], [13.297, 1146.0], [13.296, 882.0], [13.295, 385.0], [13.294, 842.0], [13.293, 403.0], [13.292, 1069.0], [13.291, 1413.0], [13.29, 665.0], [13.289, 868.0], [13.288, 786.0], [13.287, 999.0], [13.286, 562.0], [13.285, 1309.0], [13.284, 1008.0], [13.283, 2642.0]], "asks": [[13.303, 11070.0], [13.304, 696.0], [13.305, 620.0], [13.306, 353.0], [13.307, 784.0], [13.308, 814.0], [13.309, 1504.0], [13.31, 877.0], [13.311, 664.0], [13.312, 1301.0], [13.313, 1788.0], [13.314, 1078.0], [13.315, 936.0], [13.316, 996.0], [13.317, 622.0], [13.318, 608.0], [13.319, 995.0], [13.32, 2452.0], [13.321, 2881.0], [13.322, 959.0]], "timestamp": "2025-12-11T12:00:53.923000+00:00"}, {"symbol": "AVAXUSDT", "bids": [[13.303, 4508.0], [13.302, 475.0], [13.301, 589.0], [13.3, 910.0], [13.299, 784.0], [13.298, 1620.0], [13.297, 1368.0], [13.296, 1675.0], [13.295, 616.0], [13.294, 1555.0], [13.293, 619.0], [13.292, 836.0], [13.291, 1237.0], [13.29, 953.0], [13.289, 2297.0], [13.288, 1746.0], [13.287, 758.0], [13.286, 1673.0], [13.285, 1241.0], [13.284, 695.0]], "asks": [[13.304, 1519.0], [13.305, 634.0], [13.306, 464.0], [13.307, 661.0], [13.308, 780.0], [13.309, 1154.0], [13.31, 988.0], [13.311, 1036.0], [13.312, 1503.0], [13.313, 1147.0], [13.314, 1257.0], [13.315, 1476.0], [13.316, 1441.0], [13.317, 893.0], [13.318, 618.0], [13.319, 1457.0], [13.32, 2213.0], [13.321, 639.0], [13.322, 980.0], [13.323, 982.0]], "timestamp": "2025-12-11T12:01:51.362264+00:00"}, {"symbol": "AVAXUSDT", "bids": [[13.3, 506.0], [13.299, 944.0], [13.298, 5925.0], [13.297, 945.0], [13.296, 763.0], [13.295, 1099.0], [13.294, 1780.0], [13.293, 1963.0], [13.292, 1425.0], [13.291, 1722.0], [13.29, 1046.0], [13.289, 1484.0], [13.288, 843.0], [13.287, 851.0], [13.286, 1010.0], [13.285, 1610.0], [13.284, 1204.0], [13.283, 583.0], [13.282, 2043.0], [13.281, 902.0]], "asks": [[13.301, 354.0], [13.302, 532.0], [13.303, 697.0], [13.304, 807.0], [13.305, 757.0], [13.306, 528.0], [13.307, 763.0], [13.308, 1291.0], [13.309, 1193.0], [13.31, 1137.0], [13.311, 1052.0], [13.312, 1394.0], [13.313, 1230.0], [13.314, 1035.0], [13.315, 1112.0], [13.316, 2145.0], [13.317, 981.0], [13.318, 739.0], [13.319, 976.0], [13.32, 1141.0]], "timestamp": "2025-12-11T12:02:47.843055+00:00"}, {"symbol": "AVAXUSDT", "bids": [[13.303, 564.0], [13.302, 990.0], [13.301, 652.0], [13.3, 2031.0], [13.299, 6587.0], [13.298, 912.0], [13.297, 1104.0], [13.296, 1269.0], [13.295, 1077.0], [13.294, 1475.0], [13.293, 1164.0], [13.292, 958.0], [13.291, 1353.0], [13.29, 1164.0], [13.289, 1121.0], [13.288, 618.0], [13.287, 1107.0], [13.286, 1891.0], [13.285, 1840.0], [13.284, 911.0]], "asks": [[13.304, 468.0], [13.305, 18.0], [13.306, 173.0], [13.307, 557.0], [13.308, 1220.0], [13.309, 527.0], [13.31, 672.0], [13.311, 1066.0], [13.312, 788.0], [13.313, 840.0], [13.314, 873.0], [13.315, 1339.0], [13.316, 1120.0], [13.317, 855.0], [13.318, 1177.0], [13.319, 2343.0], [13.32, 1105.0], [13.321, 759.0], [13.322, 2683.0], [13.323, 726.0]], "timestamp": "2025-12-11T12:03:45.315345+00:00"}, {"symbol": "AVAXUSDT", "bids": [[13.31, 384.0], [13.309, 740.0], [13.308, 639.0], [13.307, 932.0], [13.306, 503.0], [13.305, 546.0], [13.304, 1062.0], [13.303, 692.0], [13.302, 1810.0], [13.301, 1515.0], [13.3, 1124.0], [13.299, 635.0], [13.298, 1262.0], [13.297, 2264.0], [13.296, 844.0], [13.295, 1047.0], [13.294, 1267.0], [13.293, 3830.0], [13.292, 549.0], [13.291, 1495.0]], "asks": [[13.311, 557.0], [13.312, 439.0], [13.313, 930.0], [13.314, 1475.0], [13.315, 977.0], [13.316, 1984.0], [13.317, 2717.0], [13.318, 2231.0], [13.319, 1355.0], [13.32, 1807.0], [13.321, 808.0], [13.322, 732.0], [13.323, 1121.0], [13.324, 1631.0], [13.325, 809.0], [13.326, 1617.0], [13.327, 789.0], [13.328, 817.0], [13.329, 1887.0], [13.33, 1437.0]], "timestamp": "2025-12-11T12:04:43.283410+00:00"}, {"symbol": "AVAXUSDT", "bids": [[13.313, 1128.0], [13.312, 621.0], [13.311, 1310.0], [13.31, 1605.0], [13.309, 1393.0], [13.308, 1464.0], [13.307, 1756.0], [13.306, 1680.0], [13.305, 1195.0], [13.304, 1201.0], [13.303, 718.0], [13.302, 1237.0], [13.301, 1228.0], [13.3, 1376.0], [13.299, 942.0], [13.298, 1065.0], [13.297, 1325.0], [13.296, 1350.0], [13.295, 1015.0], [13.294, 942.0]], "asks": [[13.314, 105.0], [13.315, 132.0], [13.316, 249.0], [13.317, 594.0], [13.318, 601.0], [13.319, 1046.0], [13.32, 1490.0], [13.321, 822.0], [13.322, 740.0], [13.323, 1161.0], [13.324, 1833.0], [13.325, 636.0], [13.326, 1536.0], [13.327, 1194.0], [13.328, 848.0], [13.329, 2098.0], [13.33, 1098.0], [13.331, 3134.0], [13.332, 903.0], [13.333, 957.0]], "timestamp": "2025-12-11T12:05:39.795760+00:00"}, {"symbol": "AVAXUSDT", "bids": [[13.31, 533.0], [13.309, 549.0], [13.308, 928.0], [13.307, 839.0], [13.306, 522.0], [13.305, 990.0], [13.304, 738.0], [13.303, 1032.0], [13.302, 1696.0], [13.301, 935.0], [13.3, 1776.0], [13.299, 1081.0], [13.298, 1769.0], [13.297, 1034.0], [13.296, 2880.0], [13.295, 879.0], [13.294, 1187.0], [13.293, 1948.0], [13.292, 539.0], [13.291, 1335.0]], "asks": [[13.311, 8.0], [13.312, 877.0], [13.313, 1035.0], [13.314, 909.0], [13.315, 1628.0], [13.316, 1100.0], [13.317, 2573.0], [13.318, 1163.0], [13.319, 2022.0], [13.32, 1839.0], [13.321, 768.0], [13.322, 957.0], [13.323, 1110.0], [13.324, 1103.0], [13.325, 943.0], [13.326, 1305.0], [13.327, 1621.0], [13.328, 654.0], [13.329, 730.0], [13.33, 1280.0]], "timestamp": "2025-12-11T12:06:35.452079+00:00"}, {"symbol": "AVAXUSDT", "bids": [[13.289, 314.0], [13.288, 134.0], [13.287, 4672.0], [13.286, 454.0], [13.285, 510.0], [13.284, 1027.0], [13.283, 760.0], [13.282, 870.0], [13.281, 1315.0], [13.28, 1498.0], [13.279, 2301.0], [13.278, 905.0], [13.277, 718.0], [13.276, 1330.0], [13.275, 2008.0], [13.274, 1405.0], [13.273, 2104.0], [13.272, 863.0], [13.271, 574.0], [13.27, 1079.0]], "asks": [[13.29, 899.0], [13.291, 1641.0], [13.292, 1063.0], [13.293, 745.0], [13.294, 579.0], [13.295, 1891.0], [13.296, 1539.0], [13.297, 1789.0], [13.298, 1044.0], [13.299, 955.0], [13.3, 1096.0], [13.301, 1211.0], [13.302, 1598.0], [13.303, 1239.0], [13.304, 900.0], [13.305, 1272.0], [13.306, 1187.0], [13.307, 1959.0], [13.308, 683.0], [13.309, 739.0]], "timestamp": "2025-12-11T12:07:30.349488+00:00"}, {"symbol": "AVAXUSDT", "bids": [[13.294, 1295.0], [13.293, 2159.0], [13.292, 6896.0], [13.291, 2255.0], [13.29, 1745.0], [13.289, 1858.0], [13.288, 4288.0], [13.287, 1783.0], [13.286, 1351.0], [13.285, 1979.0], [13.284, 807.0], [13.283, 456.0], [13.282, 867.0], [13.281, 757.0], [13.28, 1324.0], [13.279, 3178.0], [13.278, 2036.0], [13.277, 1872.0], [13.276, 925.0], [13.275, 853.0]], "asks": [[13.295, 11.0], [13.296, 94.0], [13.297, 129.0], [13.298, 734.0], [13.299, 538.0], [13.3, 1197.0], [13.301, 1601.0], [13.302, 1319.0], [13.303, 807.0], [13.304, 1301.0], [13.305, 993.0], [13.306, 1187.0], [13.307, 766.0], [13.308, 1458.0], [13.309, 1433.0], [13.31, 2379.0], [13.311, 2821.0], [13.312, 444.0], [13.313, 576.0], [13.314, 649.0]], "timestamp": "2025-12-11T12:08:25.793426+00:00"}, {"symbol": "AVAXUSDT", "bids": [[13.288, 699.0], [13.287, 5457.0], [13.286, 738.0], [13.285, 137.0], [13.284, 264.0], [13.283, 776.0], [13.282, 1033.0], [13.281, 579.0], [13.28, 1155.0], [13.279, 2573.0], [13.278, 973.0], [13.277, 1096.0], [13.276, 1113.0], [13.275, 646.0], [13.274, 469.0], [13.273, 1256.0], [13.272, 2169.0], [13.271, 2045.0], [13.27, 610.0], [13.269, 1174.0]], "asks": [[13.289, 576.0], [13.29, 917.0], [13.291, 785.0], [13.292, 1070.0], [13.293, 1414.0], [13.294, 2369.0], [13.295, 1631.0], [13.296, 1588.0], [13.297, 580.0], [13.298, 793.0], [13.299, 966.0], [13.3, 1298.0], [13.301, 1649.0], [13.302, 1877.0], [13.303, 1299.0], [13.304, 1698.0], [13.305, 285.0], [13.306, 516.0], [13.307, 587.0], [13.308, 1036.0]], "timestamp": "2025-12-11T12:09:21.329865+00:00"}, {"symbol": "AVAXUSDT", "bids": [[13.296, 58.0], [13.295, 321.0], [13.294, 5459.0], [13.293, 146.0], [13.292, 952.0], [13.291, 990.0], [13.29, 901.0], [13.289, 991.0], [13.288, 1665.0], [13.287, 460.0], [13.286, 995.0], [13.285, 739.0], [13.284, 783.0], [13.283, 694.0], [13.282, 1098.0], [13.281, 1274.0], [13.28, 2139.0], [13.279, 2829.0], [13.278, 1219.0], [13.277, 861.0]], "asks": [[13.297, 592.0], [13.298, 323.0], [13.299, 690.0], [13.3, 652.0], [13.301, 1199.0], [13.302, 1720.0], [13.303, 1207.0], [13.304, 733.0], [13.305, 612.0], [13.306, 1248.0], [13.307, 1046.0], [13.308, 1932.0], [13.309, 1386.0], [13.31, 1296.0], [13.311, 2981.0], [13.312, 1555.0], [13.313, 606.0], [13.314, 912.0], [13.315, 505.0], [13.316, 1465.0]], "timestamp": "2025-12-11T12:10:16.092178+00:00"}, {"symbol": "AVAXUSDT", "bids": [[13.278, 513.0], [13.277, 400.0], [13.276, 792.0], [13.275, 607.0], [13.274, 452.0], [13.273, 993.0], [13.272, 1373.0], [13.271, 478.0], [13.27, 995.0], [13.269, 837.0], [13.268, 722.0], [13.267, 873.0], [13.266, 1632.0], [13.265, 1757.0], [13.264, 1184.0], [13.263, 1630.0], [13.262, 3163.0], [13.261, 3721.0], [13.26, 1006.0], [13.259, 1501.0]], "asks": [[13.279, 819.0], [13.28, 953.0], [13.281, 826.0], [13.282, 1070.0], [13.283, 1373.0], [13.284, 1308.0], [13.285, 1010.0], [13.286, 1755.0], [13.287, 876.0], [13.288, 1332.0], [13.289, 1092.0], [13.29, 684.0], [13.291, 673.0], [13.292, 1433.0], [13.293, 1155.0], [13.294, 968.0], [13.295, 2781.0], [13.296, 1147.0], [13.297, 1050.0], [13.298, 988.0]], "timestamp": "2025-12-11T12:11:10.580166+00:00"}, {"symbol": "AVAXUSDT", "bids": [[13.286, 1783.0], [13.285, 1383.0], [13.284, 1080.0], [13.283, 1785.0], [13.282, 831.0], [13.281, 961.0], [13.28, 1065.0], [13.279, 1217.0], [13.278, 1262.0], [13.277, 775.0], [13.276, 1505.0], [13.275, 1169.0], [13.274, 1045.0], [13.273, 786.0], [13.272, 947.0], [13.271, 528.0], [13.27, 1057.0], [13.269, 1220.0], [13.268, 1096.0], [13.267, 1032.0]], "asks": [[13.287, 9.0], [13.288, 178.0], [13.289, 989.0], [13.29, 464.0], [13.291, 789.0], [13.292, 1027.0], [13.293, 721.0], [13.294, 631.0], [13.295, 1563.0], [13.296, 1097.0], [13.297, 1254.0], [13.298, 1575.0], [13.299, 809.0], [13.3, 450.0], [13.301, 989.0], [13.302, 3544.0], [13.303, 738.0], [13.304, 899.0], [13.305, 957.0], [13.306, 534.0]], "timestamp": "2025-12-11T12:12:06.315386+00:00"}, {"symbol": "AVAXUSDT", "bids": [[13.281, 35.0], [13.28, 545.0], [13.279, 647.0], [13.278, 620.0], [13.277, 454.0], [13.276, 593.0], [13.275, 865.0], [13.274, 820.0], [13.273, 1042.0], [13.272, 945.0], [13.271, 717.0], [13.27, 918.0], [13.269, 845.0], [13.268, 1195.0], [13.267, 1177.0], [13.266, 2139.0], [13.265, 1138.0], [13.264, 2643.0], [13.263, 2197.0], [13.262, 1440.0]], "asks": [[13.282, 463.0], [13.283, 997.0], [13.284, 1038.0], [13.285, 1411.0], [13.286, 1997.0], [13.287, 1576.0], [13.288, 2003.0], [13.289, 1446.0], [13.29, 805.0], [13.291, 1221.0], [13.292, 1349.0], [13.293, 1572.0], [13.294, 1011.0], [13.295, 1595.0], [13.296, 675.0], [13.297, 1571.0], [13.298, 665.0], [13.299, 311.0], [13.3, 459.0], [13.301, 1131.0]], "timestamp": "2025-12-11T12:13:02.088354+00:00"}, {"symbol": "AVAXUSDT", "bids": [[13.288, 338.0], [13.287, 734.0], [13.286, 860.0], [13.285, 1089.0], [13.284, 1903.0], [13.283, 1253.0], [13.282, 1148.0], [13.281, 1640.0], [13.28, 1272.0], [13.279, 1400.0], [13.278, 830.0], [13.277, 478.0], [13.276, 918.0], [13.275, 629.0], [13.274, 507.0], [13.273, 711.0], [13.272, 1357.0], [13.271, 2337.0], [13.27, 1478.0], [13.269, 873.0]], "asks": [[13.289, 97.0], [13.29, 162.0], [13.291, 409.0], [13.292, 1005.0], [13.293, 756.0], [13.294, 1005.0], [13.295, 1949.0], [13.296, 694.0], [13.297, 536.0], [13.298, 964.0], [13.299, 433.0], [13.3, 1122.0], [13.301, 2174.0], [13.302, 3573.0], [13.303, 919.0], [13.304, 1944.0], [13.305, 441.0], [13.306, 499.0], [13.307, 642.0], [13.308, 1383.0]], "timestamp": "2025-12-11T12:13:56.808668+00:00"}, {"symbol": "AVAXUSDT", "bids": [[13.291, 598.0], [13.29, 913.0], [13.289, 1089.0], [13.288, 1466.0], [13.287, 1355.0], [13.286, 732.0], [13.285, 1391.0], [13.284, 1193.0], [13.283, 592.0], [13.282, 823.0], [13.281, 1025.0], [13.28, 987.0], [13.279, 1531.0], [13.278, 1450.0], [13.277, 705.0], [13.276, 1265.0], [13.275, 1444.0], [13.274, 2256.0], [13.273, 2412.0], [13.272, 3482.0]], "asks": [[13.292, 180.0], [13.293, 102.0], [13.294, 647.0], [13.295, 1113.0], [13.296, 1391.0], [13.297, 1029.0], [13.298, 863.0], [13.299, 1045.0], [13.3, 733.0], [13.301, 465.0], [13.302, 1069.0], [13.303, 924.0], [13.304, 894.0], [13.305, 1359.0], [13.306, 1742.0], [13.307, 1625.0], [13.308, 629.0], [13.309, 1104.0], [13.31, 1010.0], [13.311, 3045.0]], "timestamp": "2025-12-11T12:14:52.303299+00:00"}, {"symbol": "AVAXUSDT", "bids": [[13.295, 211.0], [13.294, 163.0], [13.293, 427.0], [13.292, 881.0], [13.291, 852.0], [13.29, 848.0], [13.289, 1291.0], [13.288, 417.0], [13.287, 790.0], [13.286, 839.0], [13.285, 873.0], [13.284, 920.0], [13.283, 845.0], [13.282, 1636.0], [13.281, 1525.0], [13.28, 3837.0], [13.279, 2379.0], [13.278, 2183.0], [13.277, 579.0], [13.276, 912.0]], "asks": [[13.296, 615.0], [13.297, 748.0], [13.298, 731.0], [13.299, 1213.0], [13.3, 674.0], [13.301, 1227.0], [13.302, 2173.0], [13.303, 845.0], [13.304, 1146.0], [13.305, 953.0], [13.306, 838.0], [13.307, 772.0], [13.308, 784.0], [13.309, 1519.0], [13.31, 1688.0], [13.311, 1554.0], [13.312, 550.0], [13.313, 628.0], [13.314, 836.0], [13.315, 1392.0]], "timestamp": "2025-12-11T12:15:46.595776+00:00"}, {"symbol": "AVAXUSDT", "bids": [[13.289, 303.0], [13.288, 633.0], [13.287, 879.0], [13.286, 1105.0], [13.285, 624.0], [13.284, 768.0], [13.283, 597.0], [13.282, 1229.0], [13.281, 1177.0], [13.28, 621.0], [13.279, 1114.0], [13.278, 919.0], [13.277, 684.0], [13.276, 1185.0], [13.275, 840.0], [13.274, 1279.0], [13.273, 1708.0], [13.272, 1399.0], [13.271, 2086.0], [13.27, 2975.0]], "asks": [[13.29, 204.0], [13.291, 498.0], [13.292, 252.0], [13.293, 463.0], [13.294, 567.0], [13.295, 844.0], [13.296, 1180.0], [13.297, 1138.0], [13.298, 637.0], [13.299, 491.0], [13.3, 676.0], [13.301, 2005.0], [13.302, 932.0], [13.303, 1239.0], [13.304, 1891.0], [13.305, 489.0], [13.306, 750.0], [13.307, 1210.0], [13.308, 3011.0], [13.309, 982.0]], "timestamp": "2025-12-11T12:16:42.398150+00:00"}, {"symbol": "AVAXUSDT", "bids": [[13.285, 410.0], [13.284, 662.0], [13.283, 704.0], [13.282, 698.0], [13.281, 740.0], [13.28, 816.0], [13.279, 1216.0], [13.278, 1041.0], [13.277, 526.0], [13.276, 1140.0], [13.275, 785.0], [13.274, 868.0], [13.273, 994.0], [13.272, 1389.0], [13.271, 1344.0], [13.27, 1495.0], [13.269, 2744.0], [13.268, 1233.0], [13.267, 1545.0], [13.266, 1283.0]], "asks": [[13.286, 11.0], [13.287, 607.0], [13.288, 656.0], [13.289, 916.0], [13.29, 1320.0], [13.291, 1408.0], [13.292, 696.0], [13.293, 671.0], [13.294, 662.0], [13.295, 556.0], [13.296, 1141.0], [13.297, 751.0], [13.298, 1680.0], [13.299, 873.0], [13.3, 1293.0], [13.301, 1962.0], [13.302, 595.0], [13.303, 926.0], [13.304, 2828.0], [13.305, 650.0]], "timestamp": "2025-12-11T12:17:38.452364+00:00"}, {"symbol": "AVAXUSDT", "bids": [[13.278, 497.0], [13.277, 449.0], [13.276, 827.0], [13.275, 411.0], [13.274, 645.0], [13.273, 889.0], [13.272, 1495.0], [13.271, 563.0], [13.27, 845.0], [13.269, 1308.0], [13.268, 725.0], [13.267, 536.0], [13.266, 1060.0], [13.265, 1544.0], [13.264, 1161.0], [13.263, 1239.0], [13.262, 2415.0], [13.261, 4482.0], [13.26, 997.0], [13.259, 1532.0]], "asks": [[13.279, 484.0], [13.28, 695.0], [13.281, 708.0], [13.282, 647.0], [13.283, 650.0], [13.284, 1049.0], [13.285, 1846.0], [13.286, 1640.0], [13.287, 1788.0], [13.288, 958.0], [13.289, 791.0], [13.29, 874.0], [13.291, 427.0], [13.292, 609.0], [13.293, 1310.0], [13.294, 2255.0], [13.295, 885.0], [13.296, 1543.0], [13.297, 868.0], [13.298, 1195.0]], "timestamp": "2025-12-11T12:18:33.205427+00:00"}, {"symbol": "AVAXUSDT", "bids": [[13.277, 310.0], [13.276, 1053.0], [13.275, 844.0], [13.274, 1116.0], [13.273, 1018.0], [13.272, 642.0], [13.271, 863.0], [13.27, 548.0], [13.269, 822.0], [13.268, 1251.0], [13.267, 1067.0], [13.266, 1756.0], [13.265, 585.0], [13.264, 672.0], [13.263, 987.0], [13.262, 1261.0], [13.261, 1690.0], [13.26, 2094.0], [13.259, 1076.0], [13.258, 1655.0]], "asks": [[13.278, 34.0], [13.279, 318.0], [13.28, 542.0], [13.281, 344.0], [13.282, 710.0], [13.283, 975.0], [13.284, 1131.0], [13.285, 904.0], [13.286, 754.0], [13.287, 452.0], [13.288, 1450.0], [13.289, 1725.0], [13.29, 1161.0], [13.291, 869.0], [13.292, 745.0], [13.293, 2004.0], [13.294, 2766.0], [13.295, 551.0], [13.296, 1246.0], [13.297, 1296.0]], "timestamp": "2025-12-11T12:19:27.957078+00:00"}, {"symbol": "AVAXUSDT", "bids": [[13.276, 347.0], [13.275, 685.0], [13.274, 780.0], [13.273, 856.0], [13.272, 1247.0], [13.271, 1276.0], [13.27, 771.0], [13.269, 764.0], [13.268, 2000.0], [13.267, 1109.0], [13.266, 1329.0], [13.265, 454.0], [13.264, 726.0], [13.263, 1103.0], [13.262, 1306.0], [13.261, 1218.0], [13.26, 2133.0], [13.259, 1663.0], [13.258, 1122.0], [13.257, 1245.0]], "asks": [[13.277, 387.0], [13.278, 123.0], [13.279, 696.0], [13.28, 1210.0], [13.281, 1339.0], [13.282, 793.0], [13.283, 1162.0], [13.284, 721.0], [13.285, 936.0], [13.286, 1358.0], [13.287, 1733.0], [13.288, 1332.0], [13.289, 774.0], [13.29, 797.0], [13.291, 594.0], [13.292, 2291.0], [13.293, 2948.0], [13.294, 506.0], [13.295, 559.0], [13.296, 1471.0]], "timestamp": "2025-12-11T12:20:23.753648+00:00"}, {"symbol": "AVAXUSDT", "bids": [[13.31, 299.0], [13.309, 464.0], [13.308, 686.0], [13.307, 400.0], [13.306, 640.0], [13.305, 608.0], [13.304, 631.0], [13.303, 709.0], [13.302, 1492.0], [13.301, 1044.0], [13.3, 1175.0], [13.299, 634.0], [13.298, 1278.0], [13.297, 1506.0], [13.296, 1512.0], [13.295, 611.0], [13.294, 1299.0], [13.293, 613.0], [13.292, 992.0], [13.291, 1723.0]], "asks": [[13.311, 95.0], [13.312, 271.0], [13.313, 1741.0], [13.314, 5327.0], [13.315, 752.0], [13.316, 1973.0], [13.317, 5663.0], [13.318, 530.0], [13.319, 1426.0], [13.32, 1481.0], [13.321, 581.0], [13.322, 1404.0], [13.323, 2000.0], [13.324, 976.0], [13.325, 1211.0], [13.326, 1708.0], [13.327, 731.0], [13.328, 418.0], [13.329, 877.0], [13.33, 1183.0]], "timestamp": "2025-12-11T12:21:20.969809+00:00"}, {"symbol": "AVAXUSDT", "bids": [[13.314, 393.0], [13.313, 259.0], [13.312, 826.0], [13.311, 978.0], [13.31, 749.0], [13.309, 1183.0], [13.308, 731.0], [13.307, 1118.0], [13.306, 1718.0], [13.305, 2372.0], [13.304, 1778.0], [13.303, 1044.0], [13.302, 1360.0], [13.301, 1893.0], [13.3, 1258.0], [13.299, 803.0], [13.298, 676.0], [13.297, 1037.0], [13.296, 1217.0], [13.295, 2043.0]], "asks": [[13.315, 601.0], [13.316, 5321.0], [13.317, 520.0], [13.318, 250.0], [13.319, 1280.0], [13.32, 5833.0], [13.321, 878.0], [13.322, 1533.0], [13.323, 848.0], [13.324, 640.0], [13.325, 1254.0], [13.326, 1575.0], [13.327, 750.0], [13.328, 869.0], [13.329, 820.0], [13.33, 1940.0], [13.331, 689.0], [13.332, 1005.0], [13.333, 2651.0], [13.334, 2848.0]], "timestamp": "2025-12-11T12:22:15.625675+00:00"}, {"symbol": "AVAXUSDT", "bids": [[13.32, 959.0], [13.319, 125.0], [13.318, 656.0], [13.317, 543.0], [13.316, 572.0], [13.315, 1034.0], [13.314, 1341.0], [13.313, 603.0], [13.312, 1176.0], [13.311, 1175.0], [13.31, 955.0], [13.309, 548.0], [13.308, 1189.0], [13.307, 1063.0], [13.306, 1517.0], [13.305, 2066.0], [13.304, 1718.0], [13.303, 2007.0], [13.302, 2407.0], [13.301, 1224.0]], "asks": [[13.321, 5268.0], [13.322, 617.0], [13.323, 1018.0], [13.324, 279.0], [13.325, 1837.0], [13.326, 6446.0], [13.327, 652.0], [13.328, 828.0], [13.329, 1041.0], [13.33, 720.0], [13.331, 957.0], [13.332, 1260.0], [13.333, 1282.0], [13.334, 910.0], [13.335, 1415.0], [13.336, 706.0], [13.337, 412.0], [13.338, 1126.0], [13.339, 1159.0], [13.34, 1871.0]], "timestamp": "2025-12-11T12:23:11.209402+00:00"}, {"symbol": "AVAXUSDT", "bids": [[13.313, 591.0], [13.312, 1123.0], [13.311, 655.0], [13.31, 776.0], [13.309, 656.0], [13.308, 912.0], [13.307, 867.0], [13.306, 1299.0], [13.305, 960.0], [13.304, 1358.0], [13.303, 969.0], [13.302, 1120.0], [13.301, 1236.0], [13.3, 2291.0], [13.299, 1286.0], [13.298, 1043.0], [13.297, 1721.0], [13.296, 3320.0], [13.295, 2270.0], [13.294, 1507.0]], "asks": [[13.314, 227.0], [13.315, 753.0], [13.316, 588.0], [13.317, 717.0], [13.318, 1763.0], [13.319, 5918.0], [13.32, 425.0], [13.321, 944.0], [13.322, 969.0], [13.323, 486.0], [13.324, 1101.0], [13.325, 2185.0], [13.326, 1058.0], [13.327, 831.0], [13.328, 593.0], [13.329, 1541.0], [13.33, 1789.0], [13.331, 478.0], [13.332, 1555.0], [13.333, 3025.0]], "timestamp": "2025-12-11T12:24:06.596046+00:00"}, {"symbol": "AVAXUSDT", "bids": [[13.313, 436.0], [13.312, 160.0], [13.311, 833.0], [13.31, 1100.0], [13.309, 1315.0], [13.308, 1752.0], [13.307, 1394.0], [13.306, 966.0], [13.305, 610.0], [13.304, 949.0], [13.303, 947.0], [13.302, 1307.0], [13.301, 1069.0], [13.3, 2783.0], [13.299, 1167.0], [13.298, 1265.0], [13.297, 1919.0], [13.296, 1010.0], [13.295, 827.0], [13.294, 2068.0]], "asks": [[13.314, 5367.0], [13.315, 351.0], [13.316, 528.0], [13.317, 69.0], [13.318, 375.0], [13.319, 522.0], [13.32, 1662.0], [13.321, 691.0], [13.322, 832.0], [13.323, 733.0], [13.324, 1375.0], [13.325, 1739.0], [13.326, 1336.0], [13.327, 522.0], [13.328, 1349.0], [13.329, 2102.0], [13.33, 749.0], [13.331, 532.0], [13.332, 1559.0], [13.333, 3025.0]], "timestamp": "2025-12-11T12:25:02.012851+00:00"}, {"symbol": "AVAXUSDT", "bids": [[13.313, 373.0], [13.312, 128.0], [13.311, 571.0], [13.31, 1323.0], [13.309, 1445.0], [13.308, 1750.0], [13.307, 1348.0], [13.306, 750.0], [13.305, 574.0], [13.304, 1097.0], [13.303, 841.0], [13.302, 962.0], [13.301, 1126.0], [13.3, 1325.0], [13.299, 1002.0], [13.298, 1240.0], [13.297, 1512.0], [13.296, 2113.0], [13.295, 700.0], [13.294, 1274.0]], "asks": [[13.314, 490.0], [13.315, 577.0], [13.316, 656.0], [13.317, 574.0], [13.318, 942.0], [13.319, 1164.0], [13.32, 1823.0], [13.321, 823.0], [13.322, 1278.0], [13.323, 923.0], [13.324, 1105.0], [13.325, 1545.0], [13.326, 1322.0], [13.327, 510.0], [13.328, 973.0], [13.329, 2147.0], [13.33, 1618.0], [13.331, 2838.0], [13.332, 1245.0], [13.333, 951.0]], "timestamp": "2025-12-11T12:25:58.426270+00:00"}, {"symbol": "AVAXUSDT", "bids": [[13.322, 123.0], [13.321, 290.0], [13.32, 626.0], [13.319, 685.0], [13.318, 1531.0], [13.317, 1260.0], [13.316, 1225.0], [13.315, 1603.0], [13.314, 1584.0], [13.313, 1031.0], [13.312, 1304.0], [13.311, 629.0], [13.31, 676.0], [13.309, 912.0], [13.308, 2154.0], [13.307, 579.0], [13.306, 1410.0], [13.305, 1021.0], [13.304, 1285.0], [13.303, 1071.0]], "asks": [[13.323, 805.0], [13.324, 918.0], [13.325, 64.0], [13.326, 396.0], [13.327, 426.0], [13.328, 1110.0], [13.329, 747.0], [13.33, 1256.0], [13.331, 1178.0], [13.332, 2117.0], [13.333, 1509.0], [13.334, 489.0], [13.335, 588.0], [13.336, 468.0], [13.337, 376.0], [13.338, 1253.0], [13.339, 878.0], [13.34, 878.0], [13.341, 1084.0], [13.342, 739.0]], "timestamp": "2025-12-11T12:26:55.548509+00:00"}, {"symbol": "AVAXUSDT", "bids": [[13.318, 408.0], [13.317, 200.0], [13.316, 605.0], [13.315, 684.0], [13.314, 846.0], [13.313, 1222.0], [13.312, 1116.0], [13.311, 947.0], [13.31, 786.0], [13.309, 1366.0], [13.308, 2618.0], [13.307, 697.0], [13.306, 1277.0], [13.305, 1048.0], [13.304, 1492.0], [13.303, 747.0], [13.302, 893.0], [13.301, 1542.0], [13.3, 3621.0], [13.299, 1466.0]], "asks": [[13.319, 266.0], [13.32, 188.0], [13.321, 880.0], [13.322, 675.0], [13.323, 698.0], [13.324, 1367.0], [13.325, 823.0], [13.326, 2123.0], [13.327, 1182.0], [13.328, 791.0], [13.329, 956.0], [13.33, 611.0], [13.331, 877.0], [13.332, 1602.0], [13.333, 1569.0], [13.334, 1246.0], [13.335, 2165.0], [13.336, 1321.0], [13.337, 949.0], [13.338, 3154.0]], "timestamp": "2025-12-11T12:27:50.504704+00:00"}, {"symbol": "AVAXUSDT", "bids": [[13.321, 365.0], [13.32, 1879.0], [13.319, 989.0], [13.318, 1636.0], [13.317, 902.0], [13.316, 1525.0], [13.315, 1045.0], [13.314, 705.0], [13.313, 1054.0], [13.312, 1131.0], [13.311, 835.0], [13.31, 748.0], [13.309, 1096.0], [13.308, 1221.0], [13.307, 738.0], [13.306, 2143.0], [13.305, 1010.0], [13.304, 1975.0], [13.303, 888.0], [13.302, 773.0]], "asks": [[13.322, 553.0], [13.323, 440.0], [13.324, 470.0], [13.325, 383.0], [13.326, 838.0], [13.327, 1332.0], [13.328, 1035.0], [13.329, 1065.0], [13.33, 1144.0], [13.331, 1212.0], [13.332, 1458.0], [13.333, 1267.0], [13.334, 1396.0], [13.335, 1153.0], [13.336, 823.0], [13.337, 984.0], [13.338, 2021.0], [13.339, 880.0], [13.34, 3220.0], [13.341, 1087.0]], "timestamp": "2025-12-11T12:28:44.396925+00:00"}, {"symbol": "AVAXUSDT", "bids": [[13.321, 1405.0], [13.32, 2579.0], [13.319, 850.0], [13.318, 1939.0], [13.317, 1190.0], [13.316, 1680.0], [13.315, 1044.0], [13.314, 690.0], [13.313, 1392.0], [13.312, 1071.0], [13.311, 522.0], [13.31, 1061.0], [13.309, 1479.0], [13.308, 591.0], [13.307, 1278.0], [13.306, 2187.0], [13.305, 1087.0], [13.304, 1095.0], [13.303, 874.0], [13.302, 865.0]], "asks": [[13.322, 215.0], [13.323, 43.0], [13.324, 3620.0], [13.325, 622.0], [13.326, 781.0], [13.327, 823.0], [13.328, 955.0], [13.329, 1182.0], [13.33, 1080.0], [13.331, 1362.0], [13.332, 1427.0], [13.333, 760.0], [13.334, 1053.0], [13.335, 1573.0], [13.336, 1163.0], [13.337, 1330.0], [13.338, 2471.0], [13.339, 492.0], [13.34, 610.0], [13.341, 1143.0]], "timestamp": "2025-12-11T12:29:39.150716+00:00"}, {"symbol": "AVAXUSDT", "bids": [[13.318, 982.0], [13.317, 1594.0], [13.316, 621.0], [13.315, 1131.0], [13.314, 667.0], [13.313, 1150.0], [13.312, 1744.0], [13.311, 2249.0], [13.31, 827.0], [13.309, 909.0], [13.308, 638.0], [13.307, 697.0], [13.306, 859.0], [13.305, 785.0], [13.304, 646.0], [13.303, 2040.0], [13.302, 1919.0], [13.301, 976.0], [13.3, 2745.0], [13.299, 900.0]], "asks": [[13.319, 13.0], [13.32, 3351.0], [13.321, 707.0], [13.322, 325.0], [13.323, 816.0], [13.324, 1191.0], [13.325, 1023.0], [13.326, 1642.0], [13.327, 1416.0], [13.328, 1400.0], [13.329, 1909.0], [13.33, 1134.0], [13.331, 835.0], [13.332, 1156.0], [13.333, 1056.0], [13.334, 1954.0], [13.335, 979.0], [13.336, 2852.0], [13.337, 665.0], [13.338, 987.0]], "timestamp": "2025-12-11T12:30:33.653105+00:00"}, {"symbol": "AVAXUSDT", "bids": [[13.314, 740.0], [13.313, 493.0], [13.312, 1302.0], [13.311, 1806.0], [13.31, 627.0], [13.309, 788.0], [13.308, 755.0], [13.307, 734.0], [13.306, 879.0], [13.305, 750.0], [13.304, 995.0], [13.303, 1009.0], [13.302, 1115.0], [13.301, 1127.0], [13.3, 2056.0], [13.299, 925.0], [13.298, 1241.0], [13.297, 2645.0], [13.296, 2452.0], [13.295, 2204.0]], "asks": [[13.315, 32.0], [13.316, 35.0], [13.317, 202.0], [13.318, 909.0], [13.319, 1109.0], [13.32, 967.0], [13.321, 1330.0], [13.322, 541.0], [13.323, 1184.0], [13.324, 974.0], [13.325, 1128.0], [13.326, 1707.0], [13.327, 1518.0], [13.328, 1160.0], [13.329, 1148.0], [13.33, 1716.0], [13.331, 1006.0], [13.332, 1599.0], [13.333, 612.0], [13.334, 776.0]], "timestamp": "2025-12-11T12:31:28.626198+00:00"}, {"symbol": "AVAXUSDT", "bids": [[13.325, 860.0], [13.324, 83.0], [13.323, 111.0], [13.322, 1094.0], [13.321, 1182.0], [13.32, 725.0], [13.319, 1421.0], [13.318, 871.0], [13.317, 1295.0], [13.316, 739.0], [13.315, 566.0], [13.314, 1182.0], [13.313, 1228.0], [13.312, 916.0], [13.311, 1294.0], [13.31, 1688.0], [13.309, 2334.0], [13.308, 1527.0], [13.307, 854.0], [13.306, 954.0]], "asks": [[13.326, 849.0], [13.327, 1189.0], [13.328, 520.0], [13.329, 536.0], [13.33, 763.0], [13.331, 760.0], [13.332, 1160.0], [13.333, 931.0], [13.334, 1164.0], [13.335, 999.0], [13.336, 836.0], [13.337, 945.0], [13.338, 1457.0], [13.339, 1124.0], [13.34, 1141.0], [13.341, 2285.0], [13.342, 827.0], [13.343, 801.0], [13.344, 1303.0], [13.345, 2740.0]], "timestamp": "2025-12-11T12:32:22.767641+00:00"}, {"symbol": "AVAXUSDT", "bids": [[13.33, 204.0], [13.329, 379.0], [13.328, 606.0], [13.327, 609.0], [13.326, 1680.0], [13.325, 649.0], [13.324, 973.0], [13.323, 689.0], [13.322, 908.0], [13.321, 1263.0], [13.32, 779.0], [13.319, 1292.0], [13.318, 1066.0], [13.317, 1894.0], [13.316, 3347.0], [13.315, 776.0], [13.314, 750.0], [13.313, 1175.0], [13.312, 1115.0], [13.311, 880.0]], "asks": [[13.331, 613.0], [13.332, 1347.0], [13.333, 1632.0], [13.334, 4215.0], [13.335, 481.0], [13.336, 162.0], [13.337, 870.0], [13.338, 1315.0], [13.339, 1767.0], [13.34, 1047.0], [13.341, 881.0], [13.342, 1055.0], [13.343, 880.0], [13.344, 1245.0], [13.345, 1412.0], [13.346, 1211.0], [13.347, 964.0], [13.348, 895.0], [13.349, 867.0], [13.35, 1240.0]], "timestamp": "2025-12-11T12:33:18.427782+00:00"}, {"symbol": "AVAXUSDT", "bids": [[13.339, 176.0], [13.338, 92.0], [13.337, 133.0], [13.336, 509.0], [13.335, 1121.0], [13.334, 1365.0], [13.333, 2854.0], [13.332, 1941.0], [13.331, 661.0], [13.33, 713.0], [13.329, 670.0], [13.328, 1259.0], [13.327, 1129.0], [13.326, 1291.0], [13.325, 2047.0], [13.324, 771.0], [13.323, 2998.0], [13.322, 693.0], [13.321, 1615.0], [13.32, 656.0]], "asks": [[13.34, 716.0], [13.341, 1610.0], [13.342, 1370.0], [13.343, 4776.0], [13.344, 1075.0], [13.345, 813.0], [13.346, 1565.0], [13.347, 2092.0], [13.348, 513.0], [13.349, 932.0], [13.35, 791.0], [13.351, 673.0], [13.352, 692.0], [13.353, 1184.0], [13.354, 999.0], [13.355, 976.0], [13.356, 2702.0], [13.357, 1261.0], [13.358, 1487.0], [13.359, 652.0]], "timestamp": "2025-12-11T12:34:13.321241+00:00"}, {"symbol": "AVAXUSDT", "bids": [[13.327, 128.0], [13.326, 307.0], [13.325, 1245.0], [13.324, 825.0], [13.323, 510.0], [13.322, 1156.0], [13.321, 318.0], [13.32, 739.0], [13.319, 1595.0], [13.318, 937.0], [13.317, 462.0], [13.316, 1068.0], [13.315, 839.0], [13.314, 827.0], [13.313, 1406.0], [13.312, 805.0], [13.311, 1043.0], [13.31, 1694.0], [13.309, 2089.0], [13.308, 2617.0]], "asks": [[13.328, 328.0], [13.329, 550.0], [13.33, 532.0], [13.331, 943.0], [13.332, 1833.0], [13.333, 1146.0], [13.334, 1311.0], [13.335, 732.0], [13.336, 1888.0], [13.337, 1548.0], [13.338, 1924.0], [13.339, 1374.0], [13.34, 636.0], [13.341, 932.0], [13.342, 1455.0], [13.343, 1809.0], [13.344, 783.0], [13.345, 780.0], [13.346, 803.0], [13.347, 826.0]], "timestamp": "2025-12-11T12:35:07.654223+00:00"}, {"symbol": "AVAXUSDT", "bids": [[13.306, 3419.0], [13.305, 330.0], [13.304, 190.0], [13.303, 718.0], [13.302, 1000.0], [13.301, 1999.0], [13.3, 1661.0], [13.299, 1191.0], [13.298, 1504.0], [13.297, 914.0], [13.296, 1564.0], [13.295, 1160.0], [13.294, 2284.0], [13.293, 992.0], [13.292, 2879.0], [13.291, 771.0], [13.29, 658.0], [13.289, 338.0], [13.288, 848.0], [13.287, 1669.0]], "asks": [[13.307, 51.0], [13.308, 537.0], [13.309, 464.0], [13.31, 873.0], [13.311, 504.0], [13.312, 749.0], [13.313, 1517.0], [13.314, 1386.0], [13.315, 1728.0], [13.316, 1434.0], [13.317, 1104.0], [13.318, 977.0], [13.319, 1287.0], [13.32, 1447.0], [13.321, 2182.0], [13.322, 807.0], [13.323, 975.0], [13.324, 1559.0], [13.325, 896.0], [13.326, 809.0]], "timestamp": "2025-12-11T12:36:02.143990+00:00"}, {"symbol": "AVAXUSDT", "bids": [[13.313, 718.0], [13.312, 566.0], [13.311, 561.0], [13.31, 459.0], [13.309, 787.0], [13.308, 1879.0], [13.307, 1589.0], [13.306, 1217.0], [13.305, 818.0], [13.304, 857.0], [13.303, 807.0], [13.302, 1306.0], [13.301, 620.0], [13.3, 1010.0], [13.299, 618.0], [13.298, 951.0], [13.297, 906.0], [13.296, 1971.0], [13.295, 2168.0], [13.294, 3016.0]], "asks": [[13.314, 84.0], [13.315, 88.0], [13.316, 664.0], [13.317, 749.0], [13.318, 681.0], [13.319, 767.0], [13.32, 792.0], [13.321, 705.0], [13.322, 919.0], [13.323, 534.0], [13.324, 1538.0], [13.325, 1277.0], [13.326, 1685.0], [13.327, 667.0], [13.328, 1010.0], [13.329, 2047.0], [13.33, 887.0], [13.331, 1340.0], [13.332, 4207.0], [13.333, 473.0]], "timestamp": "2025-12-11T12:36:57.000779+00:00"}, {"symbol": "AVAXUSDT", "bids": [[13.307, 136.0], [13.306, 352.0], [13.305, 352.0], [13.304, 451.0], [13.303, 900.0], [13.302, 721.0], [13.301, 559.0], [13.3, 1662.0], [13.299, 516.0], [13.298, 1137.0], [13.297, 904.0], [13.296, 905.0], [13.295, 910.0], [13.294, 1639.0], [13.293, 1677.0], [13.292, 1114.0], [13.291, 2905.0], [13.29, 827.0], [13.289, 1515.0], [13.288, 1283.0]], "asks": [[13.308, 421.0], [13.309, 522.0], [13.31, 1007.0], [13.311, 1896.0], [13.312, 1328.0], [13.313, 1257.0], [13.314, 643.0], [13.315, 1202.0], [13.316, 993.0], [13.317, 724.0], [13.318, 1299.0], [13.319, 1164.0], [13.32, 2104.0], [13.321, 868.0], [13.322, 1351.0], [13.323, 1630.0], [13.324, 961.0], [13.325, 1517.0], [13.326, 922.0], [13.327, 543.0]], "timestamp": "2025-12-11T12:37:52.365593+00:00"}, {"symbol": "AVAXUSDT", "bids": [[13.3, 1349.0], [13.299, 98.0], [13.298, 553.0], [13.297, 1087.0], [13.296, 590.0], [13.295, 589.0], [13.294, 1563.0], [13.293, 1047.0], [13.292, 730.0], [13.291, 754.0], [13.29, 1249.0], [13.289, 449.0], [13.288, 797.0], [13.287, 1560.0], [13.286, 1600.0], [13.285, 1958.0], [13.284, 1466.0], [13.283, 2143.0], [13.282, 4574.0], [13.281, 775.0]], "asks": [[13.301, 245.0], [13.302, 517.0], [13.303, 876.0], [13.304, 1097.0], [13.305, 1018.0], [13.306, 1557.0], [13.307, 927.0], [13.308, 778.0], [13.309, 1341.0], [13.31, 482.0], [13.311, 1042.0], [13.312, 1076.0], [13.313, 399.0], [13.314, 1327.0], [13.315, 2691.0], [13.316, 1034.0], [13.317, 1077.0], [13.318, 905.0], [13.319, 685.0], [13.32, 1041.0]], "timestamp": "2025-12-11T12:38:46.893852+00:00"}, {"symbol": "AVAXUSDT", "bids": [[13.317, 445.0], [13.316, 74.0], [13.315, 384.0], [13.314, 1119.0], [13.313, 299.0], [13.312, 939.0], [13.311, 832.0], [13.31, 2035.0], [13.309, 1021.0], [13.308, 945.0], [13.307, 612.0], [13.306, 757.0], [13.305, 1565.0], [13.304, 957.0], [13.303, 1373.0], [13.302, 1415.0], [13.301, 1767.0], [13.3, 1556.0], [13.299, 2177.0], [13.298, 1193.0]], "asks": [[13.318, 406.0], [13.319, 772.0], [13.32, 215.0], [13.321, 527.0], [13.322, 883.0], [13.323, 559.0], [13.324, 880.0], [13.325, 1343.0], [13.326, 1115.0], [13.327, 1087.0], [13.328, 813.0], [13.329, 1175.0], [13.33, 1701.0], [13.331, 1199.0], [13.332, 2484.0], [13.333, 384.0], [13.334, 739.0], [13.335, 1368.0], [13.336, 728.0], [13.337, 701.0]], "timestamp": "2025-12-11T12:39:41.088938+00:00"}, {"symbol": "AVAXUSDT", "bids": [[13.324, 837.0], [13.323, 783.0], [13.322, 524.0], [13.321, 1029.0], [13.32, 1268.0], [13.319, 1511.0], [13.318, 723.0], [13.317, 565.0], [13.316, 559.0], [13.315, 1201.0], [13.314, 1619.0], [13.313, 1007.0], [13.312, 1130.0], [13.311, 1085.0], [13.31, 1369.0], [13.309, 1773.0], [13.308, 1406.0], [13.307, 1635.0], [13.306, 871.0], [13.305, 1220.0]], "asks": [[13.325, 303.0], [13.326, 104.0], [13.327, 529.0], [13.328, 861.0], [13.329, 541.0], [13.33, 624.0], [13.331, 537.0], [13.332, 1259.0], [13.333, 1484.0], [13.334, 593.0], [13.335, 672.0], [13.336, 1146.0], [13.337, 1539.0], [13.338, 1252.0], [13.339, 1616.0], [13.34, 1977.0], [13.341, 953.0], [13.342, 907.0], [13.343, 553.0], [13.344, 1288.0]], "timestamp": "2025-12-11T12:40:36.075877+00:00"}, {"symbol": "AVAXUSDT", "bids": [[13.309, 454.0], [13.308, 246.0], [13.307, 385.0], [13.306, 502.0], [13.305, 464.0], [13.304, 1727.0], [13.303, 1510.0], [13.302, 1030.0], [13.301, 1270.0], [13.3, 1929.0], [13.299, 1689.0], [13.298, 2130.0], [13.297, 968.0], [13.296, 1881.0], [13.295, 1772.0], [13.294, 3385.0], [13.293, 1953.0], [13.292, 921.0], [13.291, 958.0], [13.29, 1494.0]], "asks": [[13.31, 960.0], [13.311, 683.0], [13.312, 540.0], [13.313, 422.0], [13.314, 943.0], [13.315, 1219.0], [13.316, 804.0], [13.317, 1227.0], [13.318, 931.0], [13.319, 1516.0], [13.32, 1369.0], [13.321, 1209.0], [13.322, 493.0], [13.323, 859.0], [13.324, 1194.0], [13.325, 834.0], [13.326, 2014.0], [13.327, 715.0], [13.328, 985.0], [13.329, 898.0]], "timestamp": "2025-12-11T12:41:30.293007+00:00"}, {"symbol": "AVAXUSDT", "bids": [[13.312, 958.0], [13.311, 846.0], [13.31, 885.0], [13.309, 437.0], [13.308, 561.0], [13.307, 1103.0], [13.306, 840.0], [13.305, 567.0], [13.304, 1759.0], [13.303, 832.0], [13.302, 987.0], [13.301, 1116.0], [13.3, 1601.0], [13.299, 1731.0], [13.298, 2343.0], [13.297, 1896.0], [13.296, 1400.0], [13.295, 1369.0], [13.294, 1950.0], [13.293, 1526.0]], "asks": [[13.313, 87.0], [13.314, 61.0], [13.315, 310.0], [13.316, 486.0], [13.317, 720.0], [13.318, 1689.0], [13.319, 1278.0], [13.32, 1009.0], [13.321, 1159.0], [13.322, 689.0], [13.323, 630.0], [13.324, 1427.0], [13.325, 1705.0], [13.326, 1353.0], [13.327, 1568.0], [13.328, 1265.0], [13.329, 1613.0], [13.33, 704.0], [13.331, 733.0], [13.332, 845.0]], "timestamp": "2025-12-11T12:42:24.652294+00:00"}, {"symbol": "AVAXUSDT", "bids": [[13.307, 75.0], [13.306, 223.0], [13.305, 453.0], [13.304, 1159.0], [13.303, 668.0], [13.302, 446.0], [13.301, 1044.0], [13.3, 649.0], [13.299, 1083.0], [13.298, 1640.0], [13.297, 463.0], [13.296, 782.0], [13.295, 890.0], [13.294, 1174.0], [13.293, 1880.0], [13.292, 1433.0], [13.291, 1758.0], [13.29, 3203.0], [13.289, 1422.0], [13.288, 3260.0]], "asks": [[13.308, 384.0], [13.309, 1363.0], [13.31, 645.0], [13.311, 459.0], [13.312, 827.0], [13.313, 837.0], [13.314, 1067.0], [13.315, 1519.0], [13.316, 861.0], [13.317, 607.0], [13.318, 1049.0], [13.319, 1193.0], [13.32, 980.0], [13.321, 1854.0], [13.322, 1766.0], [13.323, 1858.0], [13.324, 961.0], [13.325, 1325.0], [13.326, 981.0], [13.327, 864.0]], "timestamp": "2025-12-11T12:43:19.168446+00:00"}, {"symbol": "AVAXUSDT", "bids": [[13.319, 706.0], [13.318, 852.0], [13.317, 1152.0], [13.316, 818.0], [13.315, 1360.0], [13.314, 1613.0], [13.313, 1112.0], [13.312, 1003.0], [13.311, 1021.0], [13.31, 1560.0], [13.309, 765.0], [13.308, 822.0], [13.307, 1010.0], [13.306, 1061.0], [13.305, 825.0], [13.304, 1546.0], [13.303, 1550.0], [13.302, 2593.0], [13.301, 1346.0], [13.3, 1019.0]], "asks": [[13.32, 120.0], [13.321, 88.0], [13.322, 341.0], [13.323, 547.0], [13.324, 1546.0], [13.325, 1441.0], [13.326, 1119.0], [13.327, 998.0], [13.328, 692.0], [13.329, 959.0], [13.33, 823.0], [13.331, 977.0], [13.332, 1237.0], [13.333, 1016.0], [13.334, 862.0], [13.335, 2099.0], [13.336, 1184.0], [13.337, 2774.0], [13.338, 1153.0], [13.339, 1474.0]], "timestamp": "2025-12-11T12:44:14.358264+00:00"}, {"symbol": "AVAXUSDT", "bids": [[13.319, 344.0], [13.318, 121.0], [13.317, 565.0], [13.316, 508.0], [13.315, 1302.0], [13.314, 1206.0], [13.313, 671.0], [13.312, 728.0], [13.311, 1670.0], [13.31, 1103.0], [13.309, 461.0], [13.308, 589.0], [13.307, 982.0], [13.306, 1343.0], [13.305, 1519.0], [13.304, 1716.0], [13.303, 2944.0], [13.302, 1193.0], [13.301, 910.0], [13.3, 1038.0]], "asks": [[13.32, 318.0], [13.321, 366.0], [13.322, 552.0], [13.323, 682.0], [13.324, 953.0], [13.325, 1757.0], [13.326, 1508.0], [13.327, 1130.0], [13.328, 969.0], [13.329, 908.0], [13.33, 1189.0], [13.331, 550.0], [13.332, 1446.0], [13.333, 1860.0], [13.334, 350.0], [13.335, 861.0], [13.336, 2146.0], [13.337, 828.0], [13.338, 1047.0], [13.339, 1129.0]], "timestamp": "2025-12-11T12:45:09.844012+00:00"}, {"symbol": "AVAXUSDT", "bids": [[13.334, 505.0], [13.333, 698.0], [13.332, 538.0], [13.331, 785.0], [13.33, 947.0], [13.329, 1325.0], [13.328, 1421.0], [13.327, 1867.0], [13.326, 1621.0], [13.325, 1064.0], [13.324, 974.0], [13.323, 633.0], [13.322, 1530.0], [13.321, 1221.0], [13.32, 1564.0], [13.319, 1486.0], [13.318, 1100.0], [13.317, 920.0], [13.316, 2112.0], [13.315, 814.0]], "asks": [[13.335, 100.0], [13.336, 360.0], [13.337, 5229.0], [13.338, 458.0], [13.339, 1065.0], [13.34, 685.0], [13.341, 1006.0], [13.342, 781.0], [13.343, 679.0], [13.344, 1308.0], [13.345, 1001.0], [13.346, 1367.0], [13.347, 1608.0], [13.348, 653.0], [13.349, 2054.0], [13.35, 1048.0], [13.351, 459.0], [13.352, 1119.0], [13.353, 1185.0], [13.354, 1332.0]], "timestamp": "2025-12-11T12:46:04.383829+00:00"}, {"symbol": "AVAXUSDT", "bids": [[13.344, 615.0], [13.343, 526.0], [13.342, 705.0], [13.341, 1041.0], [13.34, 1560.0], [13.339, 1163.0], [13.338, 1275.0], [13.337, 1113.0], [13.336, 641.0], [13.335, 1399.0], [13.334, 1556.0], [13.333, 1818.0], [13.332, 1243.0], [13.331, 1035.0], [13.33, 1897.0], [13.329, 713.0], [13.328, 1459.0], [13.327, 2187.0], [13.326, 1188.0], [13.325, 929.0]], "asks": [[13.345, 578.0], [13.346, 4021.0], [13.347, 180.0], [13.348, 429.0], [13.349, 907.0], [13.35, 748.0], [13.351, 697.0], [13.352, 1293.0], [13.353, 1111.0], [13.354, 823.0], [13.355, 1566.0], [13.356, 1442.0], [13.357, 875.0], [13.358, 998.0], [13.359, 1099.0], [13.36, 1980.0], [13.361, 1035.0], [13.362, 1580.0], [13.363, 969.0], [13.364, 2710.0]], "timestamp": "2025-12-11T12:46:56.270804+00:00"}, {"symbol": "AVAXUSDT", "bids": [[13.34, 664.0], [13.339, 743.0], [13.338, 1284.0], [13.337, 766.0], [13.336, 570.0], [13.335, 1504.0], [13.334, 1391.0], [13.333, 708.0], [13.332, 597.0], [13.331, 679.0], [13.33, 739.0], [13.329, 1008.0], [13.328, 1929.0], [13.327, 701.0], [13.326, 863.0], [13.325, 879.0], [13.324, 1813.0], [13.323, 2743.0], [13.322, 1001.0], [13.321, 1231.0]], "asks": [[13.341, 5066.0], [13.342, 61.0], [13.343, 873.0], [13.344, 548.0], [13.345, 609.0], [13.346, 684.0], [13.347, 1123.0], [13.348, 573.0], [13.349, 1011.0], [13.35, 847.0], [13.351, 1333.0], [13.352, 792.0], [13.353, 1333.0], [13.354, 470.0], [13.355, 1078.0], [13.356, 2340.0], [13.357, 694.0], [13.358, 1280.0], [13.359, 2967.0], [13.36, 775.0]], "timestamp": "2025-12-11T12:47:48.043564+00:00"}, {"symbol": "AVAXUSDT", "bids": [[13.336, 564.0], [13.335, 361.0], [13.334, 976.0], [13.333, 1046.0], [13.332, 1054.0], [13.331, 546.0], [13.33, 1394.0], [13.329, 785.0], [13.328, 879.0], [13.327, 807.0], [13.326, 886.0], [13.325, 725.0], [13.324, 2378.0], [13.323, 1961.0], [13.322, 1502.0], [13.321, 1052.0], [13.32, 2160.0], [13.319, 1232.0], [13.318, 1543.0], [13.317, 1313.0]], "asks": [[13.337, 144.0], [13.338, 317.0], [13.339, 5259.0], [13.34, 514.0], [13.341, 768.0], [13.342, 568.0], [13.343, 1108.0], [13.344, 740.0], [13.345, 749.0], [13.346, 944.0], [13.347, 1363.0], [13.348, 1092.0], [13.349, 763.0], [13.35, 1300.0], [13.351, 1086.0], [13.352, 740.0], [13.353, 2627.0], [13.354, 421.0], [13.355, 533.0], [13.356, 1241.0]], "timestamp": "2025-12-11T12:48:39.846026+00:00"}, {"symbol": "AVAXUSDT", "bids": [[13.335, 402.0], [13.334, 804.0], [13.333, 1731.0], [13.332, 717.0], [13.331, 754.0], [13.33, 1282.0], [13.329, 1302.0], [13.328, 1155.0], [13.327, 971.0], [13.326, 988.0], [13.325, 645.0], [13.324, 1834.0], [13.323, 1159.0], [13.322, 1221.0], [13.321, 1530.0], [13.32, 1149.0], [13.319, 1115.0], [13.318, 2378.0], [13.317, 1013.0], [13.316, 1329.0]], "asks": [[13.336, 43.0], [13.337, 427.0], [13.338, 1073.0], [13.339, 1566.0], [13.34, 5612.0], [13.341, 657.0], [13.342, 827.0], [13.343, 1012.0], [13.344, 804.0], [13.345, 781.0], [13.346, 1207.0], [13.347, 1290.0], [13.348, 951.0], [13.349, 1005.0], [13.35, 1002.0], [13.351, 1266.0], [13.352, 1880.0], [13.353, 1724.0], [13.354, 965.0], [13.355, 2790.0]], "timestamp": "2025-12-11T12:49:31.713961+00:00"}, {"symbol": "AVAXUSDT", "bids": [[13.327, 666.0], [13.326, 436.0], [13.325, 454.0], [13.324, 664.0], [13.323, 642.0], [13.322, 1247.0], [13.321, 966.0], [13.32, 1190.0], [13.319, 1104.0], [13.318, 1085.0], [13.317, 1210.0], [13.316, 887.0], [13.315, 729.0], [13.314, 1324.0], [13.313, 763.0], [13.312, 935.0], [13.311, 1687.0], [13.31, 1510.0], [13.309, 1716.0], [13.308, 790.0]], "asks": [[13.328, 517.0], [13.329, 5064.0], [13.33, 754.0], [13.331, 1246.0], [13.332, 1327.0], [13.333, 901.0], [13.334, 826.0], [13.335, 1066.0], [13.336, 1859.0], [13.337, 855.0], [13.338, 1793.0], [13.339, 841.0], [13.34, 834.0], [13.341, 1571.0], [13.342, 1720.0], [13.343, 606.0], [13.344, 1303.0], [13.345, 971.0], [13.346, 3111.0], [13.347, 1159.0]], "timestamp": "2025-12-11T12:50:24.314637+00:00"}, {"symbol": "AVAXUSDT", "bids": [[13.319, 801.0], [13.318, 1522.0], [13.317, 767.0], [13.316, 1158.0], [13.315, 616.0], [13.314, 1089.0], [13.313, 1358.0], [13.312, 730.0], [13.311, 744.0], [13.31, 1061.0], [13.309, 1110.0], [13.308, 1202.0], [13.307, 945.0], [13.306, 448.0], [13.305, 652.0], [13.304, 1091.0], [13.303, 588.0], [13.302, 1328.0], [13.301, 1544.0], [13.3, 932.0]], "asks": [[13.32, 47.0], [13.321, 197.0], [13.322, 898.0], [13.323, 561.0], [13.324, 2129.0], [13.325, 1120.0], [13.326, 884.0], [13.327, 637.0], [13.328, 888.0], [13.329, 1610.0], [13.33, 1371.0], [13.331, 1260.0], [13.332, 1032.0], [13.333, 617.0], [13.334, 531.0], [13.335, 1452.0], [13.336, 3267.0], [13.337, 1131.0], [13.338, 1113.0], [13.339, 822.0]], "timestamp": "2025-12-11T12:51:16.657787+00:00"}