[{"id": "529092547", "price": 13.465, "amount": 309.0, "side": "sell", "timestamp": 1765496507538}, {"id": "529092548", "price": 13.465, "amount": 62.0, "side": "buy", "timestamp": 1765496507690}, {"id": "529092549", "price": 13.465, "amount": 1.0, "side": "buy", "timestamp": 1765496511330}, {"id": "529092550", "price": 13.464, "amount": 8.0, "side": "sell", "timestamp": 1765496511362}, {"id": "529092551", "price": 13.465, "amount": 239.0, "side": "sell", "timestamp": 1765496511717}, {"id": "529092552", "price": 13.464, "amount": 507.0, "side": "sell", "timestamp": 1765496512092}, {"id": "529092553", "price": 13.463, "amount": 415.0, "side": "sell", "timestamp": 1765496512975}, {"id": "529092554", "price": 13.462, "amount": 1.0, "side": "sell", "timestamp": 1765496513089}, {"id": "529092555", "price": 13.462, "amount": 10.0, "side": "sell", "timestamp": 1765496513249}, {"id": "529092556", "price": 13.462, "amount": 73.0, "side": "sell", "timestamp": 1765496514248}, {"id": "529092557", "price": 13.461, "amount": 6.0, "side": "sell", "timestamp": 1765496515626}, {"id": "529092558", "price": 13.462, "amount": 211.0, "side": "buy", "timestamp": 1765496517261}, {"id": "529092559", "price": 13.462, "amount": 1.0, "side": "sell", "timestamp": 1765496519727}, {"id": "529092560", "price": 13.462, "amount": 1.0, "side": "sell", "timestamp": 1765496519950}, {"id": "529092561", "price": 13.462, "amount": 111.0, "side": "sell", "timestamp": 1765496520328}, {"id": "529092562", "price": 13.461, "amount": 122.0, "side": "sell", "timestamp": 1765496520328}, {"id": "529092563", "price": 13.462, "amount": 51.0, "side": "buy", "timestamp": 1765496521123}, {"id": "529092564", "price": 13.463, "amount": 14.0, "side": "buy", "timestamp": 1765496521123}, {"id": "529092565", "price": 13.464, "amount": 119.0, "side": "buy", "timestamp": 1765496521123}, {"id": "529092566", "price": 13.463, "amount": 1.0, "side": "sell", "timestamp": 1765496521611}, {"id": "529092567", "price": 13.463, "amount": 3.0, "side": "sell", "timestamp": 1765496521785}, {"id": "529092568", "price": 13.464, "amount": 1.0, "side": "buy", "timestamp": 1765496524400}, {"id": "529092569", "price": 13.464, "amount": 3.0, "side": "buy", "timestamp": 1765496524615}, {"id": "529092570", "price": 13.463, "amount": 88.0, "side": "sell", "timestamp": 1765496525166}, {"id": "529092571", "price": 13.462, "amount": 5.0, "side": "sell", "timestamp": 1765496525221}, {"id": "529092572", "price": 13.462, "amount": 2.0, "side": "buy", "timestamp": 1765496525324}, {"id": "529092573", "price": 13.462, "amount": 2.0, "side": "buy", "timestamp": 1765496525477}, {"id": "529092574", "price": 13.462, "amount": 1.0, "side": "buy", "timestamp": 1765496525820}, {"id": "529092575", "price": 13.461, "amount": 482.0, "side": "sell", "timestamp": 1765496526383}, {"id": "529092576", "price": 13.46, "amount": 37.0, "side": "sell", "timestamp": 1765496526389}, {"id": "529092577", "price": 13.46, "amount": 10.0, "side": "buy", "timestamp": 1765496529133}, {"id": "529092578", "price": 13.46, "amount": 80.0, "side": "buy", "timestamp": 1765496529234}, {"id": "529092579", "price": 13.459, "amount": 1.0, "side": "sell", "timestamp": 1765496534128}, {"id": "529092580", "price": 13.459, "amount": 1.0, "side": "sell", "timestamp": 1765496534726}, {"id": "529092581", "price": 13.459, "amount": 2.0, "side": "sell", "timestamp": 1765496540428}, {"id": "529092582", "price": 13.46, "amount": 81.0, "side": "buy", "timestamp": 1765496541232}, {"id": "529092583", "price": 13.46, "amount": 29.0, "side": "buy", "timestamp": 1765496542610}, {"id": "529092584", "price": 13.461, "amount": 10.0, "side": "buy", "timestamp": 1765496542651}, {"id": "529092585", "price": 13.462, "amount": 36.0, "side": "buy", "timestamp": 1765496544306}, {"id": "529092586", "price": 13.463, "amount": 230.0, "side": "buy", "timestamp": 1765496544312}, {"id": "529092587", "price": 13.464, "amount": 102.0, "side": "buy", "timestamp": 1765496546335}, {"id": "529092588", "price": 13.464, "amount": 1.0, "side": "sell", "timestamp": 1765496547868}, {"id": "529092589", "price": 13.465, "amount": 1.0, "side": "buy", "timestamp": 1765496548579}, {"id": "529092590", "price": 13.465, "amount": 1153.0, "side": "buy", "timestamp": 1765496550917}, {"id": "529092591", "price": 13.466, "amount": 2.0, "side": "buy", "timestamp": 1765496550954}, {"id": "529092592", "price": 13.466, "amount": 2.0, "side": "buy", "timestamp": 1765496551731}, {"id": "529092593", "price": 13.465, "amount": 3.0, "side": "sell", "timestamp": 1765496552042}, {"id": "529092594", "price": 13.466, "amount": 36.0, "side": "buy", "timestamp": 1765496554001}, {"id": "529092595", "price": 13.465, "amount": 34.0, "side": "sell", "timestamp": 1765496554002}, {"id": "529092596", "price": 13.465, "amount": 1.0, "side": "sell", "timestamp": 1765496555726}, {"id": "529092598", "price": 13.466, "amount": 74.0, "side": "buy", "timestamp": 1765496563059}, {"id": "529092599", "price": 13.466, "amount": 379.0, "side": "sell", "timestamp": 1765496563196}, {"id": "529092600", "price": 13.466, "amount": 1.0, "side": "sell", "timestamp": 1765496568643}, {"id": "529092601", "price": 13.466, "amount": 40.0, "side": "buy", "timestamp": 1765496571047}, {"id": "529092602", "price": 13.466, "amount": 1.0, "side": "sell", "timestamp": 1765496572636}, {"id": "529092603", "price": 13.466, "amount": 1.0, "side": "sell", "timestamp": 1765496572963}, {"id": "529092604", "price": 13.467, "amount": 380.0, "side": "buy", "timestamp": 1765496575137}, {"id": "529092605", "price": 13.468, "amount": 19.0, "side": "buy", "timestamp": 1765496575282}, {"id": "529092606", "price": 13.469, "amount": 93.0, "side": "buy", "timestamp": 1765496575282}, {"id": "529092607", "price": 13.469, "amount": 5.0, "side": "buy", "timestamp": 1765496575390}, {"id": "529092608", "price": 13.47, "amount": 19.0, "side": "buy", "timestamp": 1765496575509}, {"id": "529092609", "price": 13.471, "amount": 89.0, "side": "buy", "timestamp": 1765496575510}, {"id": "529092610", "price": 13.472, "amount": 25.0, "side": "buy", "timestamp": 1765496575510}, {"id": "529092611", "price": 13.471, "amount": 192.0, "side": "sell", "timestamp": 1765496576477}, {"id": "529092612", "price": 13.47, "amount": 18.0, "side": "sell", "timestamp": 1765496576552}, {"id": "529092613", "price": 13.469, "amount": 18.0, "side": "sell", "timestamp": 1765496576559}, {"id": "529092614", "price": 13.469, "amount": 1.0, "side": "buy", "timestamp": 1765496580712}, {"id": "529092615", "price": 13.469, "amount": 2.0, "side": "buy", "timestamp": 1765496581651}, {"id": "529092616", "price": 13.469, "amount": 2.0, "side": "buy", "timestamp": 1765496583467}, {"id": "529092617", "price": 13.468, "amount": 170.0, "side": "sell", "timestamp": 1765496584227}, {"id": "529092618", "price": 13.467, "amount": 131.0, "side": "sell", "timestamp": 1765496584237}, {"id": "529092619", "price": 13.466, "amount": 84.0, "side": "sell", "timestamp": 1765496584403}, {"id": "529092620", "price": 13.466, "amount": 40.0, "side": "buy", "timestamp": 1765496587546}, {"id": "529092621", "price": 13.465, "amount": 427.0, "side": "sell", "timestamp": 1765496588303}, {"id": "529092622", "price": 13.464, "amount": 79.0, "side": "sell", "timestamp": 1765496588306}, {"id": "529092623", "price": 13.463, "amount": 42.0, "side": "sell", "timestamp": 1765496588686}, {"id": "529092624", "price": 13.463, "amount": 10.0, "side": "buy", "timestamp": 1765496588807}, {"id": "529092625", "price": 13.462, "amount": 27.0, "side": "sell", "timestamp": 1765496589007}, {"id": "529092626", "price": 13.461, "amount": 2.0, "side": "sell", "timestamp": 1765496590006}, {"id": "529092627", "price": 13.461, "amount": 464.0, "side": "sell", "timestamp": 1765496590759}, {"id": "529092628", "price": 13.46, "amount": 1.0, "side": "sell", "timestamp": 1765496591725}, {"id": "529092629", "price": 13.46, "amount": 2.0, "side": "sell", "timestamp": 1765496594632}, {"id": "529092630", "price": 13.46, "amount": 1.0, "side": "sell", "timestamp": 1765496595232}, {"id": "529092631", "price": 13.46, "amount": 1.0, "side": "sell", "timestamp": 1765496595553}, {"id": "529092632", "price": 13.46, "amount": 1.0, "side": "sell", "timestamp": 1765496598377}, {"id": "529092633", "price": 13.46, "amount": 132.0, "side": "sell", "timestamp": 1765496598681}, {"id": "529092634", "price": 13.46, "amount": 3.0, "side": "buy", "timestamp": 1765496598718}, {"id": "529092635", "price": 13.459, "amount": 2.0, "side": "sell", "timestamp": 1765496600450}, {"id": "529092636", "price": 13.459, "amount": 273.0, "side": "sell", "timestamp": 1765496602666}, {"id": "529092637", "price": 13.458, "amount": 81.0, "side": "sell", "timestamp": 1765496602668}, {"id": "529092638", "price": 13.457, "amount": 23.0, "side": "sell", "timestamp": 1765496603082}, {"id": "529092639", "price": 13.456, "amount": 23.0, "side": "sell", "timestamp": 1765496603510}, {"id": "529092640", "price": 13.455, "amount": 189.0, "side": "sell", "timestamp": 1765496603557}, {"id": "529092641", "price": 13.455, "amount": 1.0, "side": "sell", "timestamp": 1765496604264}, {"id": "529092642", "price": 13.455, "amount": 22.0, "side": "sell", "timestamp": 1765496607413}, {"id": "529092643", "price": 13.455, "amount": 2.0, "side": "buy", "timestamp": 1765496607920}, {"id": "529092644", "price": 13.455, "amount": 18.0, "side": "buy", "timestamp": 1765496611366}, {"id": "529092645", "price": 13.455, "amount": 1.0, "side": "buy", "timestamp": 1765496611740}, {"id": "529092646", "price": 13.455, "amount": 5.0, "side": "buy", "timestamp": 1765496612084}, {"id": "529092647", "price": 13.455, "amount": 202.0, "side": "buy", "timestamp": 1765496612256}, {"id": "529092619", "price": 13.466, "amount": 84.0, "side": "sell", "timestamp": 1765496584403}, {"id": "529092620", "price": 13.466, "amount": 40.0, "side": "buy", "timestamp": 1765496587546}, {"id": "529092621", "price": 13.465, "amount": 427.0, "side": "sell", "timestamp": 1765496588303}, {"id": "529092622", "price": 13.464, "amount": 79.0, "side": "sell", "timestamp": 1765496588306}, {"id": "529092623", "price": 13.463, "amount": 42.0, "side": "sell", "timestamp": 1765496588686}, {"id": "529092624", "price": 13.463, "amount": 10.0, "side": "buy", "timestamp": 1765496588807}, {"id": "529092625", "price": 13.462, "amount": 27.0, "side": "sell", "timestamp": 1765496589007}, {"id": "529092626", "price": 13.461, "amount": 2.0, "side": "sell", "timestamp": 1765496590006}, {"id": "529092627", "price": 13.461, "amount": 464.0, "side": "sell", "timestamp": 1765496590759}, {"id": "529092628", "price": 13.46, "amount": 1.0, "side": "sell", "timestamp": 1765496591725}, {"id": "529092629", "price": 13.46, "amount": 2.0, "side": "sell", "timestamp": 1765496594632}, {"id": "529092630", "price": 13.46, "amount": 1.0, "side": "sell", "timestamp": 1765496595232}, {"id": "529092631", "price": 13.46, "amount": 1.0, "side": "sell", "timestamp": 1765496595553}, {"id": "529092632", "price": 13.46, "amount": 1.0, "side": "sell", "timestamp": 1765496598377}, {"id": "529092633", "price": 13.46, "amount": 132.0, "side": "sell", "timestamp": 1765496598681}, {"id": "529092634", "price": 13.46, "amount": 3.0, "side": "buy", "timestamp": 1765496598718}, {"id": "529092635", "price": 13.459, "amount": 2.0, "side": "sell", "timestamp": 1765496600450}, {"id": "529092636", "price": 13.459, "amount": 273.0, "side": "sell", "timestamp": 1765496602666}, {"id": "529092637", "price": 13.458, "amount": 81.0, "side": "sell", "timestamp": 1765496602668}, {"id": "529092638", "price": 13.457, "amount": 23.0, "side": "sell", "timestamp": 1765496603082}, {"id": "529092639", "price": 13.456, "amount": 23.0, "side": "sell", "timestamp": 1765496603510}, {"id": "529092640", "price": 13.455, "amount": 189.0, "side": "sell", "timestamp": 1765496603557}, {"id": "529092641", "price": 13.455, "amount": 1.0, "side": "sell", "timestamp": 1765496604264}, {"id": "529092642", "price": 13.455, "amount": 22.0, "side": "sell", "timestamp": 1765496607413}, {"id": "529092643", "price": 13.455, "amount": 2.0, "side": "buy", "timestamp": 1765496607920}, {"id": "529092644", "price": 13.455, "amount": 18.0, "side": "buy", "timestamp": 1765496611366}, {"id": "529092645", "price": 13.455, "amount": 1.0, "side": "buy", "timestamp": 1765496611740}, {"id": "529092646", "price": 13.455, "amount": 5.0, "side": "buy", "timestamp": 1765496612084}, {"id": "529092647", "price": 13.455, "amount": 202.0, "side": "buy", "timestamp": 1765496612256}, {"id": "529092648", "price": 13.455, "amount": 4.0, "side": "sell", "timestamp": 1765496614351}, {"id": "529092649", "price": 13.455, "amount": 461.0, "side": "sell", "timestamp": 1765496618062}, {"id": "529092650", "price": 13.455, "amount": 51.0, "side": "buy", "timestamp": 1765496621498}, {"id": "529092651", "price": 13.456, "amount": 25.0, "side": "buy", "timestamp": 1765496621509}, {"id": "529092652", "price": 13.456, "amount": 4.0, "side": "sell", "timestamp": 1765496623000}, {"id": "529092653", "price": 13.456, "amount": 1.0, "side": "sell", "timestamp": 1765496626158}, {"id": "529092654", "price": 13.456, "amount": 1.0, "side": "sell", "timestamp": 1765496627718}, {"id": "529092655", "price": 13.456, "amount": 2.0, "side": "sell", "timestamp": 1765496634761}, {"id": "529092656", "price": 13.457, "amount": 246.0, "side": "buy", "timestamp": 1765496635454}, {"id": "529092657", "price": 13.457, "amount": 2.0, "side": "buy", "timestamp": 1765496643683}, {"id": "529092658", "price": 13.457, "amount": 1.0, "side": "buy", "timestamp": 1765496646030}, {"id": "529092659", "price": 13.456, "amount": 171.0, "side": "sell", "timestamp": 1765496649706}, {"id": "529092660", "price": 13.455, "amount": 18.0, "side": "sell", "timestamp": 1765496651474}, {"id": "529092661", "price": 13.455, "amount": 93.0, "side": "buy", "timestamp": 1765496653337}, {"id": "529092662", "price": 13.455, "amount": 110.0, "side": "buy", "timestamp": 1765496654313}, {"id": "529092663", "price": 13.456, "amount": 80.0, "side": "buy", "timestamp": 1765496654592}, {"id": "529092664", "price": 13.456, "amount": 17.0, "side": "buy", "timestamp": 1765496654874}, {"id": "529092665", "price": 13.457, "amount": 1.0, "side": "buy", "timestamp": 1765496658463}, {"id": "529092666", "price": 13.456, "amount": 1.0, "side": "sell", "timestamp": 1765496659343}, {"id": "529092667", "price": 13.457, "amount": 3.0, "side": "buy", "timestamp": 1765496659356}, {"id": "529092668", "price": 13.456, "amount": 1.0, "side": "sell", "timestamp": 1765496663713}, {"id": "529092666", "price": 13.456, "amount": 1.0, "side": "sell", "timestamp": 1765496659343}, {"id": "529092667", "price": 13.457, "amount": 3.0, "side": "buy", "timestamp": 1765496659356}, {"id": "529092668", "price": 13.456, "amount": 1.0, "side": "sell", "timestamp": 1765496663713}, {"id": "529092669", "price": 13.456, "amount": 189.0, "side": "buy", "timestamp": 1765496666703}, {"id": "529092670", "price": 13.456, "amount": 1.0, "side": "sell", "timestamp": 1765496667644}, {"id": "529092671", "price": 13.456, "amount": 50.0, "side": "buy", "timestamp": 1765496668681}, {"id": "529092672", "price": 13.457, "amount": 21.0, "side": "buy", "timestamp": 1765496668681}, {"id": "529092673", "price": 13.456, "amount": 1.0, "side": "sell", "timestamp": 1765496673445}, {"id": "529092674", "price": 13.457, "amount": 573.0, "side": "buy", "timestamp": 1765496673916}, {"id": "529092675", "price": 13.458, "amount": 6.0, "side": "buy", "timestamp": 1765496673999}, {"id": "529092676", "price": 13.459, "amount": 1027.0, "side": "buy", "timestamp": 1765496674037}, {"id": "529092677", "price": 13.46, "amount": 210.0, "side": "buy", "timestamp": 1765496674064}, {"id": "529092678", "price": 13.46, "amount": 433.0, "side": "sell", "timestamp": 1765496681995}, {"id": "529092679", "price": 13.459, "amount": 23.0, "side": "sell", "timestamp": 1765496682222}, {"id": "529092680", "price": 13.459, "amount": 820.0, "side": "buy", "timestamp": 1765496682227}, {"id": "529092681", "price": 13.46, "amount": 849.0, "side": "buy", "timestamp": 1765496682227}, {"id": "529092682", "price": 13.458, "amount": 20.0, "side": "sell", "timestamp": 1765496682976}, {"id": "529092683", "price": 13.459, "amount": 1.0, "side": "buy", "timestamp": 1765496683182}, {"id": "529092684", "price": 13.458, "amount": 1.0, "side": "sell", "timestamp": 1765496683480}, {"id": "529092685", "price": 13.458, "amount": 493.0, "side": "sell", "timestamp": 1765496686402}, {"id": "529092686", "price": 13.457, "amount": 1.0, "side": "sell", "timestamp": 1765496688412}, {"id": "529092687", "price": 13.458, "amount": 29.0, "side": "buy", "timestamp": 1765496690025}, {"id": "529092688", "price": 13.458, "amount": 1.0, "side": "buy", "timestamp": 1765496690316}, {"id": "529092689", "price": 13.457, "amount": 172.0, "side": "sell", "timestamp": 1765496699443}, {"id": "529092690", "price": 13.457, "amount": 1.0, "side": "buy", "timestamp": 1765496699479}, {"id": "529092691", "price": 13.456, "amount": 41.0, "side": "sell", "timestamp": 1765496699491}, {"id": "529092692", "price": 13.455, "amount": 1.0, "side": "sell", "timestamp": 1765496699718}, {"id": "529092693", "price": 13.455, "amount": 16.0, "side": "sell", "timestamp": 1765496700039}, {"id": "529092694", "price": 13.455, "amount": 1.0, "side": "sell", "timestamp": 1765496700364}, {"id": "529092695", "price": 13.456, "amount": 14.0, "side": "buy", "timestamp": 1765496701035}, {"id": "529092696", "price": 13.457, "amount": 3.0, "side": "buy", "timestamp": 1765496701045}, {"id": "529092697", "price": 13.457, "amount": 378.0, "side": "sell", "timestamp": 1765496701385}, {"id": "529092698", "price": 13.458, "amount": 1.0, "side": "buy", "timestamp": 1765496701558}, {"id": "529092699", "price": 13.457, "amount": 44.0, "side": "sell", "timestamp": 1765496702212}, {"id": "529092700", "price": 13.458, "amount": 2.0, "side": "buy", "timestamp": 1765496703547}, {"id": "529092701", "price": 13.458, "amount": 7.0, "side": "buy", "timestamp": 1765496703670}, {"id": "529092702", "price": 13.457, "amount": 59.0, "side": "sell", "timestamp": 1765496704314}, {"id": "529092703", "price": 13.456, "amount": 1.0, "side": "sell", "timestamp": 1765496704682}, {"id": "529092704", "price": 13.456, "amount": 8.0, "side": "sell", "timestamp": 1765496705870}, {"id": "529092705", "price": 13.457, "amount": 1.0, "side": "buy", "timestamp": 1765496709068}, {"id": "529092706", "price": 13.456, "amount": 1.0, "side": "sell", "timestamp": 1765496710085}, {"id": "529092707", "price": 13.456, "amount": 1.0, "side": "sell", "timestamp": 1765496710951}, {"id": "529092708", "price": 13.457, "amount": 231.0, "side": "buy", "timestamp": 1765496711783}, {"id": "529092709", "price": 13.458, "amount": 48.0, "side": "buy", "timestamp": 1765496711984}, {"id": "529092710", "price": 13.459, "amount": 649.0, "side": "buy", "timestamp": 1765496712020}, {"id": "529092711", "price": 13.46, "amount": 104.0, "side": "buy", "timestamp": 1765496712028}, {"id": "529092712", "price": 13.461, "amount": 74.0, "side": "buy", "timestamp": 1765496712029}, {"id": "529092713", "price": 13.46, "amount": 1.0, "side": "sell", "timestamp": 1765496715795}, {"id": "529092714", "price": 13.46, "amount": 6.0, "side": "sell", "timestamp": 1765496717664}, {"id": "529092715", "price": 13.461, "amount": 1.0, "side": "buy", "timestamp": 1765496717876}, {"id": "529092721", "price": 13.462, "amount": 1.0, "side": "sell", "timestamp": 1765496731993}, {"id": "529092722", "price": 13.462, "amount": 1.0, "side": "sell", "timestamp": 1765496735726}, {"id": "529092723", "price": 13.462, "amount": 321.0, "side": "sell", "timestamp": 1765496736102}, {"id": "529092724", "price": 13.462, "amount": 185.0, "side": "sell", "timestamp": 1765496739686}, {"id": "529092725", "price": 13.461, "amount": 1.0, "side": "sell", "timestamp": 1765496742471}, {"id": "529092726", "price": 13.462, "amount": 18.0, "side": "buy", "timestamp": 1765496744509}, {"id": "529092727", "price": 13.463, "amount": 6.0, "side": "buy", "timestamp": 1765496744902}, {"id": "529092728", "price": 13.464, "amount": 13.0, "side": "buy", "timestamp": 1765496745305}, {"id": "529092729", "price": 13.465, "amount": 25.0, "side": "buy", "timestamp": 1765496745703}, {"id": "529092730", "price": 13.465, "amount": 146.0, "side": "buy", "timestamp": 1765496745858}, {"id": "529092731", "price": 13.466, "amount": 2.0, "side": "buy", "timestamp": 1765496745864}, {"id": "529092732", "price": 13.467, "amount": 1.0, "side": "buy", "timestamp": 1765496746803}, {"id": "529092733", "price": 13.466, "amount": 19.0, "side": "buy", "timestamp": 1765496750026}, {"id": "529092734", "price": 13.467, "amount": 787.0, "side": "buy", "timestamp": 1765496751187}, {"id": "529092735", "price": 13.468, "amount": 25.0, "side": "buy", "timestamp": 1765496751445}, {"id": "529092736", "price": 13.468, "amount": 259.0, "side": "buy", "timestamp": 1765496751950}, {"id": "529092737", "price": 13.469, "amount": 79.0, "side": "buy", "timestamp": 1765496752167}, {"id": "529092738", "price": 13.47, "amount": 12.0, "side": "buy", "timestamp": 1765496752469}, {"id": "529092739", "price": 13.471, "amount": 16.0, "side": "buy", "timestamp": 1765496752469}, {"id": "529092740", "price": 13.472, "amount": 108.0, "side": "buy", "timestamp": 1765496752469}, {"id": "529092741", "price": 13.471, "amount": 344.0, "side": "sell", "timestamp": 1765496753052}, {"id": "529092742", "price": 13.47, "amount": 297.0, "side": "sell", "timestamp": 1765496753971}, {"id": "529092743", "price": 13.469, "amount": 4.0, "side": "sell", "timestamp": 1765496753977}, {"id": "529092744", "price": 13.468, "amount": 322.0, "side": "sell", "timestamp": 1765496754461}, {"id": "529092745", "price": 13.467, "amount": 74.0, "side": "sell", "timestamp": 1765496754491}, {"id": "529092746", "price": 13.467, "amount": 465.0, "side": "sell", "timestamp": 1765496755607}, {"id": "529092747", "price": 13.466, "amount": 61.0, "side": "sell", "timestamp": 1765496755607}, {"id": "529092748", "price": 13.466, "amount": 22.0, "side": "buy", "timestamp": 1765496755718}, {"id": "529092749", "price": 13.465, "amount": 2.0, "side": "sell", "timestamp": 1765496756290}, {"id": "529092750", "price": 13.465, "amount": 183.0, "side": "sell", "timestamp": 1765496758148}, {"id": "529092751", "price": 13.464, "amount": 33.0, "side": "sell", "timestamp": 1765496758157}, {"id": "529092752", "price": 13.463, "amount": 5.0, "side": "sell", "timestamp": 1765496758241}, {"id": "529092753", "price": 13.463, "amount": 108.0, "side": "buy", "timestamp": 1765496760710}, {"id": "529092754", "price": 13.464, "amount": 4.0, "side": "buy", "timestamp": 1765496760823}, {"id": "529092755", "price": 13.465, "amount": 2.0, "side": "buy", "timestamp": 1765496760929}, {"id": "529092756", "price": 13.466, "amount": 1.0, "side": "buy", "timestamp": 1765496761145}, {"id": "529092757", "price": 13.465, "amount": 1.0, "side": "sell", "timestamp": 1765496761220}, {"id": "529092758", "price": 13.465, "amount": 6.0, "side": "sell", "timestamp": 1765496761550}, {"id": "529092759", "price": 13.465, "amount": 74.0, "side": "sell", "timestamp": 1765496762662}, {"id": "529092760", "price": 13.464, "amount": 3.0, "side": "sell", "timestamp": 1765496762678}, {"id": "529092761", "price": 13.463, "amount": 2.0, "side": "sell", "timestamp": 1765496762723}, {"id": "529092762", "price": 13.462, "amount": 72.0, "side": "sell", "timestamp": 1765496763001}, {"id": "529092763", "price": 13.461, "amount": 102.0, "side": "sell", "timestamp": 1765496763263}, {"id": "529092764", "price": 13.461, "amount": 2.0, "side": "buy", "timestamp": 1765496763590}, {"id": "529092765", "price": 13.46, "amount": 12.0, "side": "sell", "timestamp": 1765496764389}, {"id": "529092766", "price": 13.46, "amount": 24.0, "side": "sell", "timestamp": 1765496765781}, {"id": "529092767", "price": 13.46, "amount": 1.0, "side": "buy", "timestamp": 1765496766620}, {"id": "529092768", "price": 13.46, "amount": 1.0, "side": "buy", "timestamp": 1765496767438}, {"id": "529092769", "price": 13.46, "amount": 1.0, "side": "buy", "timestamp": 1765496767875}, {"id": "529092770", "price": 13.461, "amount": 23.0, "side": "buy", "timestamp": 1765496769648}, {"id": "529092800", "price": 13.446, "amount": 283.0, "side": "sell", "timestamp": 1765496789667}, {"id": "529092801", "price": 13.445, "amount": 2.0, "side": "sell", "timestamp": 1765496789720}, {"id": "529092802", "price": 13.445, "amount": 51.0, "side": "sell", "timestamp": 1765496789966}, {"id": "529092803", "price": 13.445, "amount": 22.0, "side": "buy", "timestamp": 1765496790026}, {"id": "529092804", "price": 13.445, "amount": 1.0, "side": "sell", "timestamp": 1765496792047}, {"id": "529092805", "price": 13.445, "amount": 1.0, "side": "sell", "timestamp": 1765496794050}, {"id": "529092806", "price": 13.445, "amount": 286.0, "side": "sell", "timestamp": 1765496795038}, {"id": "529092807", "price": 13.445, "amount": 152.0, "side": "sell", "timestamp": 1765496795301}, {"id": "529092808", "price": 13.444, "amount": 75.0, "side": "sell", "timestamp": 1765496795301}, {"id": "529092809", "price": 13.443, "amount": 57.0, "side": "sell", "timestamp": 1765496795302}, {"id": "529092810", "price": 13.444, "amount": 1.0, "side": "buy", "timestamp": 1765496797121}, {"id": "529092811", "price": 13.444, "amount": 2.0, "side": "buy", "timestamp": 1765496797904}, {"id": "529092812", "price": 13.444, "amount": 154.0, "side": "buy", "timestamp": 1765496798225}, {"id": "529092813", "price": 13.445, "amount": 188.0, "side": "buy", "timestamp": 1765496798233}, {"id": "529092814", "price": 13.445, "amount": 1.0, "side": "sell", "timestamp": 1765496798551}, {"id": "529092815", "price": 13.445, "amount": 338.0, "side": "sell", "timestamp": 1765496804790}, {"id": "529092816", "price": 13.444, "amount": 1.0, "side": "sell", "timestamp": 1765496805481}, {"id": "529092817", "price": 13.444, "amount": 1.0, "side": "sell", "timestamp": 1765496805961}, {"id": "529092818", "price": 13.444, "amount": 1.0, "side": "sell", "timestamp": 1765496806508}, {"id": "529092819", "price": 13.445, "amount": 23.0, "side": "sell", "timestamp": 1765496806529}, {"id": "529092820", "price": 13.444, "amount": 313.0, "side": "sell", "timestamp": 1765496806907}, {"id": "529092821", "price": 13.444, "amount": 1.0, "side": "sell", "timestamp": 1765496807717}, {"id": "529092822", "price": 13.445, "amount": 1.0, "side": "buy", "timestamp": 1765496807989}, {"id": "529092823", "price": 13.444, "amount": 1.0, "side": "sell", "timestamp": 1765496809730}, {"id": "529092824", "price": 13.444, "amount": 39.0, "side": "sell", "timestamp": 1765496809875}, {"id": "529092825", "price": 13.443, "amount": 15.0, "side": "sell", "timestamp": 1765496809885}, {"id": "529092826", "price": 13.443, "amount": 17.0, "side": "sell", "timestamp": 1765496810097}, {"id": "529092827", "price": 13.442, "amount": 19.0, "side": "sell", "timestamp": 1765496812537}, {"id": "529092828", "price": 13.443, "amount": 3.0, "side": "buy", "timestamp": 1765496816064}, {"id": "529092829", "price": 13.442, "amount": 1.0, "side": "sell", "timestamp": 1765496816379}, {"id": "529092830", "price": 13.442, "amount": 151.0, "side": "sell", "timestamp": 1765496817862}, {"id": "529092831", "price": 13.441, "amount": 496.0, "side": "sell", "timestamp": 1765496817872}, {"id": "529092832", "price": 13.44, "amount": 995.0, "side": "sell", "timestamp": 1765496817879}, {"id": "529092833", "price": 13.439, "amount": 2710.0, "side": "sell", "timestamp": 1765496817903}, {"id": "529092834", "price": 13.439, "amount": 1024.0, "side": "sell", "timestamp": 1765496818077}, {"id": "529092835", "price": 13.438, "amount": 4.0, "side": "sell", "timestamp": 1765496818138}, {"id": "529092836", "price": 13.437, "amount": 1.0, "side": "sell", "timestamp": 1765496818722}, {"id": "529092837", "price": 13.437, "amount": 74.0, "side": "sell", "timestamp": 1765496819032}, {"id": "529092838", "price": 13.436, "amount": 1.0, "side": "sell", "timestamp": 1765496819619}, {"id": "529092839", "price": 13.435, "amount": 263.0, "side": "sell", "timestamp": 1765496819619}, {"id": "529092840", "price": 13.434, "amount": 7.0, "side": "sell", "timestamp": 1765496819619}, {"id": "529092841", "price": 13.433, "amount": 111.0, "side": "sell", "timestamp": 1765496819875}, {"id": "529092842", "price": 13.432, "amount": 25.0, "side": "sell", "timestamp": 1765496820338}, {"id": "529092843", "price": 13.431, "amount": 7.0, "side": "sell", "timestamp": 1765496820465}, {"id": "529092844", "price": 13.432, "amount": 186.0, "side": "buy", "timestamp": 1765496820925}, {"id": "529092845", "price": 13.432, "amount": 16.0, "side": "buy", "timestamp": 1765496821249}, {"id": "529092846", "price": 13.433, "amount": 94.0, "side": "buy", "timestamp": 1765496821301}, {"id": "529092847", "price": 13.434, "amount": 14.0, "side": "buy", "timestamp": 1765496823109}, {"id": "529092848", "price": 13.434, "amount": 150.0, "side": "buy", "timestamp": 1765496823448}, {"id": "529092849", "price": 13.435, "amount": 1.0, "side": "buy", "timestamp": 1765496824254}, {"id": "529092858", "price": 13.434, "amount": 4.0, "side": "buy", "timestamp": 1765496825394}, {"id": "529092859", "price": 13.434, "amount": 3.0, "side": "buy", "timestamp": 1765496825606}, {"id": "529092860", "price": 13.434, "amount": 4.0, "side": "buy", "timestamp": 1765496825730}, {"id": "529092861", "price": 13.434, "amount": 239.0, "side": "sell", "timestamp": 1765496826518}, {"id": "529092862", "price": 13.433, "amount": 168.0, "side": "sell", "timestamp": 1765496826518}, {"id": "529092863", "price": 13.434, "amount": 7.0, "side": "buy", "timestamp": 1765496826715}, {"id": "529092864", "price": 13.433, "amount": 407.0, "side": "sell", "timestamp": 1765496826833}, {"id": "529092865", "price": 13.434, "amount": 92.0, "side": "buy", "timestamp": 1765496828074}, {"id": "529092866", "price": 13.434, "amount": 1.0, "side": "sell", "timestamp": 1765496830565}, {"id": "529092867", "price": 13.434, "amount": 1.0, "side": "sell", "timestamp": 1765496832707}, {"id": "529092868", "price": 13.435, "amount": 20.0, "side": "buy", "timestamp": 1765496833359}, {"id": "529092869", "price": 13.435, "amount": 338.0, "side": "buy", "timestamp": 1765496834923}, {"id": "529092870", "price": 13.436, "amount": 2.0, "side": "buy", "timestamp": 1765496835074}, {"id": "529092871", "price": 13.435, "amount": 29.0, "side": "sell", "timestamp": 1765496837979}, {"id": "529092872", "price": 13.435, "amount": 1.0, "side": "sell", "timestamp": 1765496838599}, {"id": "529092873", "price": 13.436, "amount": 11.0, "side": "buy", "timestamp": 1765496840566}, {"id": "529092874", "price": 13.435, "amount": 840.0, "side": "sell", "timestamp": 1765496841031}, {"id": "529092875", "price": 13.434, "amount": 372.0, "side": "sell", "timestamp": 1765496841031}, {"id": "529092876", "price": 13.433, "amount": 18.0, "side": "sell", "timestamp": 1765496841031}, {"id": "529092877", "price": 13.433, "amount": 327.0, "side": "sell", "timestamp": 1765496841659}, {"id": "529092878", "price": 13.432, "amount": 14.0, "side": "sell", "timestamp": 1765496841975}, {"id": "529092879", "price": 13.432, "amount": 64.0, "side": "buy", "timestamp": 1765496842374}, {"id": "529092880", "price": 13.431, "amount": 69.0, "side": "sell", "timestamp": 1765496842415}, {"id": "529092881", "price": 13.43, "amount": 176.0, "side": "sell", "timestamp": 1765496842425}, {"id": "529092882", "price": 13.431, "amount": 2.0, "side": "buy", "timestamp": 1765496842496}, {"id": "529092883", "price": 13.431, "amount": 1.0, "side": "buy", "timestamp": 1765496843727}, {"id": "529092884", "price": 13.431, "amount": 4.0, "side": "buy", "timestamp": 1765496848325}, {"id": "529092885", "price": 13.431, "amount": 1.0, "side": "buy", "timestamp": 1765496851360}, {"id": "529092886", "price": 13.431, "amount": 4.0, "side": "buy", "timestamp": 1765496851561}, {"id": "529092887", "price": 13.431, "amount": 3.0, "side": "buy", "timestamp": 1765496853498}, {"id": "529092888", "price": 13.43, "amount": 127.0, "side": "sell", "timestamp": 1765496857868}, {"id": "529092889", "price": 13.43, "amount": 131.0, "side": "buy", "timestamp": 1765496857874}, {"id": "529092890", "price": 13.43, "amount": 20.0, "side": "buy", "timestamp": 1765496858578}, {"id": "529092891", "price": 13.429, "amount": 249.0, "side": "sell", "timestamp": 1765496859435}, {"id": "529092892", "price": 13.428, "amount": 2.0, "side": "sell", "timestamp": 1765496859496}, {"id": "529092893", "price": 13.429, "amount": 3.0, "side": "buy", "timestamp": 1765496860063}, {"id": "529092894", "price": 13.428, "amount": 83.0, "side": "sell", "timestamp": 1765496861058}, {"id": "529092895", "price": 13.427, "amount": 24.0, "side": "sell", "timestamp": 1765496861128}, {"id": "529092896", "price": 13.427, "amount": 19.0, "side": "buy", "timestamp": 1765496861781}, {"id": "529092897", "price": 13.428, "amount": 40.0, "side": "buy", "timestamp": 1765496861804}, {"id": "529092898", "price": 13.429, "amount": 1.0, "side": "buy", "timestamp": 1765496866148}, {"id": "529092899", "price": 13.428, "amount": 3.0, "side": "sell", "timestamp": 1765496866771}, {"id": "529092900", "price": 13.428, "amount": 1.0, "side": "sell", "timestamp": 1765496867929}, {"id": "529092901", "price": 13.429, "amount": 4.0, "side": "buy", "timestamp": 1765496870442}, {"id": "529092902", "price": 13.428, "amount": 133.0, "side": "sell", "timestamp": 1765496870515}, {"id": "529092903", "price": 13.427, "amount": 9.0, "side": "sell", "timestamp": 1765496870534}, {"id": "529092904", "price": 13.426, "amount": 187.0, "side": "sell", "timestamp": 1765496870692}, {"id": "529092905", "price": 13.425, "amount": 29.0, "side": "sell", "timestamp": 1765496870734}, {"id": "529092906", "price": 13.425, "amount": 1.0, "side": "buy", "timestamp": 1765496870812}, {"id": "529092907", "price": 13.424, "amount": 2.0, "side": "sell", "timestamp": 1765496871214}, {"id": "529092892", "price": 13.428, "amount": 2.0, "side": "sell", "timestamp": 1765496859496}, {"id": "529092893", "price": 13.429, "amount": 3.0, "side": "buy", "timestamp": 1765496860063}, {"id": "529092894", "price": 13.428, "amount": 83.0, "side": "sell", "timestamp": 1765496861058}, {"id": "529092895", "price": 13.427, "amount": 24.0, "side": "sell", "timestamp": 1765496861128}, {"id": "529092896", "price": 13.427, "amount": 19.0, "side": "buy", "timestamp": 1765496861781}, {"id": "529092897", "price": 13.428, "amount": 40.0, "side": "buy", "timestamp": 1765496861804}, {"id": "529092898", "price": 13.429, "amount": 1.0, "side": "buy", "timestamp": 1765496866148}, {"id": "529092899", "price": 13.428, "amount": 3.0, "side": "sell", "timestamp": 1765496866771}, {"id": "529092900", "price": 13.428, "amount": 1.0, "side": "sell", "timestamp": 1765496867929}, {"id": "529092901", "price": 13.429, "amount": 4.0, "side": "buy", "timestamp": 1765496870442}, {"id": "529092902", "price": 13.428, "amount": 133.0, "side": "sell", "timestamp": 1765496870515}, {"id": "529092903", "price": 13.427, "amount": 9.0, "side": "sell", "timestamp": 1765496870534}, {"id": "529092904", "price": 13.426, "amount": 187.0, "side": "sell", "timestamp": 1765496870692}, {"id": "529092905", "price": 13.425, "amount": 29.0, "side": "sell", "timestamp": 1765496870734}, {"id": "529092906", "price": 13.425, "amount": 1.0, "side": "buy", "timestamp": 1765496870812}, {"id": "529092907", "price": 13.424, "amount": 2.0, "side": "sell", "timestamp": 1765496871214}, {"id": "529092908", "price": 13.425, "amount": 1.0, "side": "buy", "timestamp": 1765496879725}, {"id": "529092909", "price": 13.425, "amount": 1.0, "side": "buy", "timestamp": 1765496883370}, {"id": "529092910", "price": 13.424, "amount": 1.0, "side": "sell", "timestamp": 1765496883487}, {"id": "529092911", "price": 13.425, "amount": 3.0, "side": "buy", "timestamp": 1765496884901}, {"id": "529092912", "price": 13.425, "amount": 2.0, "side": "buy", "timestamp": 1765496885399}, {"id": "529092913", "price": 13.425, "amount": 2.0, "side": "buy", "timestamp": 1765496885586}, {"id": "529092914", "price": 13.425, "amount": 1.0, "side": "buy", "timestamp": 1765496885733}, {"id": "529092915", "price": 13.424, "amount": 1.0, "side": "sell", "timestamp": 1765496887867}, {"id": "529092916", "price": 13.424, "amount": 503.0, "side": "sell", "timestamp": 1765496890163}, {"id": "529092917", "price": 13.424, "amount": 2.0, "side": "buy", "timestamp": 1765496891327}, {"id": "529092918", "price": 13.423, "amount": 1.0, "side": "sell", "timestamp": 1765496893367}, {"id": "529092919", "price": 13.423, "amount": 3.0, "side": "sell", "timestamp": 1765496894670}, {"id": "529092920", "price": 13.423, "amount": 10.0, "side": "sell", "timestamp": 1765496895379}, {"id": "529092921", "price": 13.423, "amount": 435.0, "side": "sell", "timestamp": 1765496896769}, {"id": "529092922", "price": 13.422, "amount": 9.0, "side": "sell", "timestamp": 1765496896776}, {"id": "529092923", "price": 13.422, "amount": 387.0, "side": "sell", "timestamp": 1765496898786}, {"id": "529092924", "price": 13.421, "amount": 324.0, "side": "sell", "timestamp": 1765496898786}, {"id": "529092925", "price": 13.42, "amount": 500.0, "side": "sell", "timestamp": 1765496898786}, {"id": "529092926", "price": 13.42, "amount": 10.0, "side": "sell", "timestamp": 1765496902216}, {"id": "529092927", "price": 13.42, "amount": 1.0, "side": "sell", "timestamp": 1765496902581}, {"id": "529092928", "price": 13.42, "amount": 1.0, "side": "sell", "timestamp": 1765496905264}, {"id": "529092929", "price": 13.42, "amount": 516.0, "side": "sell", "timestamp": 1765496905828}, {"id": "529092930", "price": 13.419, "amount": 134.0, "side": "sell", "timestamp": 1765496905828}, {"id": "529092931", "price": 13.419, "amount": 149.0, "side": "buy", "timestamp": 1765496905873}, {"id": "529092932", "price": 13.418, "amount": 3.0, "side": "sell", "timestamp": 1765496911224}, {"id": "529092933", "price": 13.419, "amount": 1.0, "side": "buy", "timestamp": 1765496914127}, {"id": "529092934", "price": 13.418, "amount": 1.0, "side": "sell", "timestamp": 1765496915477}, {"id": "529092935", "price": 13.419, "amount": 1.0, "side": "buy", "timestamp": 1765496915726}, {"id": "529092936", "price": 13.419, "amount": 90.0, "side": "sell", "timestamp": 1765496915883}, {"id": "529092937", "price": 13.418, "amount": 2.0, "side": "sell", "timestamp": 1765496919864}, {"id": "529092938", "price": 13.419, "amount": 24.0, "side": "sell", "timestamp": 1765496922034}, {"id": "529092939", "price": 13.418, "amount": 772.0, "side": "sell", "timestamp": 1765496922034}, {"id": "529092940", "price": 13.417, "amount": 494.0, "side": "sell", "timestamp": 1765496922041}, {"id": "529092941", "price": 13.416, "amount": 3.0, "side": "sell", "timestamp": 1765496922917}, {"id": "529092944", "price": 13.416, "amount": 7.0, "side": "sell", "timestamp": 1765496931321}, {"id": "529092945", "price": 13.416, "amount": 2.0, "side": "sell", "timestamp": 1765496936159}, {"id": "529092946", "price": 13.416, "amount": 101.0, "side": "sell", "timestamp": 1765496936783}, {"id": "529092947", "price": 13.416, "amount": 18.0, "side": "sell", "timestamp": 1765496938225}, {"id": "529092948", "price": 13.416, "amount": 2.0, "side": "sell", "timestamp": 1765496938988}, {"id": "529092949", "price": 13.416, "amount": 5.0, "side": "sell", "timestamp": 1765496940899}, {"id": "529092950", "price": 13.417, "amount": 1.0, "side": "buy", "timestamp": 1765496941396}, {"id": "529092951", "price": 13.417, "amount": 504.0, "side": "buy", "timestamp": 1765496941831}, {"id": "529092952", "price": 13.418, "amount": 10.0, "side": "buy", "timestamp": 1765496941840}, {"id": "529092953", "price": 13.417, "amount": 718.0, "side": "sell", "timestamp": 1765496941953}, {"id": "529092954", "price": 13.418, "amount": 1.0, "side": "buy", "timestamp": 1765496944379}, {"id": "529092955", "price": 13.418, "amount": 2.0, "side": "buy", "timestamp": 1765496944672}, {"id": "529092956", "price": 13.418, "amount": 6.0, "side": "buy", "timestamp": 1765496944844}, {"id": "529092957", "price": 13.418, "amount": 1.0, "side": "buy", "timestamp": 1765496945302}, {"id": "529092958", "price": 13.418, "amount": 1.0, "side": "buy", "timestamp": 1765496945403}, {"id": "529092959", "price": 13.418, "amount": 2.0, "side": "buy", "timestamp": 1765496945528}, {"id": "529092960", "price": 13.418, "amount": 1.0, "side": "buy", "timestamp": 1765496949056}, {"id": "529092961", "price": 13.417, "amount": 1.0, "side": "sell", "timestamp": 1765496949258}, {"id": "529092962", "price": 13.417, "amount": 1.0, "side": "sell", "timestamp": 1765496950971}, {"id": "529092963", "price": 13.418, "amount": 1.0, "side": "buy", "timestamp": 1765496951726}, {"id": "529092964", "price": 13.418, "amount": 1.0, "side": "buy", "timestamp": 1765496954515}, {"id": "529092965", "price": 13.417, "amount": 796.0, "side": "sell", "timestamp": 1765496955415}, {"id": "529092966", "price": 13.416, "amount": 213.0, "side": "sell", "timestamp": 1765496956179}, {"id": "529092967", "price": 13.415, "amount": 87.0, "side": "sell", "timestamp": 1765496958142}, {"id": "529092968", "price": 13.415, "amount": 9.0, "side": "buy", "timestamp": 1765496958366}, {"id": "529092969", "price": 13.415, "amount": 1.0, "side": "buy", "timestamp": 1765496959187}, {"id": "529092970", "price": 13.414, "amount": 63.0, "side": "sell", "timestamp": 1765496959528}, {"id": "529092971", "price": 13.413, "amount": 5.0, "side": "sell", "timestamp": 1765496959612}, {"id": "529092972", "price": 13.412, "amount": 34.0, "side": "sell", "timestamp": 1765496959613}, {"id": "529092973", "price": 13.411, "amount": 4136.0, "side": "sell", "timestamp": 1765496959614}, {"id": "529092974", "price": 13.41, "amount": 108.0, "side": "sell", "timestamp": 1765496959619}, {"id": "529092975", "price": 13.409, "amount": 4.0, "side": "sell", "timestamp": 1765496959829}, {"id": "529092976", "price": 13.409, "amount": 14.0, "side": "sell", "timestamp": 1765496960875}, {"id": "529092977", "price": 13.41, "amount": 1.0, "side": "buy", "timestamp": 1765496960975}, {"id": "529092978", "price": 13.409, "amount": 9.0, "side": "sell", "timestamp": 1765496961411}, {"id": "529092979", "price": 13.41, "amount": 33.0, "side": "buy", "timestamp": 1765496961589}, {"id": "529092980", "price": 13.411, "amount": 387.0, "side": "buy", "timestamp": 1765496961590}, {"id": "529092981", "price": 13.412, "amount": 22.0, "side": "buy", "timestamp": 1765496961696}, {"id": "529092982", "price": 13.413, "amount": 32.0, "side": "buy", "timestamp": 1765496962100}, {"id": "529092983", "price": 13.414, "amount": 4.0, "side": "buy", "timestamp": 1765496965222}, {"id": "529092984", "price": 13.415, "amount": 193.0, "side": "buy", "timestamp": 1765496965326}, {"id": "529092985", "price": 13.415, "amount": 1.0, "side": "sell", "timestamp": 1765496970800}, {"id": "529092986", "price": 13.415, "amount": 2.0, "side": "sell", "timestamp": 1765496970958}, {"id": "529092987", "price": 13.416, "amount": 470.0, "side": "buy", "timestamp": 1765496974120}, {"id": "529092988", "price": 13.417, "amount": 16.0, "side": "buy", "timestamp": 1765496974195}, {"id": "529092989", "price": 13.417, "amount": 295.0, "side": "sell", "timestamp": 1765496976840}, {"id": "529092990", "price": 13.416, "amount": 1.0, "side": "sell", "timestamp": 1765496977057}, {"id": "529092991", "price": 13.416, "amount": 209.0, "side": "sell", "timestamp": 1765496977401}, {"id": "529092992", "price": 13.415, "amount": 297.0, "side": "sell", "timestamp": 1765496977401}, {"id": "529092993", "price": 13.415, "amount": 28.0, "side": "sell", "timestamp": 1765496979910}, {"id": "529093006", "price": 13.408, "amount": 1.0, "side": "sell", "timestamp": 1765496985472}, {"id": "529093007", "price": 13.409, "amount": 1.0, "side": "buy", "timestamp": 1765496985656}, {"id": "529093008", "price": 13.409, "amount": 22.0, "side": "buy", "timestamp": 1765496985792}, {"id": "529093009", "price": 13.41, "amount": 9.0, "side": "buy", "timestamp": 1765496985795}, {"id": "529093010", "price": 13.41, "amount": 1.0, "side": "buy", "timestamp": 1765496987723}, {"id": "529093011", "price": 13.41, "amount": 150.0, "side": "buy", "timestamp": 1765496991768}, {"id": "529093012", "price": 13.41, "amount": 71.0, "side": "buy", "timestamp": 1765496993416}, {"id": "529093013", "price": 13.41, "amount": 187.0, "side": "buy", "timestamp": 1765496997137}, {"id": "529093014", "price": 13.411, "amount": 245.0, "side": "buy", "timestamp": 1765496997139}, {"id": "529093015", "price": 13.412, "amount": 5.0, "side": "buy", "timestamp": 1765496997143}, {"id": "529093016", "price": 13.413, "amount": 9.0, "side": "buy", "timestamp": 1765496997146}, {"id": "529093017", "price": 13.414, "amount": 71.0, "side": "buy", "timestamp": 1765497000529}, {"id": "529093018", "price": 13.415, "amount": 33.0, "side": "buy", "timestamp": 1765497001329}, {"id": "529093019", "price": 13.416, "amount": 14.0, "side": "buy", "timestamp": 1765497001410}, {"id": "529093020", "price": 13.416, "amount": 2.0, "side": "sell", "timestamp": 1765497003290}, {"id": "529093021", "price": 13.416, "amount": 76.0, "side": "sell", "timestamp": 1765497003465}, {"id": "529093022", "price": 13.415, "amount": 6.0, "side": "sell", "timestamp": 1765497004328}, {"id": "529093023", "price": 13.415, "amount": 1.0, "side": "buy", "timestamp": 1765497004406}, {"id": "529093024", "price": 13.415, "amount": 22.0, "side": "buy", "timestamp": 1765497004616}, {"id": "529093025", "price": 13.415, "amount": 1.0, "side": "buy", "timestamp": 1765497004744}, {"id": "529093026", "price": 13.415, "amount": 4.0, "side": "buy", "timestamp": 1765497004918}, {"id": "529093027", "price": 13.415, "amount": 1.0, "side": "buy", "timestamp": 1765497005045}, {"id": "529093028", "price": 13.415, "amount": 2.0, "side": "buy", "timestamp": 1765497005152}, {"id": "529093029", "price": 13.415, "amount": 2.0, "side": "buy", "timestamp": 1765497005387}, {"id": "529093030", "price": 13.415, "amount": 190.0, "side": "buy", "timestamp": 1765497005764}, {"id": "529093031", "price": 13.416, "amount": 128.0, "side": "buy", "timestamp": 1765497005773}, {"id": "529093032", "price": 13.416, "amount": 13.0, "side": "sell", "timestamp": 1765497006612}, {"id": "529093033", "price": 13.416, "amount": 5.0, "side": "sell", "timestamp": 1765497006951}, {"id": "529093034", "price": 13.416, "amount": 5.0, "side": "sell", "timestamp": 1765497009531}, {"id": "529093035", "price": 13.416, "amount": 2.0, "side": "sell", "timestamp": 1765497009764}, {"id": "529093036", "price": 13.416, "amount": 1.0, "side": "sell", "timestamp": 1765497009900}, {"id": "529093037", "price": 13.416, "amount": 176.0, "side": "sell", "timestamp": 1765497010849}, {"id": "529093038", "price": 13.415, "amount": 2.0, "side": "sell", "timestamp": 1765497011174}, {"id": "529093039", "price": 13.415, "amount": 1.0, "side": "sell", "timestamp": 1765497015899}, {"id": "529093040", "price": 13.415, "amount": 109.0, "side": "sell", "timestamp": 1765497017670}, {"id": "529093041", "price": 13.414, "amount": 125.0, "side": "sell", "timestamp": 1765497017798}, {"id": "529093042", "price": 13.413, "amount": 14.0, "side": "sell", "timestamp": 1765497017851}, {"id": "529093043", "price": 13.413, "amount": 25.0, "side": "buy", "timestamp": 1765497021264}, {"id": "529093044", "price": 13.413, "amount": 137.0, "side": "buy", "timestamp": 1765497023506}, {"id": "529093045", "price": 13.414, "amount": 3.0, "side": "buy", "timestamp": 1765497023588}, {"id": "529093046", "price": 13.415, "amount": 4.0, "side": "buy", "timestamp": 1765497023726}, {"id": "529093047", "price": 13.416, "amount": 20.0, "side": "buy", "timestamp": 1765497025096}, {"id": "529093048", "price": 13.416, "amount": 11.0, "side": "buy", "timestamp": 1765497026595}, {"id": "529093049", "price": 13.416, "amount": 3.0, "side": "buy", "timestamp": 1765497026729}, {"id": "529093050", "price": 13.415, "amount": 1.0, "side": "sell", "timestamp": 1765497028473}, {"id": "529093051", "price": 13.416, "amount": 191.0, "side": "buy", "timestamp": 1765497030493}, {"id": "529093052", "price": 13.417, "amount": 215.0, "side": "buy", "timestamp": 1765497030496}, {"id": "529093053", "price": 13.418, "amount": 10.0, "side": "buy", "timestamp": 1765497030544}, {"id": "529093054", "price": 13.418, "amount": 1.0, "side": "sell", "timestamp": 1765497030943}, {"id": "529093055", "price": 13.419, "amount": 52.0, "side": "buy", "timestamp": 1765497034412}, {"id": "529093087", "price": 13.426, "amount": 1.0, "side": "sell", "timestamp": 1765497056196}, {"id": "529093088", "price": 13.426, "amount": 7.0, "side": "sell", "timestamp": 1765497056911}, {"id": "529093089", "price": 13.427, "amount": 2.0, "side": "buy", "timestamp": 1765497056926}, {"id": "529093090", "price": 13.428, "amount": 11.0, "side": "buy", "timestamp": 1765497057999}, {"id": "529093091", "price": 13.429, "amount": 1.0, "side": "buy", "timestamp": 1765497057999}, {"id": "529093092", "price": 13.429, "amount": 438.0, "side": "buy", "timestamp": 1765497059018}, {"id": "529093093", "price": 13.429, "amount": 2.0, "side": "sell", "timestamp": 1765497059581}, {"id": "529093094", "price": 13.429, "amount": 1.0, "side": "sell", "timestamp": 1765497059720}, {"id": "529093095", "price": 13.429, "amount": 192.0, "side": "sell", "timestamp": 1765497061025}, {"id": "529093096", "price": 13.428, "amount": 25.0, "side": "sell", "timestamp": 1765497061264}, {"id": "529093097", "price": 13.427, "amount": 3.0, "side": "sell", "timestamp": 1765497062162}, {"id": "529093098", "price": 13.427, "amount": 3.0, "side": "sell", "timestamp": 1765497062335}, {"id": "529093099", "price": 13.427, "amount": 20.0, "side": "sell", "timestamp": 1765497063511}, {"id": "529093100", "price": 13.428, "amount": 1.0, "side": "buy", "timestamp": 1765497064227}, {"id": "529093101", "price": 13.428, "amount": 2.0, "side": "buy", "timestamp": 1765497064447}, {"id": "529093102", "price": 13.428, "amount": 1.0, "side": "buy", "timestamp": 1765497064606}, {"id": "529093103", "price": 13.428, "amount": 4.0, "side": "buy", "timestamp": 1765497064752}, {"id": "529093104", "price": 13.428, "amount": 5.0, "side": "buy", "timestamp": 1765497064855}, {"id": "529093105", "price": 13.428, "amount": 1.0, "side": "buy", "timestamp": 1765497065023}, {"id": "529093106", "price": 13.428, "amount": 1.0, "side": "buy", "timestamp": 1765497065242}, {"id": "529093107", "price": 13.428, "amount": 2.0, "side": "buy", "timestamp": 1765497065383}, {"id": "529093108", "price": 13.428, "amount": 2.0, "side": "buy", "timestamp": 1765497065596}, {"id": "529093109", "price": 13.427, "amount": 1.0, "side": "sell", "timestamp": 1765497067624}, {"id": "529093110", "price": 13.428, "amount": 9.0, "side": "buy", "timestamp": 1765497068657}, {"id": "529093111", "price": 13.428, "amount": 171.0, "side": "buy", "timestamp": 1765497070604}, {"id": "529093112", "price": 13.429, "amount": 1.0, "side": "buy", "timestamp": 1765497071167}, {"id": "529093113", "price": 13.429, "amount": 13.0, "side": "buy", "timestamp": 1765497074928}, {"id": "529093114", "price": 13.429, "amount": 20.0, "side": "buy", "timestamp": 1765497075374}, {"id": "529093115", "price": 13.43, "amount": 552.0, "side": "buy", "timestamp": 1765497075387}, {"id": "529093116", "price": 13.43, "amount": 1.0, "side": "sell", "timestamp": 1765497075432}, {"id": "529093117", "price": 13.431, "amount": 19.0, "side": "buy", "timestamp": 1765497075494}, {"id": "529093118", "price": 13.432, "amount": 42.0, "side": "buy", "timestamp": 1765497075498}, {"id": "529093119", "price": 13.433, "amount": 14.0, "side": "buy", "timestamp": 1765497075498}, {"id": "529093120", "price": 13.434, "amount": 31.0, "side": "buy", "timestamp": 1765497075498}, {"id": "529093121", "price": 13.433, "amount": 14.0, "side": "sell", "timestamp": 1765497075560}, {"id": "529093122", "price": 13.434, "amount": 50.0, "side": "buy", "timestamp": 1765497075637}, {"id": "529093123", "price": 13.433, "amount": 1.0, "side": "sell", "timestamp": 1765497076395}, {"id": "529093124", "price": 13.433, "amount": 1.0, "side": "sell", "timestamp": 1765497076823}, {"id": "529093125", "price": 13.434, "amount": 7.0, "side": "buy", "timestamp": 1765497077025}, {"id": "529093126", "price": 13.434, "amount": 90.0, "side": "buy", "timestamp": 1765497077392}, {"id": "529093127", "price": 13.435, "amount": 39.0, "side": "buy", "timestamp": 1765497077396}, {"id": "529093128", "price": 13.434, "amount": 1.0, "side": "sell", "timestamp": 1765497077685}, {"id": "529093129", "price": 13.435, "amount": 2.0, "side": "buy", "timestamp": 1765497079765}, {"id": "529093130", "price": 13.435, "amount": 2.0, "side": "buy", "timestamp": 1765497082678}, {"id": "529093131", "price": 13.435, "amount": 258.0, "side": "buy", "timestamp": 1765497083427}, {"id": "529093132", "price": 13.436, "amount": 178.0, "side": "buy", "timestamp": 1765497085261}, {"id": "529093133", "price": 13.436, "amount": 29.0, "side": "buy", "timestamp": 1765497089064}, {"id": "529093134", "price": 13.437, "amount": 9.0, "side": "buy", "timestamp": 1765497089134}, {"id": "529093135", "price": 13.437, "amount": 425.0, "side": "sell", "timestamp": 1765497089338}, {"id": "529093136", "price": 13.437, "amount": 27.0, "side": "buy", "timestamp": 1765497089405}, {"id": "529093137", "price": 13.436, "amount": 126.0, "side": "sell", "timestamp": 1765497091275}, {"id": "529093138", "price": 13.436, "amount": 1.0, "side": "sell", "timestamp": 1765497091442}, {"id": "529093139", "price": 13.436, "amount": 14.0, "side": "buy", "timestamp": 1765497091980}, {"id": "529093140", "price": 13.437, "amount": 4.0, "side": "buy", "timestamp": 1765497092084}, {"id": "529093141", "price": 13.438, "amount": 1.0, "side": "buy", "timestamp": 1765497092738}, {"id": "529093142", "price": 13.437, "amount": 1.0, "side": "sell", "timestamp": 1765497095720}, {"id": "529093143", "price": 13.438, "amount": 1.0, "side": "buy", "timestamp": 1765497095924}, {"id": "529093144", "price": 13.438, "amount": 7.0, "side": "buy", "timestamp": 1765497096151}, {"id": "529093145", "price": 13.437, "amount": 339.0, "side": "sell", "timestamp": 1765497097435}, {"id": "529093146", "price": 13.436, "amount": 4.0, "side": "sell", "timestamp": 1765497097438}, {"id": "529093147", "price": 13.436, "amount": 3.0, "side": "buy", "timestamp": 1765497099787}, {"id": "529093148", "price": 13.435, "amount": 36.0, "side": "sell", "timestamp": 1765497106374}, {"id": "529093149", "price": 13.434, "amount": 8.0, "side": "sell", "timestamp": 1765497106443}, {"id": "529093150", "price": 13.434, "amount": 202.0, "side": "buy", "timestamp": 1765497109159}, {"id": "529093151", "price": 13.435, "amount": 483.0, "side": "buy", "timestamp": 1765497109159}, {"id": "529093152", "price": 13.436, "amount": 195.0, "side": "buy", "timestamp": 1765497109205}, {"id": "529093153", "price": 13.437, "amount": 2.0, "side": "buy", "timestamp": 1765497109368}, {"id": "529093154", "price": 13.438, "amount": 63.0, "side": "buy", "timestamp": 1765497109474}, {"id": "529093155", "price": 13.439, "amount": 11.0, "side": "buy", "timestamp": 1765497109633}, {"id": "529093156", "price": 13.44, "amount": 27.0, "side": "buy", "timestamp": 1765497110045}, {"id": "529093157", "price": 13.441, "amount": 1.0, "side": "buy", "timestamp": 1765497110240}, {"id": "529093158", "price": 13.44, "amount": 385.0, "side": "sell", "timestamp": 1765497110259}, {"id": "529093159", "price": 13.44, "amount": 41.0, "side": "sell", "timestamp": 1765497112240}, {"id": "529093160", "price": 13.439, "amount": 3.0, "side": "sell", "timestamp": 1765497112410}, {"id": "529093161", "price": 13.438, "amount": 1.0, "side": "sell", "timestamp": 1765497114271}, {"id": "529093162", "price": 13.438, "amount": 6.0, "side": "sell", "timestamp": 1765497122071}, {"id": "529093163", "price": 13.439, "amount": 1.0, "side": "buy", "timestamp": 1765497124850}, {"id": "529093164", "price": 13.439, "amount": 3.0, "side": "buy", "timestamp": 1765497124963}, {"id": "529093165", "price": 13.438, "amount": 2.0, "side": "sell", "timestamp": 1765497125294}, {"id": "529093166", "price": 13.438, "amount": 1.0, "side": "sell", "timestamp": 1765497125405}, {"id": "529093167", "price": 13.439, "amount": 2.0, "side": "buy", "timestamp": 1765497125600}, {"id": "529093168", "price": 13.439, "amount": 1.0, "side": "buy", "timestamp": 1765497125755}, {"id": "529093169", "price": 13.439, "amount": 1.0, "side": "sell", "timestamp": 1765497128734}, {"id": "529093170", "price": 13.439, "amount": 3.0, "side": "sell", "timestamp": 1765497131113}, {"id": "529093171", "price": 13.439, "amount": 135.0, "side": "sell", "timestamp": 1765497131366}, {"id": "529093172", "price": 13.438, "amount": 161.0, "side": "sell", "timestamp": 1765497131657}, {"id": "529093173", "price": 13.437, "amount": 23.0, "side": "sell", "timestamp": 1765497131672}, {"id": "529093174", "price": 13.436, "amount": 2.0, "side": "sell", "timestamp": 1765497131879}, {"id": "529093175", "price": 13.435, "amount": 212.0, "side": "sell", "timestamp": 1765497132481}, {"id": "529093176", "price": 13.434, "amount": 9.0, "side": "sell", "timestamp": 1765497134003}, {"id": "529093177", "price": 13.433, "amount": 3.0, "side": "sell", "timestamp": 1765497135041}, {"id": "529093178", "price": 13.433, "amount": 1.0, "side": "sell", "timestamp": 1765497135484}, {"id": "529093179", "price": 13.434, "amount": 1.0, "side": "buy", "timestamp": 1765497136870}, {"id": "529093180", "price": 13.433, "amount": 37.0, "side": "sell", "timestamp": 1765497138669}, {"id": "529093181", "price": 13.432, "amount": 1.0, "side": "sell", "timestamp": 1765497139788}, {"id": "529093182", "price": 13.432, "amount": 4.0, "side": "sell", "timestamp": 1765497140237}, {"id": "529093183", "price": 13.432, "amount": 50.0, "side": "sell", "timestamp": 1765497141895}, {"id": "529093184", "price": 13.431, "amount": 10.0, "side": "sell", "timestamp": 1765497141962}, {"id": "529093185", "price": 13.43, "amount": 6.0, "side": "sell", "timestamp": 1765497141965}, {"id": "529093186", "price": 13.429, "amount": 22.0, "side": "sell", "timestamp": 1765497141969}, {"id": "529093190", "price": 13.428, "amount": 20.0, "side": "sell", "timestamp": 1765497146650}, {"id": "529093191", "price": 13.427, "amount": 37.0, "side": "sell", "timestamp": 1765497147107}, {"id": "529093192", "price": 13.426, "amount": 38.0, "side": "sell", "timestamp": 1765497149216}, {"id": "529093193", "price": 13.427, "amount": 12.0, "side": "sell", "timestamp": 1765497149499}, {"id": "529093194", "price": 13.426, "amount": 2.0, "side": "sell", "timestamp": 1765497150265}, {"id": "529093195", "price": 13.426, "amount": 187.0, "side": "sell", "timestamp": 1765497152818}, {"id": "529093196", "price": 13.425, "amount": 17.0, "side": "sell", "timestamp": 1765497153630}, {"id": "529093197", "price": 13.425, "amount": 1.0, "side": "buy", "timestamp": 1765497153665}, {"id": "529093198", "price": 13.424, "amount": 248.0, "side": "sell", "timestamp": 1765497154322}, {"id": "529093199", "price": 13.423, "amount": 25.0, "side": "sell", "timestamp": 1765497154378}, {"id": "529093200", "price": 13.422, "amount": 1.0, "side": "sell", "timestamp": 1765497154663}, {"id": "529093201", "price": 13.422, "amount": 27.0, "side": "sell", "timestamp": 1765497154773}, {"id": "529093202", "price": 13.421, "amount": 1.0, "side": "sell", "timestamp": 1765497155086}, {"id": "529093203", "price": 13.422, "amount": 1.0, "side": "buy", "timestamp": 1765497157276}, {"id": "529093204", "price": 13.421, "amount": 2.0, "side": "sell", "timestamp": 1765497159588}, {"id": "529093205", "price": 13.422, "amount": 174.0, "side": "buy", "timestamp": 1765497162323}, {"id": "529093206", "price": 13.423, "amount": 57.0, "side": "buy", "timestamp": 1765497162743}, {"id": "529093207", "price": 13.422, "amount": 1.0, "side": "sell", "timestamp": 1765497164065}, {"id": "529093208", "price": 13.422, "amount": 5.0, "side": "sell", "timestamp": 1765497164298}, {"id": "529093209", "price": 13.423, "amount": 10.0, "side": "buy", "timestamp": 1765497164384}, {"id": "529093210", "price": 13.422, "amount": 3.0, "side": "sell", "timestamp": 1765497164983}, {"id": "529093211", "price": 13.422, "amount": 1.0, "side": "sell", "timestamp": 1765497167720}, {"id": "529093212", "price": 13.422, "amount": 4.0, "side": "sell", "timestamp": 1765497170102}, {"id": "529093213", "price": 13.422, "amount": 323.0, "side": "sell", "timestamp": 1765497170973}, {"id": "529093214", "price": 13.422, "amount": 38.0, "side": "buy", "timestamp": 1765497171079}, {"id": "529093215", "price": 13.422, "amount": 4.0, "side": "buy", "timestamp": 1765497175671}, {"id": "529093216", "price": 13.422, "amount": 152.0, "side": "buy", "timestamp": 1765497177102}, {"id": "529093217", "price": 13.422, "amount": 2.0, "side": "sell", "timestamp": 1765497177172}, {"id": "529093218", "price": 13.422, "amount": 6.0, "side": "sell", "timestamp": 1765497178595}, {"id": "529093219", "price": 13.422, "amount": 1.0, "side": "sell", "timestamp": 1765497179927}, {"id": "529093220", "price": 13.423, "amount": 3.0, "side": "buy", "timestamp": 1765497180488}, {"id": "529093221", "price": 13.423, "amount": 153.0, "side": "buy", "timestamp": 1765497180879}, {"id": "529093222", "price": 13.424, "amount": 2.0, "side": "buy", "timestamp": 1765497180925}, {"id": "529093223", "price": 13.425, "amount": 10.0, "side": "buy", "timestamp": 1765497180925}, {"id": "529093224", "price": 13.425, "amount": 223.0, "side": "sell", "timestamp": 1765497181343}, {"id": "529093225", "price": 13.424, "amount": 1.0, "side": "sell", "timestamp": 1765497181917}, {"id": "529093226", "price": 13.424, "amount": 178.0, "side": "sell", "timestamp": 1765497182890}, {"id": "529093227", "price": 13.423, "amount": 1.0, "side": "sell", "timestamp": 1765497182944}, {"id": "529093228", "price": 13.423, "amount": 1.0, "side": "buy", "timestamp": 1765497183375}, {"id": "529093229", "price": 13.422, "amount": 1.0, "side": "sell", "timestamp": 1765497183746}, {"id": "529093230", "price": 13.423, "amount": 2.0, "side": "buy", "timestamp": 1765497184823}, {"id": "529093231", "price": 13.423, "amount": 4.0, "side": "buy", "timestamp": 1765497184958}, {"id": "529093232", "price": 13.423, "amount": 1.0, "side": "buy", "timestamp": 1765497185176}, {"id": "529093233", "price": 13.423, "amount": 2.0, "side": "buy", "timestamp": 1765497185388}, {"id": "529093234", "price": 13.423, "amount": 1.0, "side": "buy", "timestamp": 1765497185612}, {"id": "529093235", "price": 13.423, "amount": 3.0, "side": "buy", "timestamp": 1765497185766}, {"id": "529093236", "price": 13.423, "amount": 1.0, "side": "buy", "timestamp": 1765497185884}, {"id": "529093237", "price": 13.422, "amount": 1.0, "side": "sell", "timestamp": 1765497189446}, {"id": "529093238", "price": 13.423, "amount": 22.0, "side": "sell", "timestamp": 1765497191761}, {"id": "529093239", "price": 13.423, "amount": 6.0, "side": "buy", "timestamp": 1765497194926}, {"id": "529093247", "price": 13.418, "amount": 1.0, "side": "buy", "timestamp": 1765497199633}, {"id": "529093248", "price": 13.418, "amount": 26.0, "side": "buy", "timestamp": 1765497199755}, {"id": "529093249", "price": 13.419, "amount": 9.0, "side": "buy", "timestamp": 1765497200316}, {"id": "529093250", "price": 13.418, "amount": 1.0, "side": "sell", "timestamp": 1765497203724}, {"id": "529093251", "price": 13.419, "amount": 29.0, "side": "buy", "timestamp": 1765497205170}, {"id": "529093252", "price": 13.42, "amount": 6.0, "side": "buy", "timestamp": 1765497205174}, {"id": "529093253", "price": 13.42, "amount": 9.0, "side": "sell", "timestamp": 1765497206054}, {"id": "529093254", "price": 13.42, "amount": 38.0, "side": "buy", "timestamp": 1765497208585}, {"id": "529093255", "price": 13.42, "amount": 3.0, "side": "buy", "timestamp": 1765497211349}, {"id": "529093256", "price": 13.419, "amount": 30.0, "side": "sell", "timestamp": 1765497211687}, {"id": "529093257", "price": 13.419, "amount": 48.0, "side": "sell", "timestamp": 1765497213206}, {"id": "529093258", "price": 13.418, "amount": 4.0, "side": "sell", "timestamp": 1765497213411}, {"id": "529093259", "price": 13.417, "amount": 5.0, "side": "sell", "timestamp": 1765497216669}, {"id": "529093260", "price": 13.418, "amount": 102.0, "side": "buy", "timestamp": 1765497218853}, {"id": "529093261", "price": 13.417, "amount": 233.0, "side": "sell", "timestamp": 1765497220417}, {"id": "529093262", "price": 13.416, "amount": 180.0, "side": "sell", "timestamp": 1765497222032}, {"id": "529093263", "price": 13.415, "amount": 1808.0, "side": "sell", "timestamp": 1765497223140}, {"id": "529093264", "price": 13.414, "amount": 4.0, "side": "sell", "timestamp": 1765497223145}, {"id": "529093265", "price": 13.413, "amount": 40.0, "side": "sell", "timestamp": 1765497229095}, {"id": "529093266", "price": 13.412, "amount": 6.0, "side": "sell", "timestamp": 1765497232752}, {"id": "529093267", "price": 13.413, "amount": 232.0, "side": "buy", "timestamp": 1765497233674}, {"id": "529093268", "price": 13.414, "amount": 20.0, "side": "buy", "timestamp": 1765497233698}, {"id": "529093269", "price": 13.414, "amount": 1.0, "side": "buy", "timestamp": 1765497234259}, {"id": "529093270", "price": 13.413, "amount": 3.0, "side": "sell", "timestamp": 1765497234967}, {"id": "529093271", "price": 13.414, "amount": 10.0, "side": "buy", "timestamp": 1765497235725}, {"id": "529093272", "price": 13.414, "amount": 1.0, "side": "buy", "timestamp": 1765497239722}, {"id": "529093273", "price": 13.413, "amount": 2.0, "side": "sell", "timestamp": 1765497239935}, {"id": "529093274", "price": 13.413, "amount": 9.0, "side": "sell", "timestamp": 1765497241378}, {"id": "529093275", "price": 13.413, "amount": 251.0, "side": "sell", "timestamp": 1765497242325}, {"id": "529093276", "price": 13.412, "amount": 18.0, "side": "sell", "timestamp": 1765497242475}, {"id": "529093277", "price": 13.411, "amount": 257.0, "side": "sell", "timestamp": 1765497243695}, {"id": "529093278", "price": 13.41, "amount": 1.0, "side": "sell", "timestamp": 1765497244549}, {"id": "529093279", "price": 13.411, "amount": 3.0, "side": "buy", "timestamp": 1765497244601}, {"id": "529093280", "price": 13.411, "amount": 1.0, "side": "buy", "timestamp": 1765497244761}, {"id": "529093281", "price": 13.411, "amount": 1.0, "side": "buy", "timestamp": 1765497244868}, {"id": "529093282", "price": 13.41, "amount": 122.0, "side": "sell", "timestamp": 1765497245270}, {"id": "529093283", "price": 13.41, "amount": 1.0, "side": "buy", "timestamp": 1765497245283}, {"id": "529093284", "price": 13.409, "amount": 84.0, "side": "sell", "timestamp": 1765497245393}, {"id": "529093285", "price": 13.409, "amount": 1.0, "side": "buy", "timestamp": 1765497245482}, {"id": "529093286", "price": 13.408, "amount": 85.0, "side": "sell", "timestamp": 1765497245668}, {"id": "529093287", "price": 13.407, "amount": 56.0, "side": "sell", "timestamp": 1765497245693}, {"id": "529093288", "price": 13.406, "amount": 44.0, "side": "sell", "timestamp": 1765497245808}, {"id": "529093289", "price": 13.406, "amount": 1.0, "side": "buy", "timestamp": 1765497245866}, {"id": "529093290", "price": 13.406, "amount": 3.0, "side": "buy", "timestamp": 1765497245980}, {"id": "529093291", "price": 13.405, "amount": 234.0, "side": "sell", "timestamp": 1765497246203}, {"id": "529093292", "price": 13.404, "amount": 9.0, "side": "sell", "timestamp": 1765497247319}, {"id": "529093293", "price": 13.405, "amount": 1.0, "side": "buy", "timestamp": 1765497247406}, {"id": "529093294", "price": 13.405, "amount": 12.0, "side": "buy", "timestamp": 1765497248165}, {"id": "529093295", "price": 13.405, "amount": 325.0, "side": "buy", "timestamp": 1765497248557}, {"id": "529093296", "price": 13.406, "amount": 21.0, "side": "buy", "timestamp": 1765497248560}, {"id": "529093311", "price": 13.409, "amount": 256.0, "side": "sell", "timestamp": 1765497266612}, {"id": "529093312", "price": 13.408, "amount": 1.0, "side": "sell", "timestamp": 1765497266620}, {"id": "529093313", "price": 13.407, "amount": 9.0, "side": "sell", "timestamp": 1765497266626}, {"id": "529093314", "price": 13.406, "amount": 18.0, "side": "sell", "timestamp": 1765497266629}, {"id": "529093315", "price": 13.406, "amount": 5.0, "side": "sell", "timestamp": 1765497267156}, {"id": "529093316", "price": 13.405, "amount": 77.0, "side": "sell", "timestamp": 1765497268770}, {"id": "529093317", "price": 13.404, "amount": 118.0, "side": "sell", "timestamp": 1765497269272}, {"id": "529093318", "price": 13.403, "amount": 12.0, "side": "sell", "timestamp": 1765497269286}, {"id": "529093319", "price": 13.402, "amount": 11.0, "side": "sell", "timestamp": 1765497270166}, {"id": "529093320", "price": 13.401, "amount": 71.0, "side": "sell", "timestamp": 1765497270175}, {"id": "529093321", "price": 13.401, "amount": 2.0, "side": "buy", "timestamp": 1765497270732}, {"id": "529093322", "price": 13.4, "amount": 95.0, "side": "sell", "timestamp": 1765497270808}, {"id": "529093323", "price": 13.399, "amount": 97.0, "side": "sell", "timestamp": 1765497270913}, {"id": "529093324", "price": 13.398, "amount": 84.0, "side": "sell", "timestamp": 1765497270950}, {"id": "529093325", "price": 13.398, "amount": 241.0, "side": "sell", "timestamp": 1765497271357}, {"id": "529093326", "price": 13.397, "amount": 8.0, "side": "sell", "timestamp": 1765497271412}, {"id": "529093327", "price": 13.397, "amount": 14.0, "side": "buy", "timestamp": 1765497273252}, {"id": "529093328", "price": 13.397, "amount": 15.0, "side": "buy", "timestamp": 1765497275726}, {"id": "529093329", "price": 13.397, "amount": 1.0, "side": "buy", "timestamp": 1765497277351}, {"id": "529093330", "price": 13.396, "amount": 1.0, "side": "sell", "timestamp": 1765497277351}, {"id": "529093331", "price": 13.397, "amount": 230.0, "side": "buy", "timestamp": 1765497278008}, {"id": "529093332", "price": 13.398, "amount": 4.0, "side": "buy", "timestamp": 1765497278017}, {"id": "529093333", "price": 13.399, "amount": 38.0, "side": "buy", "timestamp": 1765497281665}, {"id": "529093334", "price": 13.4, "amount": 22.0, "side": "buy", "timestamp": 1765497282000}, {"id": "529093335", "price": 13.4, "amount": 1.0, "side": "sell", "timestamp": 1765497283972}, {"id": "529093336", "price": 13.401, "amount": 217.0, "side": "buy", "timestamp": 1765497286695}, {"id": "529093337", "price": 13.402, "amount": 15.0, "side": "buy", "timestamp": 1765497287508}, {"id": "529093338", "price": 13.403, "amount": 28.0, "side": "buy", "timestamp": 1765497287517}, {"id": "529093339", "price": 13.403, "amount": 7959.0, "side": "sell", "timestamp": 1765497288503}, {"id": "529093340", "price": 13.402, "amount": 3154.0, "side": "sell", "timestamp": 1765497288503}, {"id": "529093341", "price": 13.401, "amount": 941.0, "side": "sell", "timestamp": 1765497288503}, {"id": "529093342", "price": 13.402, "amount": 38.0, "side": "buy", "timestamp": 1765497288699}, {"id": "529093343", "price": 13.402, "amount": 1.0, "side": "buy", "timestamp": 1765497289763}, {"id": "529093344", "price": 13.403, "amount": 1.0, "side": "buy", "timestamp": 1765497289969}, {"id": "529093345", "price": 13.404, "amount": 4.0, "side": "buy", "timestamp": 1765497291606}, {"id": "529093346", "price": 13.405, "amount": 71.0, "side": "buy", "timestamp": 1765497291606}, {"id": "529093347", "price": 13.406, "amount": 259.0, "side": "buy", "timestamp": 1765497291609}, {"id": "529093348", "price": 13.406, "amount": 93.0, "side": "sell", "timestamp": 1765497294057}, {"id": "529093349", "price": 13.407, "amount": 3.0, "side": "buy", "timestamp": 1765497296030}, {"id": "529093350", "price": 13.407, "amount": 1.0, "side": "buy", "timestamp": 1765497299321}, {"id": "529093351", "price": 13.406, "amount": 1.0, "side": "sell", "timestamp": 1765497299986}, {"id": "529093352", "price": 13.406, "amount": 4.0, "side": "sell", "timestamp": 1765497300193}, {"id": "529093353", "price": 13.407, "amount": 2.0, "side": "buy", "timestamp": 1765497301321}, {"id": "529093354", "price": 13.406, "amount": 1.0, "side": "sell", "timestamp": 1765497301453}, {"id": "529093355", "price": 13.407, "amount": 2.0, "side": "buy", "timestamp": 1765497301638}, {"id": "529093356", "price": 13.406, "amount": 7.0, "side": "sell", "timestamp": 1765497302014}, {"id": "529093357", "price": 13.407, "amount": 448.0, "side": "buy", "timestamp": 1765497302522}, {"id": "529093358", "price": 13.408, "amount": 7.0, "side": "buy", "timestamp": 1765497302540}, {"id": "529093359", "price": 13.409, "amount": 80.0, "side": "buy", "timestamp": 1765497302630}, {"id": "529093360", "price": 13.41, "amount": 1.0, "side": "buy", "timestamp": 1765497302712}, {"id": "529093365", "price": 13.413, "amount": 132.0, "side": "buy", "timestamp": 1765497303694}, {"id": "529093366", "price": 13.414, "amount": 162.0, "side": "buy", "timestamp": 1765497304165}, {"id": "529093367", "price": 13.415, "amount": 1.0, "side": "buy", "timestamp": 1765497304247}, {"id": "529093368", "price": 13.415, "amount": 3.0, "side": "buy", "timestamp": 1765497304724}, {"id": "529093369", "price": 13.415, "amount": 2.0, "side": "buy", "timestamp": 1765497304864}, {"id": "529093370", "price": 13.415, "amount": 4.0, "side": "buy", "timestamp": 1765497305427}, {"id": "529093371", "price": 13.415, "amount": 90.0, "side": "buy", "timestamp": 1765497305549}, {"id": "529093372", "price": 13.416, "amount": 20.0, "side": "buy", "timestamp": 1765497305549}, {"id": "529093373", "price": 13.416, "amount": 18.0, "side": "buy", "timestamp": 1765497305658}, {"id": "529093374", "price": 13.416, "amount": 4.0, "side": "buy", "timestamp": 1765497305989}, {"id": "529093375", "price": 13.416, "amount": 1.0, "side": "buy", "timestamp": 1765497306228}, {"id": "529093376", "price": 13.415, "amount": 1.0, "side": "sell", "timestamp": 1765497308316}, {"id": "529093377", "price": 13.416, "amount": 205.0, "side": "buy", "timestamp": 1765497310760}, {"id": "529093378", "price": 13.417, "amount": 14.0, "side": "buy", "timestamp": 1765497311310}, {"id": "529093379", "price": 13.416, "amount": 1.0, "side": "sell", "timestamp": 1765497311719}, {"id": "529093380", "price": 13.416, "amount": 26.0, "side": "sell", "timestamp": 1765497311831}, {"id": "529093381", "price": 13.416, "amount": 5.0, "side": "sell", "timestamp": 1765497315683}, {"id": "529093382", "price": 13.417, "amount": 1.0, "side": "buy", "timestamp": 1765497316438}, {"id": "529093383", "price": 13.416, "amount": 1.0, "side": "sell", "timestamp": 1765497316920}, {"id": "529093384", "price": 13.416, "amount": 12.0, "side": "sell", "timestamp": 1765497321599}, {"id": "529093385", "price": 13.416, "amount": 1.0, "side": "sell", "timestamp": 1765497322259}, {"id": "529093386", "price": 13.416, "amount": 1.0, "side": "sell", "timestamp": 1765497322905}, {"id": "529093387", "price": 13.417, "amount": 1.0, "side": "buy", "timestamp": 1765497323371}, {"id": "529093388", "price": 13.416, "amount": 1.0, "side": "sell", "timestamp": 1765497324848}, {"id": "529093389", "price": 13.417, "amount": 51.0, "side": "buy", "timestamp": 1765497325443}, {"id": "529093390", "price": 13.418, "amount": 279.0, "side": "buy", "timestamp": 1765497327288}, {"id": "529093391", "price": 13.419, "amount": 9.0, "side": "buy", "timestamp": 1765497327323}, {"id": "529093392", "price": 13.42, "amount": 5.0, "side": "buy", "timestamp": 1765497327369}, {"id": "529093393", "price": 13.421, "amount": 45.0, "side": "buy", "timestamp": 1765497327450}, {"id": "529093394", "price": 13.421, "amount": 128.0, "side": "buy", "timestamp": 1765497327616}, {"id": "529093395", "price": 13.421, "amount": 1.0, "side": "sell", "timestamp": 1765497329803}, {"id": "529093396", "price": 13.421, "amount": 135.0, "side": "sell", "timestamp": 1765497330021}, {"id": "529093397", "price": 13.42, "amount": 1901.0, "side": "sell", "timestamp": 1765497330035}, {"id": "529093398", "price": 13.419, "amount": 70.0, "side": "sell", "timestamp": 1765497330127}, {"id": "529093399", "price": 13.418, "amount": 20.0, "side": "sell", "timestamp": 1765497330324}, {"id": "529093400", "price": 13.417, "amount": 28.0, "side": "sell", "timestamp": 1765497330408}, {"id": "529093401", "price": 13.416, "amount": 7.0, "side": "sell", "timestamp": 1765497331717}, {"id": "529093402", "price": 13.417, "amount": 1.0, "side": "buy", "timestamp": 1765497334134}, {"id": "529093403", "price": 13.416, "amount": 1.0, "side": "sell", "timestamp": 1765497334467}, {"id": "529093404", "price": 13.416, "amount": 142.0, "side": "sell", "timestamp": 1765497336626}, {"id": "529093405", "price": 13.415, "amount": 4.0, "side": "sell", "timestamp": 1765497336691}, {"id": "529093406", "price": 13.415, "amount": 51.0, "side": "buy", "timestamp": 1765497341177}, {"id": "529093407", "price": 13.415, "amount": 7.0, "side": "buy", "timestamp": 1765497342922}, {"id": "529093408", "price": 13.416, "amount": 3.0, "side": "buy", "timestamp": 1765497344305}, {"id": "529093409", "price": 13.415, "amount": 2.0, "side": "sell", "timestamp": 1765497347719}, {"id": "529093410", "price": 13.416, "amount": 1.0, "side": "buy", "timestamp": 1765497350670}, {"id": "529093411", "price": 13.415, "amount": 3.0, "side": "sell", "timestamp": 1765497352433}, {"id": "529093412", "price": 13.415, "amount": 1.0, "side": "sell", "timestamp": 1765497354488}, {"id": "529093413", "price": 13.415, "amount": 3.0, "side": "sell", "timestamp": 1765497355789}, {"id": "529093414", "price": 13.415, "amount": 10.0, "side": "sell", "timestamp": 1765497355917}, {"id": "529093408", "price": 13.416, "amount": 3.0, "side": "buy", "timestamp": 1765497344305}, {"id": "529093409", "price": 13.415, "amount": 2.0, "side": "sell", "timestamp": 1765497347719}, {"id": "529093410", "price": 13.416, "amount": 1.0, "side": "buy", "timestamp": 1765497350670}, {"id": "529093411", "price": 13.415, "amount": 3.0, "side": "sell", "timestamp": 1765497352433}, {"id": "529093412", "price": 13.415, "amount": 1.0, "side": "sell", "timestamp": 1765497354488}, {"id": "529093413", "price": 13.415, "amount": 3.0, "side": "sell", "timestamp": 1765497355789}, {"id": "529093414", "price": 13.415, "amount": 10.0, "side": "sell", "timestamp": 1765497355917}, {"id": "529093415", "price": 13.415, "amount": 1.0, "side": "sell", "timestamp": 1765497359155}, {"id": "529093416", "price": 13.415, "amount": 6.0, "side": "sell", "timestamp": 1765497362208}, {"id": "529093417", "price": 13.415, "amount": 2.0, "side": "sell", "timestamp": 1765497362406}, {"id": "529093418", "price": 13.415, "amount": 1.0, "side": "sell", "timestamp": 1765497362862}, {"id": "529093419", "price": 13.415, "amount": 2.0, "side": "sell", "timestamp": 1765497363396}, {"id": "529093420", "price": 13.415, "amount": 675.0, "side": "sell", "timestamp": 1765497364088}, {"id": "529093421", "price": 13.414, "amount": 71.0, "side": "sell", "timestamp": 1765497364090}, {"id": "529093422", "price": 13.414, "amount": 1.0, "side": "buy", "timestamp": 1765497364535}, {"id": "529093423", "price": 13.414, "amount": 1.0, "side": "buy", "timestamp": 1765497364876}, {"id": "529093424", "price": 13.414, "amount": 5.0, "side": "buy", "timestamp": 1765497364997}, {"id": "529093425", "price": 13.414, "amount": 1.0, "side": "buy", "timestamp": 1765497365230}, {"id": "529093426", "price": 13.414, "amount": 3.0, "side": "buy", "timestamp": 1765497365386}, {"id": "529093427", "price": 13.414, "amount": 10.0, "side": "buy", "timestamp": 1765497365627}, {"id": "529093428", "price": 13.413, "amount": 3.0, "side": "sell", "timestamp": 1765497365709}, {"id": "529093429", "price": 13.414, "amount": 2.0, "side": "buy", "timestamp": 1765497365775}, {"id": "529093430", "price": 13.414, "amount": 240.0, "side": "buy", "timestamp": 1765497366147}, {"id": "529093431", "price": 13.415, "amount": 1.0, "side": "buy", "timestamp": 1765497371437}, {"id": "529093432", "price": 13.415, "amount": 1.0, "side": "buy", "timestamp": 1765497372782}, {"id": "529093433", "price": 13.415, "amount": 2.0, "side": "buy", "timestamp": 1765497374410}, {"id": "529093434", "price": 13.414, "amount": 1.0, "side": "sell", "timestamp": 1765497376787}, {"id": "529093435", "price": 13.415, "amount": 38.0, "side": "buy", "timestamp": 1765497377227}, {"id": "529093436", "price": 13.415, "amount": 4.0, "side": "buy", "timestamp": 1765497381182}, {"id": "529093437", "price": 13.415, "amount": 182.0, "side": "buy", "timestamp": 1765497381286}, {"id": "529093438", "price": 13.416, "amount": 46.0, "side": "buy", "timestamp": 1765497382542}, {"id": "529093439", "price": 13.416, "amount": 1.0, "side": "sell", "timestamp": 1765497383723}, {"id": "529093440", "price": 13.416, "amount": 7.0, "side": "sell", "timestamp": 1765497384084}, {"id": "529093441", "price": 13.417, "amount": 69.0, "side": "buy", "timestamp": 1765497384279}, {"id": "529093442", "price": 13.417, "amount": 1.0, "side": "sell", "timestamp": 1765497386771}, {"id": "529093443", "price": 13.417, "amount": 1.0, "side": "sell", "timestamp": 1765497388899}, {"id": "529093444", "price": 13.417, "amount": 2.0, "side": "sell", "timestamp": 1765497389652}, {"id": "529093445", "price": 13.418, "amount": 53.0, "side": "buy", "timestamp": 1765497390966}, {"id": "529093446", "price": 13.419, "amount": 37.0, "side": "buy", "timestamp": 1765497390980}, {"id": "529093447", "price": 13.42, "amount": 38.0, "side": "buy", "timestamp": 1765497390997}, {"id": "529093448", "price": 13.421, "amount": 69.0, "side": "buy", "timestamp": 1765497391015}, {"id": "529093449", "price": 13.422, "amount": 564.0, "side": "buy", "timestamp": 1765497391024}, {"id": "529093450", "price": 13.423, "amount": 2.0, "side": "buy", "timestamp": 1765497391065}, {"id": "529093451", "price": 13.423, "amount": 107.0, "side": "buy", "timestamp": 1765497391236}, {"id": "529093452", "price": 13.423, "amount": 147.0, "side": "buy", "timestamp": 1765497391357}, {"id": "529093453", "price": 13.423, "amount": 6.0, "side": "sell", "timestamp": 1765497394769}, {"id": "529093454", "price": 13.424, "amount": 1.0, "side": "buy", "timestamp": 1765497403231}, {"id": "529093455", "price": 13.424, "amount": 163.0, "side": "buy", "timestamp": 1765497405923}, {"id": "529093456", "price": 13.424, "amount": 1.0, "side": "sell", "timestamp": 1765497407841}, {"id": "529093457", "price": 13.424, "amount": 1.0, "side": "sell", "timestamp": 1765497408257}, {"id": "529093480", "price": 13.423, "amount": 38.0, "side": "buy", "timestamp": 1765497423800}, {"id": "529093481", "price": 13.422, "amount": 5.0, "side": "sell", "timestamp": 1765497423896}, {"id": "529093482", "price": 13.423, "amount": 3.0, "side": "buy", "timestamp": 1765497424396}, {"id": "529093483", "price": 13.423, "amount": 5.0, "side": "buy", "timestamp": 1765497424556}, {"id": "529093484", "price": 13.423, "amount": 3.0, "side": "buy", "timestamp": 1765497424779}, {"id": "529093485", "price": 13.423, "amount": 5.0, "side": "buy", "timestamp": 1765497425015}, {"id": "529093486", "price": 13.423, "amount": 2.0, "side": "buy", "timestamp": 1765497425210}, {"id": "529093487", "price": 13.423, "amount": 1.0, "side": "buy", "timestamp": 1765497425411}, {"id": "529093488", "price": 13.422, "amount": 6.0, "side": "sell", "timestamp": 1765497426231}, {"id": "529093489", "price": 13.422, "amount": 113.0, "side": "sell", "timestamp": 1765497426689}, {"id": "529093490", "price": 13.422, "amount": 1.0, "side": "buy", "timestamp": 1765497428312}, {"id": "529093491", "price": 13.422, "amount": 2.0, "side": "sell", "timestamp": 1765497434624}, {"id": "529093492", "price": 13.422, "amount": 80.0, "side": "sell", "timestamp": 1765497438092}, {"id": "529093493", "price": 13.421, "amount": 43.0, "side": "sell", "timestamp": 1765497438123}, {"id": "529093494", "price": 13.42, "amount": 7.0, "side": "sell", "timestamp": 1765497439994}, {"id": "529093495", "price": 13.421, "amount": 1.0, "side": "buy", "timestamp": 1765497440111}, {"id": "529093496", "price": 13.42, "amount": 4.0, "side": "sell", "timestamp": 1765497440530}, {"id": "529093497", "price": 13.42, "amount": 1.0, "side": "sell", "timestamp": 1765497440747}, {"id": "529093498", "price": 13.421, "amount": 342.0, "side": "buy", "timestamp": 1765497441208}, {"id": "529093499", "price": 13.422, "amount": 254.0, "side": "buy", "timestamp": 1765497441208}, {"id": "529093500", "price": 13.421, "amount": 3.0, "side": "sell", "timestamp": 1765497443066}, {"id": "529093501", "price": 13.421, "amount": 1.0, "side": "sell", "timestamp": 1765497443229}, {"id": "529093502", "price": 13.421, "amount": 77.0, "side": "sell", "timestamp": 1765497444258}, {"id": "529093503", "price": 13.42, "amount": 47.0, "side": "sell", "timestamp": 1765497445212}, {"id": "529093504", "price": 13.419, "amount": 4.0, "side": "sell", "timestamp": 1765497445229}, {"id": "529093505", "price": 13.418, "amount": 14.0, "side": "sell", "timestamp": 1765497446613}, {"id": "529093506", "price": 13.418, "amount": 16.0, "side": "sell", "timestamp": 1765497447477}, {"id": "529093507", "price": 13.418, "amount": 1.0, "side": "buy", "timestamp": 1765497449909}, {"id": "529093508", "price": 13.418, "amount": 2.0, "side": "sell", "timestamp": 1765497450593}, {"id": "529093509", "price": 13.418, "amount": 2.0, "side": "sell", "timestamp": 1765497450993}, {"id": "529093510", "price": 13.418, "amount": 10.0, "side": "sell", "timestamp": 1765497452103}, {"id": "529093511", "price": 13.418, "amount": 3.0, "side": "sell", "timestamp": 1765497452245}, {"id": "529093512", "price": 13.417, "amount": 23.0, "side": "sell", "timestamp": 1765497452526}, {"id": "529093513", "price": 13.416, "amount": 87.0, "side": "sell", "timestamp": 1765497452733}, {"id": "529093514", "price": 13.415, "amount": 37.0, "side": "sell", "timestamp": 1765497452735}, {"id": "529093515", "price": 13.414, "amount": 79.0, "side": "sell", "timestamp": 1765497452966}, {"id": "529093516", "price": 13.413, "amount": 79.0, "side": "sell", "timestamp": 1765497453616}, {"id": "529093517", "price": 13.412, "amount": 2.0, "side": "sell", "timestamp": 1765497453650}, {"id": "529093518", "price": 13.411, "amount": 21.0, "side": "sell", "timestamp": 1765497453781}, {"id": "529093519", "price": 13.41, "amount": 39.0, "side": "sell", "timestamp": 1765497453785}, {"id": "529093520", "price": 13.409, "amount": 78.0, "side": "sell", "timestamp": 1765497453786}, {"id": "529093521", "price": 13.408, "amount": 172.0, "side": "sell", "timestamp": 1765497453933}, {"id": "529093522", "price": 13.408, "amount": 53.0, "side": "buy", "timestamp": 1765497455006}, {"id": "529093523", "price": 13.409, "amount": 1.0, "side": "buy", "timestamp": 1765497455725}, {"id": "529093524", "price": 13.408, "amount": 4.0, "side": "sell", "timestamp": 1765497457414}, {"id": "529093525", "price": 13.409, "amount": 93.0, "side": "buy", "timestamp": 1765497459149}, {"id": "529093526", "price": 13.409, "amount": 1.0, "side": "sell", "timestamp": 1765497459378}, {"id": "529093527", "price": 13.409, "amount": 209.0, "side": "buy", "timestamp": 1765497459637}, {"id": "529093528", "price": 13.41, "amount": 36.0, "side": "buy", "timestamp": 1765497460046}, {"id": "529093529", "price": 13.41, "amount": 11.0, "side": "sell", "timestamp": 1765497461490}, {"id": "529093528", "price": 13.41, "amount": 36.0, "side": "buy", "timestamp": 1765497460046}, {"id": "529093529", "price": 13.41, "amount": 11.0, "side": "sell", "timestamp": 1765497461490}, {"id": "529093530", "price": 13.41, "amount": 1.0, "side": "sell", "timestamp": 1765497463558}, {"id": "529093531", "price": 13.41, "amount": 1.0, "side": "sell", "timestamp": 1765497466672}, {"id": "529093532", "price": 13.41, "amount": 1.0, "side": "sell", "timestamp": 1765497470667}, {"id": "529093533", "price": 13.41, "amount": 27.0, "side": "sell", "timestamp": 1765497473519}, {"id": "529093534", "price": 13.41, "amount": 635.0, "side": "sell", "timestamp": 1765497473944}, {"id": "529093535", "price": 13.409, "amount": 1.0, "side": "sell", "timestamp": 1765497475113}, {"id": "529093536", "price": 13.41, "amount": 17.0, "side": "buy", "timestamp": 1765497475646}, {"id": "529093537", "price": 13.411, "amount": 119.0, "side": "buy", "timestamp": 1765497476179}, {"id": "529093538", "price": 13.412, "amount": 13.0, "side": "buy", "timestamp": 1765497476290}, {"id": "529093539", "price": 13.413, "amount": 47.0, "side": "buy", "timestamp": 1765497480678}, {"id": "529093540", "price": 13.414, "amount": 51.0, "side": "buy", "timestamp": 1765497482888}, {"id": "529093541", "price": 13.415, "amount": 7.0, "side": "buy", "timestamp": 1765497482899}, {"id": "529093542", "price": 13.415, "amount": 3.0, "side": "sell", "timestamp": 1765497482913}, {"id": "529093543", "price": 13.415, "amount": 4.0, "side": "sell", "timestamp": 1765497483211}, {"id": "529093544", "price": 13.416, "amount": 1.0, "side": "buy", "timestamp": 1765497484613}, {"id": "529093545", "price": 13.415, "amount": 2.0, "side": "sell", "timestamp": 1765497484616}, {"id": "529093546", "price": 13.416, "amount": 2.0, "side": "buy", "timestamp": 1765497484637}, {"id": "529093547", "price": 13.416, "amount": 3.0, "side": "buy", "timestamp": 1765497484745}, {"id": "529093548", "price": 13.416, "amount": 7.0, "side": "buy", "timestamp": 1765497485027}, {"id": "529093549", "price": 13.416, "amount": 1.0, "side": "buy", "timestamp": 1765497485307}, {"id": "529093550", "price": 13.416, "amount": 1.0, "side": "buy", "timestamp": 1765497485477}, {"id": "529093551", "price": 13.415, "amount": 479.0, "side": "sell", "timestamp": 1765497486062}, {"id": "529093552", "price": 13.414, "amount": 58.0, "side": "sell", "timestamp": 1765497486064}, {"id": "529093553", "price": 13.414, "amount": 11.0, "side": "buy", "timestamp": 1765497490266}, {"id": "529093554", "price": 13.414, "amount": 1.0, "side": "buy", "timestamp": 1765497491321}, {"id": "529093555", "price": 13.413, "amount": 1.0, "side": "sell", "timestamp": 1765497491725}, {"id": "529093556", "price": 13.414, "amount": 8.0, "side": "buy", "timestamp": 1765497492823}, {"id": "529093557", "price": 13.414, "amount": 1.0, "side": "buy", "timestamp": 1765497493318}, {"id": "529093558", "price": 13.413, "amount": 90.0, "side": "sell", "timestamp": 1765497494601}, {"id": "529093559", "price": 13.413, "amount": 5.0, "side": "buy", "timestamp": 1765497495194}, {"id": "529093560", "price": 13.413, "amount": 1.0, "side": "buy", "timestamp": 1765497495307}, {"id": "529093561", "price": 13.412, "amount": 1.0, "side": "sell", "timestamp": 1765497495494}, {"id": "529093562", "price": 13.412, "amount": 4.0, "side": "sell", "timestamp": 1765497496213}, {"id": "529093563", "price": 13.412, "amount": 7.0, "side": "sell", "timestamp": 1765497497501}, {"id": "529093564", "price": 13.413, "amount": 1.0, "side": "buy", "timestamp": 1765497504702}, {"id": "529093565", "price": 13.412, "amount": 153.0, "side": "sell", "timestamp": 1765497506540}, {"id": "529093566", "price": 13.411, "amount": 3.0, "side": "sell", "timestamp": 1765497506645}, {"id": "529093567", "price": 13.41, "amount": 1.0, "side": "sell", "timestamp": 1765497507818}, {"id": "529093568", "price": 13.411, "amount": 30.0, "side": "buy", "timestamp": 1765497508554}, {"id": "529093569", "price": 13.412, "amount": 117.0, "side": "buy", "timestamp": 1765497508558}, {"id": "529093570", "price": 13.413, "amount": 338.0, "side": "buy", "timestamp": 1765497508567}, {"id": "529093571", "price": 13.413, "amount": 75.0, "side": "sell", "timestamp": 1765497510090}, {"id": "529093572", "price": 13.413, "amount": 1.0, "side": "sell", "timestamp": 1765497510225}, {"id": "529093573", "price": 13.412, "amount": 3.0, "side": "sell", "timestamp": 1765497510231}, {"id": "529093574", "price": 13.411, "amount": 2.0, "side": "sell", "timestamp": 1765497510361}, {"id": "529093575", "price": 13.411, "amount": 1.0, "side": "buy", "timestamp": 1765497510851}, {"id": "529093576", "price": 13.41, "amount": 412.0, "side": "sell", "timestamp": 1765497512157}, {"id": "529093577", "price": 13.409, "amount": 1.0, "side": "sell", "timestamp": 1765497516713}, {"id": "529093571", "price": 13.413, "amount": 75.0, "side": "sell", "timestamp": 1765497510090}, {"id": "529093572", "price": 13.413, "amount": 1.0, "side": "sell", "timestamp": 1765497510225}, {"id": "529093573", "price": 13.412, "amount": 3.0, "side": "sell", "timestamp": 1765497510231}, {"id": "529093574", "price": 13.411, "amount": 2.0, "side": "sell", "timestamp": 1765497510361}, {"id": "529093575", "price": 13.411, "amount": 1.0, "side": "buy", "timestamp": 1765497510851}, {"id": "529093576", "price": 13.41, "amount": 412.0, "side": "sell", "timestamp": 1765497512157}, {"id": "529093577", "price": 13.409, "amount": 1.0, "side": "sell", "timestamp": 1765497516713}, {"id": "529093578", "price": 13.409, "amount": 59.0, "side": "sell", "timestamp": 1765497519702}, {"id": "529093579", "price": 13.41, "amount": 74.0, "side": "buy", "timestamp": 1765497522705}, {"id": "529093580", "price": 13.409, "amount": 1.0, "side": "sell", "timestamp": 1765497523385}, {"id": "529093581", "price": 13.41, "amount": 3.0, "side": "buy", "timestamp": 1765497525944}, {"id": "529093582", "price": 13.41, "amount": 1.0, "side": "sell", "timestamp": 1765497527718}, {"id": "529093583", "price": 13.41, "amount": 2.0, "side": "sell", "timestamp": 1765497528962}, {"id": "529093584", "price": 13.41, "amount": 209.0, "side": "buy", "timestamp": 1765497529570}, {"id": "529093585", "price": 13.411, "amount": 194.0, "side": "buy", "timestamp": 1765497529637}, {"id": "529093586", "price": 13.411, "amount": 20.0, "side": "sell", "timestamp": 1765497533542}, {"id": "529093587", "price": 13.412, "amount": 117.0, "side": "buy", "timestamp": 1765497533864}, {"id": "529093588", "price": 13.413, "amount": 5.0, "side": "buy", "timestamp": 1765497533988}, {"id": "529093589", "price": 13.413, "amount": 472.0, "side": "sell", "timestamp": 1765497535208}, {"id": "529093590", "price": 13.412, "amount": 4.0, "side": "sell", "timestamp": 1765497535211}, {"id": "529093591", "price": 13.411, "amount": 3.0, "side": "sell", "timestamp": 1765497535308}, {"id": "529093592", "price": 13.411, "amount": 3.0, "side": "sell", "timestamp": 1765497536138}, {"id": "529093593", "price": 13.411, "amount": 152.0, "side": "sell", "timestamp": 1765497536252}, {"id": "529093594", "price": 13.41, "amount": 393.0, "side": "sell", "timestamp": 1765497536965}, {"id": "529093595", "price": 13.409, "amount": 1.0, "side": "sell", "timestamp": 1765497540106}, {"id": "529093596", "price": 13.41, "amount": 139.0, "side": "buy", "timestamp": 1765497541218}, {"id": "529093597", "price": 13.41, "amount": 4.0, "side": "sell", "timestamp": 1765497541562}, {"id": "529093598", "price": 13.409, "amount": 2435.0, "side": "sell", "timestamp": 1765497541582}, {"id": "529093599", "price": 13.408, "amount": 4.0, "side": "sell", "timestamp": 1765497541605}, {"id": "529093600", "price": 13.407, "amount": 158.0, "side": "sell", "timestamp": 1765497541629}, {"id": "529093601", "price": 13.406, "amount": 2.0, "side": "sell", "timestamp": 1765497541917}, {"id": "529093602", "price": 13.406, "amount": 113.0, "side": "sell", "timestamp": 1765497542202}, {"id": "529093603", "price": 13.406, "amount": 1.0, "side": "buy", "timestamp": 1765497544252}, {"id": "529093604", "price": 13.406, "amount": 3.0, "side": "buy", "timestamp": 1765497544804}, {"id": "529093605", "price": 13.406, "amount": 4.0, "side": "buy", "timestamp": 1765497545168}, {"id": "529093606", "price": 13.406, "amount": 2.0, "side": "buy", "timestamp": 1765497545428}, {"id": "529093607", "price": 13.406, "amount": 3.0, "side": "buy", "timestamp": 1765497545638}, {"id": "529093608", "price": 13.406, "amount": 1.0, "side": "buy", "timestamp": 1765497545947}, {"id": "529093609", "price": 13.405, "amount": 341.0, "side": "sell", "timestamp": 1765497546297}, {"id": "529093610", "price": 13.404, "amount": 33.0, "side": "sell", "timestamp": 1765497546300}, {"id": "529093611", "price": 13.403, "amount": 1.0, "side": "sell", "timestamp": 1765497546705}, {"id": "529093612", "price": 13.404, "amount": 110.0, "side": "buy", "timestamp": 1765497548225}, {"id": "529093613", "price": 13.405, "amount": 28.0, "side": "buy", "timestamp": 1765497552125}, {"id": "529093614", "price": 13.405, "amount": 56.0, "side": "buy", "timestamp": 1765497552482}, {"id": "529093615", "price": 13.405, "amount": 27.0, "side": "buy", "timestamp": 1765497552906}, {"id": "529093616", "price": 13.405, "amount": 40.0, "side": "buy", "timestamp": 1765497556130}, {"id": "529093617", "price": 13.405, "amount": 2.0, "side": "buy", "timestamp": 1765497559121}, {"id": "529093618", "price": 13.406, "amount": 2.0, "side": "buy", "timestamp": 1765497560522}, {"id": "529093619", "price": 13.405, "amount": 2.0, "side": "sell", "timestamp": 1765497561409}, {"id": "529093620", "price": 13.405, "amount": 1.0, "side": "sell", "timestamp": 1765497563725}]