[{"symbol": "AVAXUSDT", "bids": [[13.193, 356.0], [13.192, 170.0], [13.191, 641.0], [13.19, 1467.0], [13.189, 6131.0], [13.188, 1905.0], [13.187, 2198.0], [13.186, 6700.0], [13.185, 2626.0], [13.184, 1824.0], [13.183, 5922.0], [13.182, 1194.0], [13.181, 1134.0], [13.18, 1321.0], [13.179, 1335.0], [13.178, 3458.0], [13.177, 724.0], [13.176, 1025.0], [13.175, 3100.0], [13.174, 1202.0]], "asks": [[13.194, 1224.0], [13.195, 737.0], [13.196, 1075.0], [13.197, 1940.0], [13.198, 1990.0], [13.199, 1603.0], [13.2, 1419.0], [13.201, 1810.0], [13.202, 3208.0], [13.203, 1423.0], [13.204, 1350.0], [13.205, 4538.0], [13.206, 1554.0], [13.207, 962.0], [13.208, 1343.0], [13.209, 1358.0], [13.21, 1135.0], [13.211, 1114.0], [13.212, 1515.0], [13.213, 1925.0]], "timestamp": "2025-12-15T08:39:58.388550+00:00"}, {"symbol": "AVAXUSDT", "bids": [[13.203, 631.0], [13.202, 2179.0], [13.201, 6316.0], [13.2, 370.0], [13.199, 1083.0], [13.198, 985.0], [13.197, 2144.0], [13.196, 2398.0], [13.195, 1991.0], [13.194, 2559.0], [13.193, 2021.0], [13.192, 802.0], [13.191, 933.0], [13.19, 1246.0], [13.189, 1739.0], [13.188, 1666.0], [13.187, 1595.0], [13.186, 2619.0], [13.185, 1339.0], [13.184, 868.0]], "asks": [[13.204, 198.0], [13.205, 403.0], [13.206, 278.0], [13.207, 629.0], [13.208, 1240.0], [13.209, 1193.0], [13.21, 1888.0], [13.211, 1292.0], [13.212, 2510.0], [13.213, 1364.0], [13.214, 1419.0], [13.215, 1779.0], [13.216, 2825.0], [13.217, 2151.0], [13.218, 1201.0], [13.219, 2780.0], [13.22, 1158.0], [13.221, 1570.0], [13.222, 6551.0], [13.223, 3279.0]], "timestamp": "2025-12-15T08:40:52.436709+00:00"}, {"symbol": "AVAXUSDT", "bids": [[13.21, 912.0], [13.209, 1014.0], [13.208, 5919.0], [13.207, 1050.0], [13.206, 1344.0], [13.205, 2403.0], [13.204, 1697.0], [13.203, 1078.0], [13.202, 1898.0], [13.201, 653.0], [13.2, 1271.0], [13.199, 2043.0], [13.198, 971.0], [13.197, 1162.0], [13.196, 3274.0], [13.195, 1502.0], [13.194, 1102.0], [13.193, 1502.0], [13.192, 2163.0], [13.191, 3835.0]], "asks": [[13.211, 180.0], [13.212, 939.0], [13.213, 560.0], [13.214, 868.0], [13.215, 939.0], [13.216, 783.0], [13.217, 1129.0], [13.218, 1505.0], [13.219, 1515.0], [13.22, 1437.0], [13.221, 1538.0], [13.222, 1644.0], [13.223, 3301.0], [13.224, 1626.0], [13.225, 1232.0], [13.226, 2885.0], [13.227, 2094.0], [13.228, 1103.0], [13.229, 1477.0], [13.23, 1401.0]], "timestamp": "2025-12-15T08:41:47.238797+00:00"}, {"symbol": "AVAXUSDT", "bids": [[13.208, 6278.0], [13.207, 311.0], [13.206, 663.0], [13.205, 1107.0], [13.204, 1181.0], [13.203, 1735.0], [13.202, 2370.0], [13.201, 1145.0], [13.2, 2749.0], [13.199, 1693.0], [13.198, 1170.0], [13.197, 1679.0], [13.196, 4077.0], [13.195, 1738.0], [13.194, 1602.0], [13.193, 2006.0], [13.192, 1161.0], [13.191, 1244.0], [13.19, 1208.0], [13.189, 1357.0]], "asks": [[13.209, 172.0], [13.21, 526.0], [13.211, 451.0], [13.212, 700.0], [13.213, 1140.0], [13.214, 1411.0], [13.215, 1396.0], [13.216, 1580.0], [13.217, 1330.0], [13.218, 1197.0], [13.219, 1824.0], [13.22, 1287.0], [13.221, 2862.0], [13.222, 1165.0], [13.223, 1523.0], [13.224, 1745.0], [13.225, 1341.0], [13.226, 3360.0], [13.227, 2233.0], [13.228, 5167.0]], "timestamp": "2025-12-15T08:42:40.981404+00:00"}, {"symbol": "AVAXUSDT", "bids": [[13.208, 657.0], [13.207, 1346.0], [13.206, 5466.0], [13.205, 1436.0], [13.204, 1035.0], [13.203, 901.0], [13.202, 2372.0], [13.201, 1281.0], [13.2, 2749.0], [13.199, 1606.0], [13.198, 1443.0], [13.197, 1572.0], [13.196, 1823.0], [13.195, 3171.0], [13.194, 1480.0], [13.193, 1311.0], [13.192, 904.0], [13.191, 1243.0], [13.19, 1662.0], [13.189, 1357.0]], "asks": [[13.209, 590.0], [13.21, 131.0], [13.211, 557.0], [13.212, 702.0], [13.213, 1195.0], [13.214, 1419.0], [13.215, 1216.0], [13.216, 1592.0], [13.217, 1261.0], [13.218, 1365.0], [13.219, 1521.0], [13.22, 1953.0], [13.221, 2883.0], [13.222, 1053.0], [13.223, 1411.0], [13.224, 1948.0], [13.225, 1357.0], [13.226, 3361.0], [13.227, 2361.0], [13.228, 4974.0]], "timestamp": "2025-12-15T08:43:34.434602+00:00"}, {"symbol": "AVAXUSDT", "bids": [[13.214, 497.0], [13.213, 5756.0], [13.212, 905.0], [13.211, 802.0], [13.21, 942.0], [13.209, 1256.0], [13.208, 3488.0], [13.207, 1321.0], [13.206, 2134.0], [13.205, 2402.0], [13.204, 793.0], [13.203, 937.0], [13.202, 1248.0], [13.201, 1011.0], [13.2, 1378.0], [13.199, 3253.0], [13.198, 649.0], [13.197, 1226.0], [13.196, 1167.0], [13.195, 1753.0]], "asks": [[13.215, 183.0], [13.216, 70.0], [13.217, 501.0], [13.218, 424.0], [13.219, 604.0], [13.22, 1414.0], [13.221, 1124.0], [13.222, 1020.0], [13.223, 1419.0], [13.224, 1842.0], [13.225, 1138.0], [13.226, 2862.0], [13.227, 1522.0], [13.228, 954.0], [13.229, 1326.0], [13.23, 951.0], [13.231, 1271.0], [13.232, 1268.0], [13.233, 1370.0], [13.234, 4955.0]], "timestamp": "2025-12-15T08:44:27.990574+00:00"}, {"symbol": "AVAXUSDT", "bids": [[13.216, 522.0], [13.215, 4817.0], [13.214, 769.0], [13.213, 481.0], [13.212, 1682.0], [13.211, 2147.0], [13.21, 1431.0], [13.209, 1803.0], [13.208, 3213.0], [13.207, 604.0], [13.206, 1267.0], [13.205, 1625.0], [13.204, 943.0], [13.203, 1014.0], [13.202, 3323.0], [13.201, 487.0], [13.2, 1093.0], [13.199, 1242.0], [13.198, 1900.0], [13.197, 2678.0]], "asks": [[13.217, 46.0], [13.218, 30.0], [13.219, 319.0], [13.22, 956.0], [13.221, 286.0], [13.222, 1271.0], [13.223, 1244.0], [13.224, 1460.0], [13.225, 1826.0], [13.226, 2058.0], [13.227, 756.0], [13.228, 982.0], [13.229, 1162.0], [13.23, 3007.0], [13.231, 1873.0], [13.232, 1245.0], [13.233, 820.0], [13.234, 1408.0], [13.235, 1622.0], [13.236, 3202.0]], "timestamp": "2025-12-15T08:45:21.649328+00:00"}, {"symbol": "AVAXUSDT", "bids": [[13.218, 717.0], [13.217, 578.0], [13.216, 721.0], [13.215, 1049.0], [13.214, 1176.0], [13.213, 2326.0], [13.212, 1910.0], [13.211, 2164.0], [13.21, 2511.0], [13.209, 2802.0], [13.208, 2312.0], [13.207, 624.0], [13.206, 1457.0], [13.205, 4162.0], [13.204, 657.0], [13.203, 952.0], [13.202, 1360.0], [13.201, 1099.0], [13.2, 1283.0], [13.199, 1089.0]], "asks": [[13.219, 2.0], [13.22, 32.0], [13.221, 240.0], [13.222, 414.0], [13.223, 1069.0], [13.224, 1352.0], [13.225, 1967.0], [13.226, 1464.0], [13.227, 1158.0], [13.228, 817.0], [13.229, 786.0], [13.23, 1235.0], [13.231, 3077.0], [13.232, 1624.0], [13.233, 868.0], [13.234, 1608.0], [13.235, 1548.0], [13.236, 2782.0], [13.237, 2192.0], [13.238, 5419.0]], "timestamp": "2025-12-15T08:46:15.512562+00:00"}, {"symbol": "AVAXUSDT", "bids": [[13.21, 21.0], [13.209, 92.0], [13.208, 804.0], [13.207, 416.0], [13.206, 1069.0], [13.205, 1086.0], [13.204, 2189.0], [13.203, 1993.0], [13.202, 1111.0], [13.201, 687.0], [13.2, 1893.0], [13.199, 1170.0], [13.198, 1341.0], [13.197, 1166.0], [13.196, 8781.0], [13.195, 3442.0], [13.194, 1006.0], [13.193, 1298.0], [13.192, 2605.0], [13.191, 3296.0]], "asks": [[13.211, 792.0], [13.212, 702.0], [13.213, 1168.0], [13.214, 1486.0], [13.215, 1994.0], [13.216, 1598.0], [13.217, 2245.0], [13.218, 1687.0], [13.219, 2287.0], [13.22, 2459.0], [13.221, 2059.0], [13.222, 1472.0], [13.223, 3447.0], [13.224, 1157.0], [13.225, 1574.0], [13.226, 1191.0], [13.227, 619.0], [13.228, 690.0], [13.229, 998.0], [13.23, 1133.0]], "timestamp": "2025-12-15T08:47:09.374692+00:00"}, {"symbol": "AVAXUSDT", "bids": [[13.201, 205.0], [13.2, 146.0], [13.199, 265.0], [13.198, 233.0], [13.197, 836.0], [13.196, 1179.0], [13.195, 2153.0], [13.194, 1321.0], [13.193, 2300.0], [13.192, 691.0], [13.191, 678.0], [13.19, 1346.0], [13.189, 1623.0], [13.188, 1267.0], [13.187, 1391.0], [13.186, 2375.0], [13.185, 1691.0], [13.184, 2084.0], [13.183, 8862.0], [13.182, 3578.0]], "asks": [[13.202, 487.0], [13.203, 206.0], [13.204, 890.0], [13.205, 1474.0], [13.206, 1316.0], [13.207, 1686.0], [13.208, 1055.0], [13.209, 1336.0], [13.21, 1722.0], [13.211, 2022.0], [13.212, 1488.0], [13.213, 1509.0], [13.214, 3168.0], [13.215, 1095.0], [13.216, 1115.0], [13.217, 857.0], [13.218, 799.0], [13.219, 1916.0], [13.22, 2506.0], [13.221, 1418.0]], "timestamp": "2025-12-15T08:48:03.090193+00:00"}, {"symbol": "AVAXUSDT", "bids": [[13.2, 95.0], [13.199, 208.0], [13.198, 1003.0], [13.197, 665.0], [13.196, 1028.0], [13.195, 1885.0], [13.194, 1996.0], [13.193, 2599.0], [13.192, 1059.0], [13.191, 1197.0], [13.19, 1667.0], [13.189, 1227.0], [13.188, 1519.0], [13.187, 1658.0], [13.186, 2334.0], [13.185, 2023.0], [13.184, 1018.0], [13.183, 578.0], [13.182, 1651.0], [13.181, 4358.0]], "asks": [[13.201, 424.0], [13.202, 485.0], [13.203, 1223.0], [13.204, 1341.0], [13.205, 793.0], [13.206, 1797.0], [13.207, 1407.0], [13.208, 1857.0], [13.209, 1536.0], [13.21, 2010.0], [13.211, 1055.0], [13.212, 1123.0], [13.213, 1402.0], [13.214, 3106.0], [13.215, 1353.0], [13.216, 729.0], [13.217, 1004.0], [13.218, 1318.0], [13.219, 2122.0], [13.22, 2483.0]], "timestamp": "2025-12-15T08:48:56.486349+00:00"}, {"symbol": "AVAXUSDT", "bids": [[13.198, 358.0], [13.197, 597.0], [13.196, 950.0], [13.195, 730.0], [13.194, 2048.0], [13.193, 1203.0], [13.192, 814.0], [13.191, 2078.0], [13.19, 1312.0], [13.189, 996.0], [13.188, 1473.0], [13.187, 1829.0], [13.186, 2534.0], [13.185, 1619.0], [13.184, 1022.0], [13.183, 819.0], [13.182, 2203.0], [13.181, 6569.0], [13.18, 2160.0], [13.179, 8169.0]], "asks": [[13.199, 55.0], [13.2, 427.0], [13.201, 1180.0], [13.202, 458.0], [13.203, 997.0], [13.204, 1414.0], [13.205, 916.0], [13.206, 1375.0], [13.207, 1753.0], [13.208, 1559.0], [13.209, 1706.0], [13.21, 2326.0], [13.211, 3440.0], [13.212, 1662.0], [13.213, 827.0], [13.214, 1814.0], [13.215, 1691.0], [13.216, 645.0], [13.217, 926.0], [13.218, 946.0]], "timestamp": "2025-12-15T08:49:50.144611+00:00"}, {"symbol": "AVAXUSDT", "bids": [[13.204, 728.0], [13.203, 973.0], [13.202, 1406.0], [13.201, 1383.0], [13.2, 686.0], [13.199, 1816.0], [13.198, 1870.0], [13.197, 1962.0], [13.196, 2350.0], [13.195, 1759.0], [13.194, 1260.0], [13.193, 1387.0], [13.192, 2165.0], [13.191, 3179.0], [13.19, 916.0], [13.189, 790.0], [13.188, 725.0], [13.187, 1313.0], [13.186, 955.0], [13.185, 5123.0]], "asks": [[13.205, 1.0], [13.206, 34.0], [13.207, 77.0], [13.208, 773.0], [13.209, 1192.0], [13.21, 1596.0], [13.211, 1931.0], [13.212, 927.0], [13.213, 656.0], [13.214, 1628.0], [13.215, 1416.0], [13.216, 2289.0], [13.217, 943.0], [13.218, 1437.0], [13.219, 578.0], [13.22, 1253.0], [13.221, 578.0], [13.222, 1415.0], [13.223, 867.0], [13.224, 1088.0]], "timestamp": "2025-12-15T08:50:44.212225+00:00"}, {"symbol": "AVAXUSDT", "bids": [[13.202, 841.0], [13.201, 257.0], [13.2, 310.0], [13.199, 373.0], [13.198, 930.0], [13.197, 1994.0], [13.196, 1081.0], [13.195, 1919.0], [13.194, 2183.0], [13.193, 1346.0], [13.192, 1716.0], [13.191, 1161.0], [13.19, 1674.0], [13.189, 2562.0], [13.188, 715.0], [13.187, 985.0], [13.186, 956.0], [13.185, 5540.0], [13.184, 11028.0], [13.183, 665.0]], "asks": [[13.203, 26.0], [13.204, 429.0], [13.205, 339.0], [13.206, 586.0], [13.207, 604.0], [13.208, 1597.0], [13.209, 1808.0], [13.21, 2275.0], [13.211, 3036.0], [13.212, 1177.0], [13.213, 970.0], [13.214, 2050.0], [13.215, 946.0], [13.216, 940.0], [13.217, 2702.0], [13.218, 1440.0], [13.219, 659.0], [13.22, 1238.0], [13.221, 498.0], [13.222, 902.0]], "timestamp": "2025-12-15T08:51:37.768257+00:00"}, {"symbol": "AVAXUSDT", "bids": [[13.201, 1410.0], [13.2, 1872.0], [13.199, 4165.0], [13.198, 711.0], [13.197, 358.0], [13.196, 1261.0], [13.195, 2511.0], [13.194, 1127.0], [13.193, 2406.0], [13.192, 883.0], [13.191, 1187.0], [13.19, 1832.0], [13.189, 1569.0], [13.188, 3780.0], [13.187, 1634.0], [13.186, 833.0], [13.185, 3041.0], [13.184, 11100.0], [13.183, 2342.0], [13.182, 3256.0]], "asks": [[13.202, 206.0], [13.203, 185.0], [13.204, 898.0], [13.205, 1006.0], [13.206, 1249.0], [13.207, 1016.0], [13.208, 980.0], [13.209, 2228.0], [13.21, 2309.0], [13.211, 2542.0], [13.212, 1945.0], [13.213, 1180.0], [13.214, 2004.0], [13.215, 3230.0], [13.216, 705.0], [13.217, 1166.0], [13.218, 1268.0], [13.219, 584.0], [13.22, 1322.0], [13.221, 652.0]], "timestamp": "2025-12-15T08:52:31.836567+00:00"}, {"symbol": "AVAXUSDT", "bids": [[13.2, 287.0], [13.199, 110.0], [13.198, 650.0], [13.197, 678.0], [13.196, 1303.0], [13.195, 1988.0], [13.194, 2017.0], [13.193, 2150.0], [13.192, 893.0], [13.191, 1283.0], [13.19, 1813.0], [13.189, 1678.0], [13.188, 1572.0], [13.187, 3172.0], [13.186, 746.0], [13.185, 3210.0], [13.184, 11098.0], [13.183, 2352.0], [13.182, 3250.0], [13.181, 797.0]], "asks": [[13.201, 400.0], [13.202, 1386.0], [13.203, 537.0], [13.204, 597.0], [13.205, 562.0], [13.206, 844.0], [13.207, 1140.0], [13.208, 1341.0], [13.209, 1969.0], [13.21, 1991.0], [13.211, 2905.0], [13.212, 1589.0], [13.213, 2904.0], [13.214, 1180.0], [13.215, 1259.0], [13.216, 1297.0], [13.217, 1069.0], [13.218, 750.0], [13.219, 653.0], [13.22, 1242.0]], "timestamp": "2025-12-15T08:53:25.391696+00:00"}, {"symbol": "AVAXUSDT", "bids": [[13.199, 135.0], [13.198, 526.0], [13.197, 270.0], [13.196, 811.0], [13.195, 1952.0], [13.194, 1909.0], [13.193, 1245.0], [13.192, 1218.0], [13.191, 2246.0], [13.19, 1592.0], [13.189, 1225.0], [13.188, 1618.0], [13.187, 2146.0], [13.186, 948.0], [13.185, 3975.0], [13.184, 3578.0], [13.183, 1885.0], [13.182, 3326.0], [13.181, 1267.0], [13.18, 852.0]], "asks": [[13.2, 395.0], [13.201, 579.0], [13.202, 99.0], [13.203, 535.0], [13.204, 673.0], [13.205, 812.0], [13.206, 706.0], [13.207, 1241.0], [13.208, 1412.0], [13.209, 2008.0], [13.21, 2457.0], [13.211, 4664.0], [13.212, 1624.0], [13.213, 2265.0], [13.214, 1420.0], [13.215, 1098.0], [13.216, 841.0], [13.217, 1069.0], [13.218, 748.0], [13.219, 654.0]], "timestamp": "2025-12-15T08:54:19.049840+00:00"}, {"symbol": "AVAXUSDT", "bids": [[13.204, 1227.0], [13.203, 1567.0], [13.202, 631.0], [13.201, 891.0], [13.2, 646.0], [13.199, 857.0], [13.198, 1513.0], [13.197, 995.0], [13.196, 1793.0], [13.195, 2894.0], [13.194, 1273.0], [13.193, 1067.0], [13.192, 1245.0], [13.191, 3343.0], [13.19, 1202.0], [13.189, 978.0], [13.188, 1473.0], [13.187, 1141.0], [13.186, 1060.0], [13.185, 2537.0]], "asks": [[13.205, 471.0], [13.206, 188.0], [13.207, 293.0], [13.208, 678.0], [13.209, 1907.0], [13.21, 1128.0], [13.211, 1120.0], [13.212, 1221.0], [13.213, 1424.0], [13.214, 1754.0], [13.215, 1080.0], [13.216, 2963.0], [13.217, 1525.0], [13.218, 757.0], [13.219, 659.0], [13.22, 1114.0], [13.221, 539.0], [13.222, 1151.0], [13.223, 1695.0], [13.224, 8075.0]], "timestamp": "2025-12-15T08:55:12.810400+00:00"}, {"symbol": "AVAXUSDT", "bids": [[13.205, 590.0], [13.204, 623.0], [13.203, 850.0], [13.202, 1112.0], [13.201, 2363.0], [13.2, 2380.0], [13.199, 1388.0], [13.198, 2815.0], [13.197, 1192.0], [13.196, 1256.0], [13.195, 1542.0], [13.194, 2199.0], [13.193, 1622.0], [13.192, 2811.0], [13.191, 608.0], [13.19, 893.0], [13.189, 885.0], [13.188, 1307.0], [13.187, 1960.0], [13.186, 1435.0]], "asks": [[13.206, 480.0], [13.207, 964.0], [13.208, 1063.0], [13.209, 558.0], [13.21, 523.0], [13.211, 672.0], [13.212, 729.0], [13.213, 1031.0], [13.214, 1723.0], [13.215, 1431.0], [13.216, 1171.0], [13.217, 1555.0], [13.218, 2407.0], [13.219, 1144.0], [13.22, 1226.0], [13.221, 993.0], [13.222, 1102.0], [13.223, 914.0], [13.224, 1071.0], [13.225, 2113.0]], "timestamp": "2025-12-15T08:56:06.059773+00:00"}, {"symbol": "AVAXUSDT", "bids": [[13.206, 463.0], [13.205, 778.0], [13.204, 604.0], [13.203, 1074.0], [13.202, 1242.0], [13.201, 3299.0], [13.2, 1852.0], [13.199, 1708.0], [13.198, 2742.0], [13.197, 1192.0], [13.196, 1169.0], [13.195, 1493.0], [13.194, 2497.0], [13.193, 3447.0], [13.192, 553.0], [13.191, 653.0], [13.19, 1275.0], [13.189, 3155.0], [13.188, 1271.0], [13.187, 1932.0]], "asks": [[13.207, 164.0], [13.208, 226.0], [13.209, 373.0], [13.21, 514.0], [13.211, 630.0], [13.212, 782.0], [13.213, 881.0], [13.214, 1546.0], [13.215, 985.0], [13.216, 1181.0], [13.217, 1820.0], [13.218, 1175.0], [13.219, 2567.0], [13.22, 1621.0], [13.221, 554.0], [13.222, 1247.0], [13.223, 1180.0], [13.224, 1265.0], [13.225, 2944.0], [13.226, 2802.0]], "timestamp": "2025-12-15T08:57:00.229146+00:00"}, {"symbol": "AVAXUSDT", "bids": [[13.2, 26.0], [13.199, 119.0], [13.198, 467.0], [13.197, 328.0], [13.196, 1311.0], [13.195, 1279.0], [13.194, 2367.0], [13.193, 1649.0], [13.192, 1196.0], [13.191, 1150.0], [13.19, 2028.0], [13.189, 1249.0], [13.188, 1259.0], [13.187, 1116.0], [13.186, 2916.0], [13.185, 2780.0], [13.184, 11442.0], [13.183, 818.0], [13.182, 3212.0], [13.181, 1028.0]], "asks": [[13.201, 936.0], [13.202, 1061.0], [13.203, 679.0], [13.204, 1574.0], [13.205, 1165.0], [13.206, 1696.0], [13.207, 1422.0], [13.208, 1778.0], [13.209, 1803.0], [13.21, 1155.0], [13.211, 2393.0], [13.212, 2077.0], [13.213, 4352.0], [13.214, 1558.0], [13.215, 1338.0], [13.216, 911.0], [13.217, 1147.0], [13.218, 944.0], [13.219, 765.0], [13.22, 1686.0]], "timestamp": "2025-12-15T08:57:53.989899+00:00"}, {"symbol": "AVAXUSDT", "bids": [[13.199, 3542.0], [13.198, 2031.0], [13.197, 2016.0], [13.196, 1860.0], [13.195, 1742.0], [13.194, 1316.0], [13.193, 1227.0], [13.192, 1751.0], [13.191, 2012.0], [13.19, 1359.0], [13.189, 1832.0], [13.188, 1740.0], [13.187, 1588.0], [13.186, 3588.0], [13.185, 1536.0], [13.184, 856.0], [13.183, 1135.0], [13.182, 3673.0], [13.181, 1057.0], [13.18, 1967.0]], "asks": [[13.2, 110.0], [13.201, 65.0], [13.202, 347.0], [13.203, 492.0], [13.204, 1587.0], [13.205, 1435.0], [13.206, 607.0], [13.207, 1107.0], [13.208, 1096.0], [13.209, 1953.0], [13.21, 1580.0], [13.211, 2588.0], [13.212, 3438.0], [13.213, 2728.0], [13.214, 1827.0], [13.215, 1123.0], [13.216, 963.0], [13.217, 1130.0], [13.218, 1049.0], [13.219, 842.0]], "timestamp": "2025-12-15T08:58:47.341147+00:00"}, {"symbol": "AVAXUSDT", "bids": [[13.196, 125.0], [13.195, 226.0], [13.194, 906.0], [13.193, 841.0], [13.192, 1678.0], [13.191, 1514.0], [13.19, 962.0], [13.189, 1266.0], [13.188, 2304.0], [13.187, 904.0], [13.186, 1516.0], [13.185, 3821.0], [13.184, 856.0], [13.183, 888.0], [13.182, 1247.0], [13.181, 1478.0], [13.18, 2423.0], [13.179, 1458.0], [13.178, 6849.0], [13.177, 763.0]], "asks": [[13.197, 362.0], [13.198, 903.0], [13.199, 1488.0], [13.2, 2811.0], [13.201, 668.0], [13.202, 697.0], [13.203, 915.0], [13.204, 2530.0], [13.205, 1474.0], [13.206, 868.0], [13.207, 1345.0], [13.208, 1303.0], [13.209, 1268.0], [13.21, 3006.0], [13.211, 2800.0], [13.212, 1635.0], [13.213, 2928.0], [13.214, 1356.0], [13.215, 1107.0], [13.216, 961.0]], "timestamp": "2025-12-15T08:59:41.307073+00:00"}, {"symbol": "AVAXUSDT", "bids": [[13.195, 479.0], [13.194, 515.0], [13.193, 1412.0], [13.192, 705.0], [13.191, 1581.0], [13.19, 1441.0], [13.189, 2175.0], [13.188, 1519.0], [13.187, 2389.0], [13.186, 978.0], [13.185, 1942.0], [13.184, 1492.0], [13.183, 985.0], [13.182, 2700.0], [13.181, 891.0], [13.18, 1339.0], [13.179, 1180.0], [13.178, 3564.0], [13.177, 762.0], [13.176, 919.0]], "asks": [[13.196, 261.0], [13.197, 227.0], [13.198, 577.0], [13.199, 1241.0], [13.2, 2835.0], [13.201, 665.0], [13.202, 940.0], [13.203, 746.0], [13.204, 1361.0], [13.205, 1401.0], [13.206, 803.0], [13.207, 1732.0], [13.208, 1636.0], [13.209, 3210.0], [13.21, 1410.0], [13.211, 1532.0], [13.212, 1353.0], [13.213, 1377.0], [13.214, 1351.0], [13.215, 1648.0]], "timestamp": "2025-12-15T09:00:34.659095+00:00"}, {"symbol": "AVAXUSDT", "bids": [[13.184, 12.0], [13.183, 1221.0], [13.182, 3988.0], [13.181, 1116.0], [13.18, 1066.0], [13.179, 1833.0], [13.178, 1416.0], [13.177, 2391.0], [13.176, 893.0], [13.175, 1244.0], [13.174, 988.0], [13.173, 874.0], [13.172, 1276.0], [13.171, 1829.0], [13.17, 857.0], [13.169, 972.0], [13.168, 1777.0], [13.167, 2660.0], [13.166, 14212.0], [13.165, 1177.0]], "asks": [[13.185, 1096.0], [13.186, 432.0], [13.187, 986.0], [13.188, 769.0], [13.189, 1223.0], [13.19, 1451.0], [13.191, 1307.0], [13.192, 874.0], [13.193, 1642.0], [13.194, 775.0], [13.195, 1574.0], [13.196, 3357.0], [13.197, 1994.0], [13.198, 1159.0], [13.199, 2643.0], [13.2, 3853.0], [13.201, 1450.0], [13.202, 1581.0], [13.203, 776.0], [13.204, 1224.0]], "timestamp": "2025-12-15T09:01:28.725211+00:00"}, {"symbol": "AVAXUSDT", "bids": [[13.199, 677.0], [13.198, 6035.0], [13.197, 1134.0], [13.196, 1089.0], [13.195, 1507.0], [13.194, 3573.0], [13.193, 1896.0], [13.192, 1732.0], [13.191, 2095.0], [13.19, 953.0], [13.189, 920.0], [13.188, 1155.0], [13.187, 1300.0], [13.186, 1653.0], [13.185, 2752.0], [13.184, 1000.0], [13.183, 528.0], [13.182, 1227.0], [13.181, 1480.0], [13.18, 702.0]], "asks": [[13.2, 160.0], [13.201, 71.0], [13.202, 130.0], [13.203, 820.0], [13.204, 1167.0], [13.205, 1391.0], [13.206, 1745.0], [13.207, 1255.0], [13.208, 1765.0], [13.209, 1318.0], [13.21, 2121.0], [13.211, 2066.0], [13.212, 3221.0], [13.213, 1856.0], [13.214, 1414.0], [13.215, 1575.0], [13.216, 1968.0], [13.217, 1833.0], [13.218, 996.0], [13.219, 1557.0]], "timestamp": "2025-12-15T09:02:22.383616+00:00"}, {"symbol": "AVAXUSDT", "bids": [[13.196, 145.0], [13.195, 1146.0], [13.194, 5706.0], [13.193, 409.0], [13.192, 529.0], [13.191, 1652.0], [13.19, 1483.0], [13.189, 1817.0], [13.188, 2497.0], [13.187, 1854.0], [13.186, 1276.0], [13.185, 1376.0], [13.184, 1616.0], [13.183, 1016.0], [13.182, 2536.0], [13.181, 940.0], [13.18, 2140.0], [13.179, 11876.0], [13.178, 2986.0], [13.177, 598.0]], "asks": [[13.197, 301.0], [13.198, 575.0], [13.199, 1097.0], [13.2, 1085.0], [13.201, 1633.0], [13.202, 1533.0], [13.203, 1948.0], [13.204, 1905.0], [13.205, 2731.0], [13.206, 1280.0], [13.207, 1124.0], [13.208, 1166.0], [13.209, 2432.0], [13.21, 2105.0], [13.211, 4470.0], [13.212, 870.0], [13.213, 820.0], [13.214, 1075.0], [13.215, 633.0], [13.216, 746.0]], "timestamp": "2025-12-15T09:03:15.939371+00:00"}, {"symbol": "AVAXUSDT", "bids": [[13.202, 451.0], [13.201, 1680.0], [13.2, 6221.0], [13.199, 1613.0], [13.198, 4924.0], [13.197, 1053.0], [13.196, 1293.0], [13.195, 850.0], [13.194, 1785.0], [13.193, 2184.0], [13.192, 1140.0], [13.191, 1321.0], [13.19, 1309.0], [13.189, 1070.0], [13.188, 1080.0], [13.187, 3188.0], [13.186, 983.0], [13.185, 766.0], [13.184, 1183.0], [13.183, 1183.0]], "asks": [[13.203, 168.0], [13.204, 283.0], [13.205, 108.0], [13.206, 332.0], [13.207, 938.0], [13.208, 1371.0], [13.209, 1256.0], [13.21, 1530.0], [13.211, 1291.0], [13.212, 1025.0], [13.213, 786.0], [13.214, 1560.0], [13.215, 1104.0], [13.216, 4001.0], [13.217, 1145.0], [13.218, 981.0], [13.219, 1145.0], [13.22, 3079.0], [13.221, 1949.0], [13.222, 989.0]], "timestamp": "2025-12-15T09:04:09.904768+00:00"}, {"symbol": "AVAXUSDT", "bids": [[13.203, 78.0], [13.202, 6347.0], [13.201, 324.0], [13.2, 387.0], [13.199, 1853.0], [13.198, 5005.0], [13.197, 1220.0], [13.196, 2007.0], [13.195, 2110.0], [13.194, 1476.0], [13.193, 970.0], [13.192, 1172.0], [13.191, 2557.0], [13.19, 1321.0], [13.189, 536.0], [13.188, 1535.0], [13.187, 4084.0], [13.186, 895.0], [13.185, 3152.0], [13.184, 835.0]], "asks": [[13.204, 491.0], [13.205, 440.0], [13.206, 573.0], [13.207, 763.0], [13.208, 1203.0], [13.209, 1227.0], [13.21, 1161.0], [13.211, 1797.0], [13.212, 1213.0], [13.213, 1609.0], [13.214, 1510.0], [13.215, 1351.0], [13.216, 2140.0], [13.217, 1448.0], [13.218, 3099.0], [13.219, 1144.0], [13.22, 2002.0], [13.221, 1424.0], [13.222, 946.0], [13.223, 1955.0]], "timestamp": "2025-12-15T09:05:03.870414+00:00"}, {"symbol": "AVAXUSDT", "bids": [[13.212, 103.0], [13.211, 1397.0], [13.21, 5516.0], [13.209, 806.0], [13.208, 2683.0], [13.207, 1380.0], [13.206, 1224.0], [13.205, 1179.0], [13.204, 2869.0], [13.203, 1247.0], [13.202, 947.0], [13.201, 962.0], [13.2, 1273.0], [13.199, 1248.0], [13.198, 1292.0], [13.197, 2817.0], [13.196, 1559.0], [13.195, 1087.0], [13.194, 1487.0], [13.193, 2955.0]], "asks": [[13.213, 507.0], [13.214, 876.0], [13.215, 971.0], [13.216, 484.0], [13.217, 403.0], [13.218, 1162.0], [13.219, 1210.0], [13.22, 1630.0], [13.221, 1189.0], [13.222, 1578.0], [13.223, 1685.0], [13.224, 1559.0], [13.225, 1681.0], [13.226, 3061.0], [13.227, 1012.0], [13.228, 1595.0], [13.229, 1943.0], [13.23, 1138.0], [13.231, 1199.0], [13.232, 1794.0]], "timestamp": "2025-12-15T09:05:57.733174+00:00"}, {"symbol": "AVAXUSDT", "bids": [[13.22, 395.0], [13.219, 325.0], [13.218, 796.0], [13.217, 968.0], [13.216, 1500.0], [13.215, 1266.0], [13.214, 2243.0], [13.213, 2515.0], [13.212, 2122.0], [13.211, 1252.0], [13.21, 988.0], [13.209, 1331.0], [13.208, 1427.0], [13.207, 1722.0], [13.206, 2540.0], [13.205, 1134.0], [13.204, 1651.0], [13.203, 1177.0], [13.202, 1153.0], [13.201, 1070.0]], "asks": [[13.221, 265.0], [13.222, 434.0], [13.223, 465.0], [13.224, 566.0], [13.225, 587.0], [13.226, 1073.0], [13.227, 1553.0], [13.228, 1776.0], [13.229, 1387.0], [13.23, 1905.0], [13.231, 2534.0], [13.232, 1711.0], [13.233, 1482.0], [13.234, 2997.0], [13.235, 1959.0], [13.236, 2096.0], [13.237, 1326.0], [13.238, 1264.0], [13.239, 1186.0], [13.24, 1639.0]], "timestamp": "2025-12-15T09:06:51.391701+00:00"}, {"symbol": "AVAXUSDT", "bids": [[13.228, 191.0], [13.227, 517.0], [13.226, 676.0], [13.225, 550.0], [13.224, 1139.0], [13.223, 2294.0], [13.222, 1564.0], [13.221, 1919.0], [13.22, 2312.0], [13.219, 2476.0], [13.218, 1743.0], [13.217, 4667.0], [13.216, 1435.0], [13.215, 1763.0], [13.214, 748.0], [13.213, 618.0], [13.212, 888.0], [13.211, 1891.0], [13.21, 3581.0], [13.209, 2774.0]], "asks": [[13.229, 600.0], [13.23, 41.0], [13.231, 240.0], [13.232, 690.0], [13.233, 651.0], [13.234, 1232.0], [13.235, 1403.0], [13.236, 686.0], [13.237, 874.0], [13.238, 1701.0], [13.239, 1148.0], [13.24, 1500.0], [13.241, 1270.0], [13.242, 2799.0], [13.243, 1822.0], [13.244, 1533.0], [13.245, 4662.0], [13.246, 2166.0], [13.247, 1229.0], [13.248, 615.0]], "timestamp": "2025-12-15T09:07:44.844862+00:00"}, {"symbol": "AVAXUSDT", "bids": [[13.22, 316.0], [13.219, 41.0], [13.218, 239.0], [13.217, 373.0], [13.216, 485.0], [13.215, 1092.0], [13.214, 1684.0], [13.213, 1259.0], [13.212, 1631.0], [13.211, 2262.0], [13.21, 1850.0], [13.209, 3979.0], [13.208, 1878.0], [13.207, 1054.0], [13.206, 2679.0], [13.205, 1069.0], [13.204, 896.0], [13.203, 464.0], [13.202, 1453.0], [13.201, 4482.0]], "asks": [[13.221, 1467.0], [13.222, 900.0], [13.223, 1546.0], [13.224, 916.0], [13.225, 1135.0], [13.226, 1581.0], [13.227, 919.0], [13.228, 1772.0], [13.229, 2039.0], [13.23, 895.0], [13.231, 1964.0], [13.232, 2995.0], [13.233, 2203.0], [13.234, 1856.0], [13.235, 2850.0], [13.236, 790.0], [13.237, 671.0], [13.238, 767.0], [13.239, 1014.0], [13.24, 3579.0]], "timestamp": "2025-12-15T09:08:38.810481+00:00"}, {"symbol": "AVAXUSDT", "bids": [[13.221, 348.0], [13.22, 350.0], [13.219, 231.0], [13.218, 948.0], [13.217, 1515.0], [13.216, 1664.0], [13.215, 1566.0], [13.214, 2415.0], [13.213, 2441.0], [13.212, 1225.0], [13.211, 1780.0], [13.21, 1283.0], [13.209, 3744.0], [13.208, 1685.0], [13.207, 2979.0], [13.206, 541.0], [13.205, 923.0], [13.204, 768.0], [13.203, 910.0], [13.202, 5361.0]], "asks": [[13.222, 154.0], [13.223, 655.0], [13.224, 143.0], [13.225, 564.0], [13.226, 1322.0], [13.227, 721.0], [13.228, 895.0], [13.229, 1717.0], [13.23, 1717.0], [13.231, 2431.0], [13.232, 1605.0], [13.233, 1028.0], [13.234, 2925.0], [13.235, 1191.0], [13.236, 1273.0], [13.237, 725.0], [13.238, 925.0], [13.239, 1195.0], [13.24, 3125.0], [13.241, 1241.0]], "timestamp": "2025-12-15T09:09:32.263870+00:00"}, {"symbol": "AVAXUSDT", "bids": [[13.218, 26.0], [13.217, 32.0], [13.216, 111.0], [13.215, 467.0], [13.214, 1203.0], [13.213, 1230.0], [13.212, 1061.0], [13.211, 2505.0], [13.21, 1641.0], [13.209, 4312.0], [13.208, 1415.0], [13.207, 1172.0], [13.206, 848.0], [13.205, 3250.0], [13.204, 993.0], [13.203, 1136.0], [13.202, 4765.0], [13.201, 9371.0], [13.2, 942.0], [13.199, 1158.0]], "asks": [[13.219, 821.0], [13.22, 806.0], [13.221, 754.0], [13.222, 569.0], [13.223, 904.0], [13.224, 1380.0], [13.225, 1296.0], [13.226, 2073.0], [13.227, 1461.0], [13.228, 1398.0], [13.229, 1478.0], [13.23, 1857.0], [13.231, 3796.0], [13.232, 3580.0], [13.233, 434.0], [13.234, 765.0], [13.235, 1030.0], [13.236, 1065.0], [13.237, 563.0], [13.238, 762.0]], "timestamp": "2025-12-15T09:10:26.025063+00:00"}, {"symbol": "AVAXUSDT", "bids": [[13.2, 1161.0], [13.199, 891.0], [13.198, 3789.0], [13.197, 187.0], [13.196, 899.0], [13.195, 1045.0], [13.194, 1533.0], [13.193, 2799.0], [13.192, 1554.0], [13.191, 875.0], [13.19, 1319.0], [13.189, 1743.0], [13.188, 1556.0], [13.187, 1041.0], [13.186, 1069.0], [13.185, 1050.0], [13.184, 2428.0], [13.183, 790.0], [13.182, 1361.0], [13.181, 1321.0]], "asks": [[13.201, 390.0], [13.202, 362.0], [13.203, 714.0], [13.204, 1156.0], [13.205, 1006.0], [13.206, 1685.0], [13.207, 1806.0], [13.208, 2002.0], [13.209, 1820.0], [13.21, 2179.0], [13.211, 1981.0], [13.212, 1599.0], [13.213, 3555.0], [13.214, 1153.0], [13.215, 1463.0], [13.216, 1463.0], [13.217, 944.0], [13.218, 1196.0], [13.219, 1397.0], [13.22, 1018.0]], "timestamp": "2025-12-15T09:11:19.990308+00:00"}, {"symbol": "AVAXUSDT", "bids": [[13.195, 571.0], [13.194, 1802.0], [13.193, 5470.0], [13.192, 944.0], [13.191, 469.0], [13.19, 1299.0], [13.189, 1494.0], [13.188, 2858.0], [13.187, 2656.0], [13.186, 943.0], [13.185, 1764.0], [13.184, 1008.0], [13.183, 1370.0], [13.182, 4513.0], [13.181, 912.0], [13.18, 2223.0], [13.179, 1147.0], [13.178, 4066.0], [13.177, 611.0], [13.176, 726.0]], "asks": [[13.196, 369.0], [13.197, 312.0], [13.198, 1191.0], [13.199, 571.0], [13.2, 986.0], [13.201, 2222.0], [13.202, 1684.0], [13.203, 1152.0], [13.204, 1669.0], [13.205, 1471.0], [13.206, 1264.0], [13.207, 1319.0], [13.208, 2916.0], [13.209, 974.0], [13.21, 2625.0], [13.211, 2051.0], [13.212, 1720.0], [13.213, 2068.0], [13.214, 1067.0], [13.215, 1041.0]], "timestamp": "2025-12-15T09:12:13.750653+00:00"}, {"symbol": "AVAXUSDT", "bids": [[13.198, 1033.0], [13.197, 4832.0], [13.196, 662.0], [13.195, 1513.0], [13.194, 2757.0], [13.193, 2081.0], [13.192, 1470.0], [13.191, 2451.0], [13.19, 1063.0], [13.189, 1093.0], [13.188, 1584.0], [13.187, 1793.0], [13.186, 1570.0], [13.185, 813.0], [13.184, 1556.0], [13.183, 3331.0], [13.182, 2470.0], [13.181, 4106.0], [13.18, 3463.0], [13.179, 561.0]], "asks": [[13.199, 895.0], [13.2, 1039.0], [13.201, 257.0], [13.202, 93.0], [13.203, 816.0], [13.204, 1419.0], [13.205, 1244.0], [13.206, 1030.0], [13.207, 1618.0], [13.208, 2284.0], [13.209, 3161.0], [13.21, 1844.0], [13.211, 1426.0], [13.212, 1641.0], [13.213, 2541.0], [13.214, 1617.0], [13.215, 1071.0], [13.216, 1188.0], [13.217, 945.0], [13.218, 1175.0]], "timestamp": "2025-12-15T09:13:07.408484+00:00"}, {"symbol": "AVAXUSDT", "bids": [[13.199, 5.0], [13.198, 525.0], [13.197, 506.0], [13.196, 661.0], [13.195, 2494.0], [13.194, 2658.0], [13.193, 1783.0], [13.192, 1046.0], [13.191, 2260.0], [13.19, 977.0], [13.189, 1348.0], [13.188, 1773.0], [13.187, 1295.0], [13.186, 1085.0], [13.185, 3158.0], [13.184, 1475.0], [13.183, 845.0], [13.182, 1343.0], [13.181, 1643.0], [13.18, 4519.0]], "asks": [[13.2, 614.0], [13.201, 423.0], [13.202, 994.0], [13.203, 810.0], [13.204, 1546.0], [13.205, 732.0], [13.206, 1285.0], [13.207, 1514.0], [13.208, 1793.0], [13.209, 1804.0], [13.21, 1500.0], [13.211, 2041.0], [13.212, 3429.0], [13.213, 2431.0], [13.214, 1121.0], [13.215, 1141.0], [13.216, 1736.0], [13.217, 916.0], [13.218, 1022.0], [13.219, 2562.0]], "timestamp": "2025-12-15T09:14:00.964927+00:00"}, {"symbol": "AVAXUSDT", "bids": [[13.215, 814.0], [13.214, 813.0], [13.213, 950.0], [13.212, 613.0], [13.211, 1699.0], [13.21, 2216.0], [13.209, 2129.0], [13.208, 2416.0], [13.207, 2678.0], [13.206, 3037.0], [13.205, 1555.0], [13.204, 3706.0], [13.203, 872.0], [13.202, 1344.0], [13.201, 1409.0], [13.2, 770.0], [13.199, 544.0], [13.198, 661.0], [13.197, 854.0], [13.196, 1392.0]], "asks": [[13.216, 94.0], [13.217, 717.0], [13.218, 165.0], [13.219, 678.0], [13.22, 741.0], [13.221, 1729.0], [13.222, 1128.0], [13.223, 705.0], [13.224, 1216.0], [13.225, 1341.0], [13.226, 1285.0], [13.227, 2572.0], [13.228, 560.0], [13.229, 1283.0], [13.23, 895.0], [13.231, 1280.0], [13.232, 1695.0], [13.233, 498.0], [13.234, 1439.0], [13.235, 4668.0]], "timestamp": "2025-12-15T09:14:54.315971+00:00"}, {"symbol": "AVAXUSDT", "bids": [[13.209, 448.0], [13.208, 1469.0], [13.207, 1027.0], [13.206, 1428.0], [13.205, 1767.0], [13.204, 1590.0], [13.203, 1425.0], [13.202, 2269.0], [13.201, 1693.0], [13.2, 1578.0], [13.199, 1389.0], [13.198, 1309.0], [13.197, 1501.0], [13.196, 1485.0], [13.195, 2671.0], [13.194, 1220.0], [13.193, 5036.0], [13.192, 3062.0], [13.191, 854.0], [13.19, 932.0]], "asks": [[13.21, 32.0], [13.211, 223.0], [13.212, 402.0], [13.213, 576.0], [13.214, 958.0], [13.215, 1144.0], [13.216, 1388.0], [13.217, 1107.0], [13.218, 1067.0], [13.219, 1601.0], [13.22, 1438.0], [13.221, 2124.0], [13.222, 3048.0], [13.223, 4725.0], [13.224, 1989.0], [13.225, 1507.0], [13.226, 905.0], [13.227, 666.0], [13.228, 658.0], [13.229, 913.0]], "timestamp": "2025-12-15T09:15:47.974795+00:00"}, {"symbol": "AVAXUSDT", "bids": [[13.205, 10.0], [13.204, 82.0], [13.203, 176.0], [13.202, 719.0], [13.201, 1305.0], [13.2, 1595.0], [13.199, 2403.0], [13.198, 2242.0], [13.197, 1572.0], [13.196, 1090.0], [13.195, 1352.0], [13.194, 2200.0], [13.193, 686.0], [13.192, 2949.0], [13.191, 1258.0], [13.19, 1154.0], [13.189, 1187.0], [13.188, 1905.0], [13.187, 5785.0], [13.186, 522.0]], "asks": [[13.206, 377.0], [13.207, 648.0], [13.208, 789.0], [13.209, 1106.0], [13.21, 1145.0], [13.211, 1079.0], [13.212, 1147.0], [13.213, 1443.0], [13.214, 1830.0], [13.215, 1539.0], [13.216, 1384.0], [13.217, 1366.0], [13.218, 3064.0], [13.219, 931.0], [13.22, 1080.0], [13.221, 2353.0], [13.222, 1901.0], [13.223, 2693.0], [13.224, 4947.0], [13.225, 1421.0]], "timestamp": "2025-12-15T09:16:41.939317+00:00"}, {"symbol": "AVAXUSDT", "bids": [[13.217, 713.0], [13.216, 671.0], [13.215, 531.0], [13.214, 1088.0], [13.213, 1727.0], [13.212, 1709.0], [13.211, 2889.0], [13.21, 1759.0], [13.209, 2566.0], [13.208, 1156.0], [13.207, 1419.0], [13.206, 1379.0], [13.205, 4099.0], [13.204, 1678.0], [13.203, 776.0], [13.202, 865.0], [13.201, 1023.0], [13.2, 1210.0], [13.199, 3818.0], [13.198, 496.0]], "asks": [[13.218, 163.0], [13.219, 292.0], [13.22, 132.0], [13.221, 260.0], [13.222, 912.0], [13.223, 1431.0], [13.224, 870.0], [13.225, 1193.0], [13.226, 1233.0], [13.227, 1532.0], [13.228, 840.0], [13.229, 1825.0], [13.23, 2527.0], [13.231, 1225.0], [13.232, 1166.0], [13.233, 849.0], [13.234, 1360.0], [13.235, 2107.0], [13.236, 3024.0], [13.237, 2375.0]], "timestamp": "2025-12-15T09:17:35.904868+00:00"}, {"symbol": "AVAXUSDT", "bids": [[13.209, 287.0], [13.208, 225.0], [13.207, 608.0], [13.206, 1341.0], [13.205, 1386.0], [13.204, 738.0], [13.203, 1212.0], [13.202, 1903.0], [13.201, 1269.0], [13.2, 1475.0], [13.199, 2730.0], [13.198, 1498.0], [13.197, 1052.0], [13.196, 2453.0], [13.195, 2154.0], [13.194, 6056.0], [13.193, 654.0], [13.192, 1227.0], [13.191, 2049.0], [13.19, 8376.0]], "asks": [[13.21, 26.0], [13.211, 545.0], [13.212, 934.0], [13.213, 404.0], [13.214, 887.0], [13.215, 1369.0], [13.216, 1603.0], [13.217, 1665.0], [13.218, 2990.0], [13.219, 2230.0], [13.22, 1578.0], [13.221, 866.0], [13.222, 1421.0], [13.223, 1178.0], [13.224, 2893.0], [13.225, 888.0], [13.226, 694.0], [13.227, 653.0], [13.228, 657.0], [13.229, 907.0]], "timestamp": "2025-12-15T09:18:29.460723+00:00"}, {"symbol": "AVAXUSDT", "bids": [[13.205, 629.0], [13.204, 1071.0], [13.203, 387.0], [13.202, 779.0], [13.201, 2006.0], [13.2, 1505.0], [13.199, 2377.0], [13.198, 2214.0], [13.197, 1074.0], [13.196, 936.0], [13.195, 1926.0], [13.194, 1792.0], [13.193, 1172.0], [13.192, 2721.0], [13.191, 727.0], [13.19, 1190.0], [13.189, 3487.0], [13.188, 3485.0], [13.187, 1386.0], [13.186, 1595.0]], "asks": [[13.206, 12.0], [13.207, 31.0], [13.208, 616.0], [13.209, 897.0], [13.21, 683.0], [13.211, 1094.0], [13.212, 1122.0], [13.213, 1061.0], [13.214, 1808.0], [13.215, 1167.0], [13.216, 1659.0], [13.217, 1211.0], [13.218, 2574.0], [13.219, 4123.0], [13.22, 1347.0], [13.221, 837.0], [13.222, 1145.0], [13.223, 647.0], [13.224, 535.0], [13.225, 957.0]], "timestamp": "2025-12-15T09:19:23.016889+00:00"}, {"symbol": "AVAXUSDT", "bids": [[13.21, 524.0], [13.209, 504.0], [13.208, 236.0], [13.207, 782.0], [13.206, 783.0], [13.205, 1330.0], [13.204, 1181.0], [13.203, 1268.0], [13.202, 2361.0], [13.201, 1885.0], [13.2, 1233.0], [13.199, 2411.0], [13.198, 1863.0], [13.197, 3409.0], [13.196, 578.0], [13.195, 1088.0], [13.194, 971.0], [13.193, 1688.0], [13.192, 772.0], [13.191, 970.0]], "asks": [[13.211, 34.0], [13.212, 501.0], [13.213, 155.0], [13.214, 559.0], [13.215, 909.0], [13.216, 1339.0], [13.217, 1510.0], [13.218, 2433.0], [13.219, 2654.0], [13.22, 1746.0], [13.221, 753.0], [13.222, 1398.0], [13.223, 3046.0], [13.224, 648.0], [13.225, 1050.0], [13.226, 1424.0], [13.227, 5220.0], [13.228, 734.0], [13.229, 851.0], [13.23, 760.0]], "timestamp": "2025-12-15T09:20:16.879732+00:00"}, {"symbol": "AVAXUSDT", "bids": [[13.212, 561.0], [13.211, 1345.0], [13.21, 780.0], [13.209, 617.0], [13.208, 1626.0], [13.207, 1311.0], [13.206, 868.0], [13.205, 1209.0], [13.204, 2511.0], [13.203, 1018.0], [13.202, 1446.0], [13.201, 2308.0], [13.2, 1325.0], [13.199, 2350.0], [13.198, 1495.0], [13.197, 2609.0], [13.196, 456.0], [13.195, 1440.0], [13.194, 4046.0], [13.193, 640.0]], "asks": [[13.213, 69.0], [13.214, 97.0], [13.215, 966.0], [13.216, 499.0], [13.217, 1009.0], [13.218, 1119.0], [13.219, 1957.0], [13.22, 737.0], [13.221, 784.0], [13.222, 1620.0], [13.223, 886.0], [13.224, 2455.0], [13.225, 1504.0], [13.226, 744.0], [13.227, 916.0], [13.228, 656.0], [13.229, 1321.0], [13.23, 1395.0], [13.231, 3751.0], [13.232, 14122.0]], "timestamp": "2025-12-15T09:21:10.640669+00:00"}, {"symbol": "AVAXUSDT", "bids": [[13.216, 335.0], [13.215, 1607.0], [13.214, 841.0], [13.213, 745.0], [13.212, 628.0], [13.211, 1324.0], [13.21, 1506.0], [13.209, 884.0], [13.208, 1547.0], [13.207, 2708.0], [13.206, 1449.0], [13.205, 1076.0], [13.204, 3745.0], [13.203, 768.0], [13.202, 1454.0], [13.201, 982.0], [13.2, 957.0], [13.199, 1497.0], [13.198, 1118.0], [13.197, 2337.0]], "asks": [[13.217, 173.0], [13.218, 115.0], [13.219, 829.0], [13.22, 222.0], [13.221, 1028.0], [13.222, 909.0], [13.223, 1348.0], [13.224, 1396.0], [13.225, 1353.0], [13.226, 1113.0], [13.227, 2616.0], [13.228, 935.0], [13.229, 1492.0], [13.23, 1355.0], [13.231, 1517.0], [13.232, 1260.0], [13.233, 1767.0], [13.234, 5085.0], [13.235, 2080.0], [13.236, 2428.0]], "timestamp": "2025-12-15T09:22:04.196715+00:00"}, {"symbol": "AVAXUSDT", "bids": [[13.207, 6.0], [13.206, 40.0], [13.205, 75.0], [13.204, 439.0], [13.203, 507.0], [13.202, 1112.0], [13.201, 1749.0], [13.2, 885.0], [13.199, 1657.0], [13.198, 834.0], [13.197, 2076.0], [13.196, 3750.0], [13.195, 2074.0], [13.194, 5558.0], [13.193, 641.0], [13.192, 748.0], [13.191, 1566.0], [13.19, 2262.0], [13.189, 8336.0], [13.188, 745.0]], "asks": [[13.208, 678.0], [13.209, 1468.0], [13.21, 978.0], [13.211, 1300.0], [13.212, 1746.0], [13.213, 2004.0], [13.214, 2090.0], [13.215, 1157.0], [13.216, 1811.0], [13.217, 1835.0], [13.218, 575.0], [13.219, 2030.0], [13.22, 993.0], [13.221, 2493.0], [13.222, 1147.0], [13.223, 2082.0], [13.224, 1482.0], [13.225, 1240.0], [13.226, 767.0], [13.227, 1186.0]], "timestamp": "2025-12-15T09:22:58.059670+00:00"}, {"symbol": "AVAXUSDT", "bids": [[13.21, 498.0], [13.209, 849.0], [13.208, 621.0], [13.207, 880.0], [13.206, 681.0], [13.205, 1061.0], [13.204, 1219.0], [13.203, 1944.0], [13.202, 2168.0], [13.201, 962.0], [13.2, 935.0], [13.199, 1176.0], [13.198, 2887.0], [13.197, 1421.0], [13.196, 958.0], [13.195, 1079.0], [13.194, 1222.0], [13.193, 641.0], [13.192, 893.0], [13.191, 1939.0]], "asks": [[13.211, 104.0], [13.212, 203.0], [13.213, 1316.0], [13.214, 1003.0], [13.215, 1333.0], [13.216, 1142.0], [13.217, 679.0], [13.218, 931.0], [13.219, 2203.0], [13.22, 1153.0], [13.221, 1294.0], [13.222, 3139.0], [13.223, 1661.0], [13.224, 2550.0], [13.225, 1761.0], [13.226, 673.0], [13.227, 668.0], [13.228, 1370.0], [13.229, 4952.0], [13.23, 2966.0]], "timestamp": "2025-12-15T09:23:51.513678+00:00"}, {"symbol": "AVAXUSDT", "bids": [[13.208, 195.0], [13.207, 542.0], [13.206, 559.0], [13.205, 688.0], [13.204, 1650.0], [13.203, 1673.0], [13.202, 1111.0], [13.201, 2351.0], [13.2, 1165.0], [13.199, 1632.0], [13.198, 1614.0], [13.197, 1432.0], [13.196, 1004.0], [13.195, 2371.0], [13.194, 831.0], [13.193, 710.0], [13.192, 1658.0], [13.191, 7397.0], [13.19, 824.0], [13.189, 788.0]], "asks": [[13.209, 50.0], [13.21, 160.0], [13.211, 608.0], [13.212, 1151.0], [13.213, 1349.0], [13.214, 1451.0], [13.215, 2115.0], [13.216, 1361.0], [13.217, 1312.0], [13.218, 2165.0], [13.219, 1817.0], [13.22, 1684.0], [13.221, 2712.0], [13.222, 1087.0], [13.223, 935.0], [13.224, 590.0], [13.225, 949.0], [13.226, 1128.0], [13.227, 685.0], [13.228, 1350.0]], "timestamp": "2025-12-15T09:24:45.377361+00:00"}, {"symbol": "AVAXUSDT", "bids": [[13.223, 767.0], [13.222, 698.0], [13.221, 851.0], [13.22, 1016.0], [13.219, 498.0], [13.218, 1534.0], [13.217, 1323.0], [13.216, 1314.0], [13.215, 1803.0], [13.214, 1178.0], [13.213, 1909.0], [13.212, 1129.0], [13.211, 2289.0], [13.21, 1004.0], [13.209, 1306.0], [13.208, 1264.0], [13.207, 865.0], [13.206, 781.0], [13.205, 1770.0], [13.204, 4131.0]], "asks": [[13.224, 102.0], [13.225, 11.0], [13.226, 379.0], [13.227, 548.0], [13.228, 640.0], [13.229, 1425.0], [13.23, 1021.0], [13.231, 1424.0], [13.232, 962.0], [13.233, 683.0], [13.234, 1388.0], [13.235, 1220.0], [13.236, 3047.0], [13.237, 624.0], [13.238, 1421.0], [13.239, 1351.0], [13.24, 3066.0], [13.241, 2162.0], [13.242, 824.0], [13.243, 2086.0]], "timestamp": "2025-12-15T09:25:39.342151+00:00"}, {"symbol": "AVAXUSDT", "bids": [[13.222, 483.0], [13.221, 173.0], [13.22, 770.0], [13.219, 222.0], [13.218, 1425.0], [13.217, 1231.0], [13.216, 1073.0], [13.215, 632.0], [13.214, 1275.0], [13.213, 2837.0], [13.212, 507.0], [13.211, 914.0], [13.21, 1248.0], [13.209, 3450.0], [13.208, 1250.0], [13.207, 879.0], [13.206, 905.0], [13.205, 1412.0], [13.204, 4149.0], [13.203, 3458.0]], "asks": [[13.223, 92.0], [13.224, 146.0], [13.225, 445.0], [13.226, 631.0], [13.227, 1101.0], [13.228, 1249.0], [13.229, 1076.0], [13.23, 1226.0], [13.231, 1765.0], [13.232, 1614.0], [13.233, 1484.0], [13.234, 1296.0], [13.235, 2994.0], [13.236, 862.0], [13.237, 521.0], [13.238, 1227.0], [13.239, 1058.0], [13.24, 2946.0], [13.241, 1055.0], [13.242, 4970.0]], "timestamp": "2025-12-15T09:26:33.410927+00:00"}, {"symbol": "AVAXUSDT", "bids": [[13.22, 423.0], [13.219, 208.0], [13.218, 474.0], [13.217, 942.0], [13.216, 1511.0], [13.215, 1368.0], [13.214, 1044.0], [13.213, 1956.0], [13.212, 1983.0], [13.211, 1057.0], [13.21, 1747.0], [13.209, 1874.0], [13.208, 3799.0], [13.207, 1257.0], [13.206, 2515.0], [13.205, 971.0], [13.204, 953.0], [13.203, 2076.0], [13.202, 1311.0], [13.201, 3609.0]], "asks": [[13.221, 235.0], [13.222, 432.0], [13.223, 442.0], [13.224, 698.0], [13.225, 1477.0], [13.226, 1705.0], [13.227, 852.0], [13.228, 509.0], [13.229, 975.0], [13.23, 800.0], [13.231, 1369.0], [13.232, 2716.0], [13.233, 1942.0], [13.234, 869.0], [13.235, 2128.0], [13.236, 1436.0], [13.237, 602.0], [13.238, 1215.0], [13.239, 1108.0], [13.24, 3348.0]], "timestamp": "2025-12-15T09:27:27.375071+00:00"}, {"symbol": "AVAXUSDT", "bids": [[13.214, 302.0], [13.213, 234.0], [13.212, 517.0], [13.211, 995.0], [13.21, 1899.0], [13.209, 1143.0], [13.208, 2238.0], [13.207, 2047.0], [13.206, 2075.0], [13.205, 1472.0], [13.204, 2032.0], [13.203, 2774.0], [13.202, 926.0], [13.201, 856.0], [13.2, 937.0], [13.199, 595.0], [13.198, 769.0], [13.197, 1718.0], [13.196, 3325.0], [13.195, 5251.0]], "asks": [[13.215, 107.0], [13.216, 630.0], [13.217, 677.0], [13.218, 599.0], [13.219, 887.0], [13.22, 1476.0], [13.221, 1685.0], [13.222, 937.0], [13.223, 1500.0], [13.224, 1609.0], [13.225, 934.0], [13.226, 2630.0], [13.227, 603.0], [13.228, 874.0], [13.229, 942.0], [13.23, 1308.0], [13.231, 1264.0], [13.232, 1521.0], [13.233, 840.0], [13.234, 1443.0]], "timestamp": "2025-12-15T09:28:21.033618+00:00"}, {"symbol": "AVAXUSDT", "bids": [[13.205, 182.0], [13.204, 155.0], [13.203, 208.0], [13.202, 686.0], [13.201, 1302.0], [13.2, 1294.0], [13.199, 1726.0], [13.198, 2792.0], [13.197, 1084.0], [13.196, 1089.0], [13.195, 1400.0], [13.194, 1751.0], [13.193, 2098.0], [13.192, 2837.0], [13.191, 878.0], [13.19, 1676.0], [13.189, 3504.0], [13.188, 1134.0], [13.187, 3085.0], [13.186, 950.0]], "asks": [[13.206, 402.0], [13.207, 235.0], [13.208, 728.0], [13.209, 602.0], [13.21, 867.0], [13.211, 1587.0], [13.212, 1106.0], [13.213, 1442.0], [13.214, 1028.0], [13.215, 1257.0], [13.216, 1230.0], [13.217, 1441.0], [13.218, 2532.0], [13.219, 1405.0], [13.22, 1912.0], [13.221, 2401.0], [13.222, 1222.0], [13.223, 2135.0], [13.224, 656.0], [13.225, 987.0]], "timestamp": "2025-12-15T09:29:14.794220+00:00"}, {"symbol": "AVAXUSDT", "bids": [[13.207, 311.0], [13.206, 147.0], [13.205, 432.0], [13.204, 813.0], [13.203, 967.0], [13.202, 1618.0], [13.201, 1317.0], [13.2, 1677.0], [13.199, 2595.0], [13.198, 2340.0], [13.197, 1467.0], [13.196, 680.0], [13.195, 1327.0], [13.194, 3249.0], [13.193, 782.0], [13.192, 1124.0], [13.191, 699.0], [13.19, 1280.0], [13.189, 2049.0], [13.188, 8698.0]], "asks": [[13.208, 169.0], [13.209, 303.0], [13.21, 1040.0], [13.211, 823.0], [13.212, 1135.0], [13.213, 1263.0], [13.214, 1239.0], [13.215, 1047.0], [13.216, 1092.0], [13.217, 1798.0], [13.218, 1003.0], [13.219, 1397.0], [13.22, 2388.0], [13.221, 1903.0], [13.222, 769.0], [13.223, 2731.0], [13.224, 991.0], [13.225, 1954.0], [13.226, 1218.0], [13.227, 910.0]], "timestamp": "2025-12-15T09:30:08.657191+00:00"}, {"symbol": "AVAXUSDT", "bids": [[13.191, 14.0], [13.19, 17.0], [13.189, 417.0], [13.188, 697.0], [13.187, 928.0], [13.186, 2186.0], [13.185, 1375.0], [13.184, 1636.0], [13.183, 1943.0], [13.182, 1154.0], [13.181, 1769.0], [13.18, 1613.0], [13.179, 3244.0], [13.178, 1123.0], [13.177, 875.0], [13.176, 3228.0], [13.175, 4186.0], [13.174, 1874.0], [13.173, 1173.0], [13.172, 636.0]], "asks": [[13.192, 370.0], [13.193, 845.0], [13.194, 1240.0], [13.195, 917.0], [13.196, 1417.0], [13.197, 2014.0], [13.198, 1983.0], [13.199, 2271.0], [13.2, 1663.0], [13.201, 1299.0], [13.202, 901.0], [13.203, 838.0], [13.204, 2953.0], [13.205, 1423.0], [13.206, 1595.0], [13.207, 1386.0], [13.208, 2156.0], [13.209, 1162.0], [13.21, 493.0], [13.211, 980.0]], "timestamp": "2025-12-15T09:31:02.315765+00:00"}, {"symbol": "AVAXUSDT", "bids": [[13.21, 1.0], [13.209, 5060.0], [13.208, 325.0], [13.207, 731.0], [13.206, 790.0], [13.205, 1478.0], [13.204, 1460.0], [13.203, 1242.0], [13.202, 1011.0], [13.201, 2800.0], [13.2, 990.0], [13.199, 1516.0], [13.198, 1525.0], [13.197, 672.0], [13.196, 763.0], [13.195, 1063.0], [13.194, 3037.0], [13.193, 423.0], [13.192, 835.0], [13.191, 1069.0]], "asks": [[13.211, 379.0], [13.212, 30.0], [13.213, 490.0], [13.214, 1208.0], [13.215, 1303.0], [13.216, 936.0], [13.217, 1771.0], [13.218, 1394.0], [13.219, 1179.0], [13.22, 1815.0], [13.221, 2876.0], [13.222, 694.0], [13.223, 1313.0], [13.224, 837.0], [13.225, 1446.0], [13.226, 2893.0], [13.227, 1017.0], [13.228, 1392.0], [13.229, 1911.0], [13.23, 5441.0]], "timestamp": "2025-12-15T09:31:55.667821+00:00"}, {"symbol": "AVAXUSDT", "bids": [[13.208, 182.0], [13.207, 1244.0], [13.206, 3615.0], [13.205, 807.0], [13.204, 1308.0], [13.203, 1275.0], [13.202, 1014.0], [13.201, 1554.0], [13.2, 2844.0], [13.199, 1088.0], [13.198, 872.0], [13.197, 966.0], [13.196, 1365.0], [13.195, 2438.0], [13.194, 1346.0], [13.193, 539.0], [13.192, 880.0], [13.191, 1000.0], [13.19, 1229.0], [13.189, 1889.0]], "asks": [[13.209, 45.0], [13.21, 234.0], [13.211, 368.0], [13.212, 300.0], [13.213, 1631.0], [13.214, 1213.0], [13.215, 1307.0], [13.216, 991.0], [13.217, 1480.0], [13.218, 911.0], [13.219, 1737.0], [13.22, 3726.0], [13.221, 1122.0], [13.222, 812.0], [13.223, 1201.0], [13.224, 925.0], [13.225, 1482.0], [13.226, 3740.0], [13.227, 1440.0], [13.228, 1629.0]], "timestamp": "2025-12-15T09:32:49.222546+00:00"}, {"symbol": "AVAXUSDT", "bids": [[13.196, 195.0], [13.195, 947.0], [13.194, 3898.0], [13.193, 464.0], [13.192, 305.0], [13.191, 818.0], [13.19, 1309.0], [13.189, 1886.0], [13.188, 2604.0], [13.187, 1064.0], [13.186, 1297.0], [13.185, 1461.0], [13.184, 1318.0], [13.183, 828.0], [13.182, 1608.0], [13.181, 1302.0], [13.18, 1352.0], [13.179, 5039.0], [13.178, 754.0], [13.177, 618.0]], "asks": [[13.197, 134.0], [13.198, 536.0], [13.199, 616.0], [13.2, 1175.0], [13.201, 1666.0], [13.202, 1180.0], [13.203, 1712.0], [13.204, 1307.0], [13.205, 997.0], [13.206, 1216.0], [13.207, 1084.0], [13.208, 1213.0], [13.209, 2620.0], [13.21, 755.0], [13.211, 915.0], [13.212, 1830.0], [13.213, 1486.0], [13.214, 1548.0], [13.215, 2619.0], [13.216, 12438.0]], "timestamp": "2025-12-15T09:33:43.188112+00:00"}, {"symbol": "AVAXUSDT", "bids": [[13.2, 249.0], [13.199, 86.0], [13.198, 354.0], [13.197, 637.0], [13.196, 938.0], [13.195, 1456.0], [13.194, 1157.0], [13.193, 1284.0], [13.192, 2384.0], [13.191, 822.0], [13.19, 2093.0], [13.189, 2406.0], [13.188, 1062.0], [13.187, 1468.0], [13.186, 2655.0], [13.185, 791.0], [13.184, 1351.0], [13.183, 664.0], [13.182, 1490.0], [13.181, 5825.0]], "asks": [[13.201, 1.0], [13.202, 299.0], [13.203, 288.0], [13.204, 804.0], [13.205, 1588.0], [13.206, 919.0], [13.207, 928.0], [13.208, 1568.0], [13.209, 1213.0], [13.21, 1240.0], [13.211, 2037.0], [13.212, 1375.0], [13.213, 2822.0], [13.214, 1885.0], [13.215, 836.0], [13.216, 803.0], [13.217, 1032.0], [13.218, 586.0], [13.219, 1146.0], [13.22, 5537.0]], "timestamp": "2025-12-15T09:34:37.051234+00:00"}, {"symbol": "AVAXUSDT", "bids": [[13.197, 242.0], [13.196, 151.0], [13.195, 537.0], [13.194, 781.0], [13.193, 1045.0], [13.192, 1350.0], [13.191, 1695.0], [13.19, 2778.0], [13.189, 1876.0], [13.188, 1396.0], [13.187, 589.0], [13.186, 1427.0], [13.185, 1828.0], [13.184, 2964.0], [13.183, 800.0], [13.182, 774.0], [13.181, 649.0], [13.18, 1241.0], [13.179, 1995.0], [13.178, 3095.0]], "asks": [[13.198, 54.0], [13.199, 338.0], [13.2, 265.0], [13.201, 417.0], [13.202, 1811.0], [13.203, 1232.0], [13.204, 1116.0], [13.205, 1052.0], [13.206, 978.0], [13.207, 1209.0], [13.208, 2053.0], [13.209, 2440.0], [13.21, 765.0], [13.211, 1604.0], [13.212, 1973.0], [13.213, 1763.0], [13.214, 1366.0], [13.215, 835.0], [13.216, 578.0], [13.217, 1582.0]], "timestamp": "2025-12-15T09:35:30.606698+00:00"}, {"symbol": "AVAXUSDT", "bids": [[13.199, 220.0], [13.198, 193.0], [13.197, 499.0], [13.196, 506.0], [13.195, 1267.0], [13.194, 1078.0], [13.193, 1508.0], [13.192, 1610.0], [13.191, 745.0], [13.19, 1877.0], [13.189, 2003.0], [13.188, 1780.0], [13.187, 1042.0], [13.186, 1440.0], [13.185, 2883.0], [13.184, 1008.0], [13.183, 1089.0], [13.182, 1398.0], [13.181, 3868.0], [13.18, 814.0]], "asks": [[13.2, 389.0], [13.201, 319.0], [13.202, 398.0], [13.203, 662.0], [13.204, 871.0], [13.205, 1476.0], [13.206, 931.0], [13.207, 1317.0], [13.208, 2204.0], [13.209, 1650.0], [13.21, 1354.0], [13.211, 1553.0], [13.212, 2893.0], [13.213, 1619.0], [13.214, 1603.0], [13.215, 758.0], [13.216, 780.0], [13.217, 1644.0], [13.218, 1308.0], [13.219, 5240.0]], "timestamp": "2025-12-15T09:36:24.162937+00:00"}, {"symbol": "AVAXUSDT", "bids": [[13.197, 54.0], [13.196, 375.0], [13.195, 1184.0], [13.194, 5027.0], [13.193, 383.0], [13.192, 916.0], [13.191, 1503.0], [13.19, 2607.0], [13.189, 2280.0], [13.188, 1333.0], [13.187, 785.0], [13.186, 989.0], [13.185, 1655.0], [13.184, 999.0], [13.183, 1116.0], [13.182, 1731.0], [13.181, 7583.0], [13.18, 802.0], [13.179, 1704.0], [13.178, 1145.0]], "asks": [[13.198, 187.0], [13.199, 774.0], [13.2, 650.0], [13.201, 1143.0], [13.202, 1235.0], [13.203, 838.0], [13.204, 846.0], [13.205, 1529.0], [13.206, 884.0], [13.207, 1721.0], [13.208, 3786.0], [13.209, 1137.0], [13.21, 1583.0], [13.211, 1304.0], [13.212, 1416.0], [13.213, 1061.0], [13.214, 1375.0], [13.215, 1625.0], [13.216, 921.0], [13.217, 1724.0]], "timestamp": "2025-12-15T09:37:17.923773+00:00"}, {"symbol": "AVAXUSDT", "bids": [[13.197, 37.0], [13.196, 4529.0], [13.195, 455.0], [13.194, 578.0], [13.193, 375.0], [13.192, 1124.0], [13.191, 1635.0], [13.19, 2637.0], [13.189, 2264.0], [13.188, 1249.0], [13.187, 785.0], [13.186, 990.0], [13.185, 1873.0], [13.184, 1068.0], [13.183, 1164.0], [13.182, 3967.0], [13.181, 3422.0], [13.18, 780.0], [13.179, 2066.0], [13.178, 2957.0]], "asks": [[13.198, 296.0], [13.199, 171.0], [13.2, 443.0], [13.201, 1429.0], [13.202, 1316.0], [13.203, 747.0], [13.204, 638.0], [13.205, 1345.0], [13.206, 957.0], [13.207, 1445.0], [13.208, 2248.0], [13.209, 2779.0], [13.21, 1623.0], [13.211, 1566.0], [13.212, 1383.0], [13.213, 909.0], [13.214, 1500.0], [13.215, 1626.0], [13.216, 1401.0], [13.217, 1979.0]], "timestamp": "2025-12-15T09:38:11.787242+00:00"}, {"symbol": "AVAXUSDT", "bids": [[13.198, 226.0], [13.197, 4618.0], [13.196, 501.0], [13.195, 739.0], [13.194, 1032.0], [13.193, 1007.0], [13.192, 668.0], [13.191, 1196.0], [13.19, 2612.0], [13.189, 2264.0], [13.188, 1257.0], [13.187, 605.0], [13.186, 1509.0], [13.185, 3837.0], [13.184, 1081.0], [13.183, 1043.0], [13.182, 1405.0], [13.181, 3407.0], [13.18, 1114.0], [13.179, 3945.0]], "asks": [[13.199, 200.0], [13.2, 223.0], [13.201, 841.0], [13.202, 1234.0], [13.203, 779.0], [13.204, 612.0], [13.205, 1050.0], [13.206, 1129.0], [13.207, 1739.0], [13.208, 1874.0], [13.209, 3382.0], [13.21, 1302.0], [13.211, 1402.0], [13.212, 1837.0], [13.213, 784.0], [13.214, 1496.0], [13.215, 1626.0], [13.216, 1500.0], [13.217, 1979.0], [13.218, 1253.0]], "timestamp": "2025-12-15T09:39:05.547552+00:00"}, {"symbol": "AVAXUSDT", "bids": [[13.201, 417.0], [13.2, 4405.0], [13.199, 250.0], [13.198, 976.0], [13.197, 1191.0], [13.196, 618.0], [13.195, 1356.0], [13.194, 2205.0], [13.193, 948.0], [13.192, 1008.0], [13.191, 1378.0], [13.19, 1291.0], [13.189, 2377.0], [13.188, 1660.0], [13.187, 2542.0], [13.186, 904.0], [13.185, 947.0], [13.184, 1436.0], [13.183, 3498.0], [13.182, 1861.0]], "asks": [[13.202, 168.0], [13.203, 313.0], [13.204, 265.0], [13.205, 708.0], [13.206, 802.0], [13.207, 948.0], [13.208, 1115.0], [13.209, 1599.0], [13.21, 1956.0], [13.211, 1796.0], [13.212, 1167.0], [13.213, 1405.0], [13.214, 2197.0], [13.215, 3268.0], [13.216, 1292.0], [13.217, 1281.0], [13.218, 1053.0], [13.219, 4760.0], [13.22, 999.0], [13.221, 634.0]], "timestamp": "2025-12-15T09:39:59.453457+00:00"}, {"symbol": "AVAXUSDT", "bids": [[13.203, 282.0], [13.202, 4496.0], [13.201, 546.0], [13.2, 92.0], [13.199, 732.0], [13.198, 1485.0], [13.197, 1126.0], [13.196, 2381.0], [13.195, 878.0], [13.194, 1183.0], [13.193, 931.0], [13.192, 771.0], [13.191, 1043.0], [13.19, 1842.0], [13.189, 4898.0], [13.188, 1375.0], [13.187, 518.0], [13.186, 698.0], [13.185, 662.0], [13.184, 1579.0]], "asks": [[13.204, 492.0], [13.205, 19.0], [13.206, 327.0], [13.207, 944.0], [13.208, 1345.0], [13.209, 1304.0], [13.21, 1947.0], [13.211, 1731.0], [13.212, 1226.0], [13.213, 1753.0], [13.214, 1787.0], [13.215, 2097.0], [13.216, 3770.0], [13.217, 1063.0], [13.218, 1038.0], [13.219, 4458.0], [13.22, 1001.0], [13.221, 633.0], [13.222, 733.0], [13.223, 869.0]], "timestamp": "2025-12-15T09:40:53.068724+00:00"}, {"symbol": "AVAXUSDT", "bids": [[13.207, 74.0], [13.206, 1202.0], [13.205, 5467.0], [13.204, 760.0], [13.203, 1097.0], [13.202, 1503.0], [13.201, 2671.0], [13.2, 638.0], [13.199, 941.0], [13.198, 1043.0], [13.197, 408.0], [13.196, 850.0], [13.195, 1664.0], [13.194, 1508.0], [13.193, 2628.0], [13.192, 936.0], [13.191, 684.0], [13.19, 1157.0], [13.189, 2064.0], [13.188, 1953.0]], "asks": [[13.208, 201.0], [13.209, 380.0], [13.21, 695.0], [13.211, 972.0], [13.212, 1500.0], [13.213, 1109.0], [13.214, 1444.0], [13.215, 1200.0], [13.216, 1616.0], [13.217, 2448.0], [13.218, 1102.0], [13.219, 1517.0], [13.22, 2580.0], [13.221, 2709.0], [13.222, 1247.0], [13.223, 1097.0], [13.224, 1121.0], [13.225, 1357.0], [13.226, 1974.0], [13.227, 2828.0]], "timestamp": "2025-12-15T09:41:46.931791+00:00"}, {"symbol": "AVAXUSDT", "bids": [[13.204, 19.0], [13.203, 271.0], [13.202, 526.0], [13.201, 1463.0], [13.2, 5083.0], [13.199, 1107.0], [13.198, 3226.0], [13.197, 690.0], [13.196, 544.0], [13.195, 1218.0], [13.194, 1162.0], [13.193, 685.0], [13.192, 1222.0], [13.191, 1209.0], [13.19, 3115.0], [13.189, 1648.0], [13.188, 1770.0], [13.187, 3514.0], [13.186, 1039.0], [13.185, 3039.0]], "asks": [[13.205, 930.0], [13.206, 704.0], [13.207, 771.0], [13.208, 1374.0], [13.209, 1106.0], [13.21, 1281.0], [13.211, 1155.0], [13.212, 1124.0], [13.213, 1395.0], [13.214, 1804.0], [13.215, 1035.0], [13.216, 978.0], [13.217, 1304.0], [13.218, 2617.0], [13.219, 837.0], [13.22, 1225.0], [13.221, 678.0], [13.222, 898.0], [13.223, 1730.0], [13.224, 5106.0]], "timestamp": "2025-12-15T09:42:40.795002+00:00"}, {"symbol": "AVAXUSDT", "bids": [[13.204, 189.0], [13.203, 4509.0], [13.202, 395.0], [13.201, 770.0], [13.2, 991.0], [13.199, 716.0], [13.198, 1933.0], [13.197, 884.0], [13.196, 1509.0], [13.195, 1262.0], [13.194, 1523.0], [13.193, 845.0], [13.192, 2849.0], [13.191, 666.0], [13.19, 921.0], [13.189, 1461.0], [13.188, 1297.0], [13.187, 3381.0], [13.186, 1989.0], [13.185, 2892.0]], "asks": [[13.205, 510.0], [13.206, 254.0], [13.207, 648.0], [13.208, 1059.0], [13.209, 1302.0], [13.21, 1032.0], [13.211, 690.0], [13.212, 714.0], [13.213, 1456.0], [13.214, 1670.0], [13.215, 940.0], [13.216, 813.0], [13.217, 2702.0], [13.218, 805.0], [13.219, 864.0], [13.22, 1506.0], [13.221, 657.0], [13.222, 728.0], [13.223, 1644.0], [13.224, 1059.0]], "timestamp": "2025-12-15T09:43:34.248500+00:00"}, {"symbol": "AVAXUSDT", "bids": [[13.204, 1130.0], [13.203, 5116.0], [13.202, 581.0], [13.201, 804.0], [13.2, 936.0], [13.199, 1382.0], [13.198, 1807.0], [13.197, 728.0], [13.196, 1677.0], [13.195, 1153.0], [13.194, 1686.0], [13.193, 3259.0], [13.192, 1381.0], [13.191, 754.0], [13.19, 817.0], [13.189, 1646.0], [13.188, 1815.0], [13.187, 3691.0], [13.186, 917.0], [13.185, 3082.0]], "asks": [[13.205, 595.0], [13.206, 431.0], [13.207, 297.0], [13.208, 904.0], [13.209, 1092.0], [13.21, 1154.0], [13.211, 915.0], [13.212, 1190.0], [13.213, 1434.0], [13.214, 1972.0], [13.215, 1417.0], [13.216, 1065.0], [13.217, 1495.0], [13.218, 2180.0], [13.219, 1044.0], [13.22, 1962.0], [13.221, 844.0], [13.222, 1137.0], [13.223, 2217.0], [13.224, 5018.0]], "timestamp": "2025-12-15T09:44:27.804314+00:00"}, {"symbol": "AVAXUSDT", "bids": [[13.203, 198.0], [13.202, 806.0], [13.201, 5164.0], [13.2, 288.0], [13.199, 1045.0], [13.198, 2270.0], [13.197, 861.0], [13.196, 1677.0], [13.195, 1153.0], [13.194, 1055.0], [13.193, 1064.0], [13.192, 1941.0], [13.191, 3000.0], [13.19, 1161.0], [13.189, 1637.0], [13.188, 1815.0], [13.187, 3600.0], [13.186, 2432.0], [13.185, 2980.0], [13.184, 982.0]], "asks": [[13.204, 401.0], [13.205, 1177.0], [13.206, 519.0], [13.207, 687.0], [13.208, 2108.0], [13.209, 1263.0], [13.21, 1435.0], [13.211, 1114.0], [13.212, 1007.0], [13.213, 1170.0], [13.214, 1884.0], [13.215, 1954.0], [13.216, 1386.0], [13.217, 2939.0], [13.218, 973.0], [13.219, 1907.0], [13.22, 2032.0], [13.221, 829.0], [13.222, 998.0], [13.223, 2240.0]], "timestamp": "2025-12-15T09:45:21.872156+00:00"}, {"symbol": "AVAXUSDT", "bids": [[13.203, 220.0], [13.202, 1498.0], [13.201, 4813.0], [13.2, 485.0], [13.199, 1843.0], [13.198, 2208.0], [13.197, 1938.0], [13.196, 1466.0], [13.195, 1021.0], [13.194, 1206.0], [13.193, 1471.0], [13.192, 843.0], [13.191, 1467.0], [13.19, 1834.0], [13.189, 4200.0], [13.188, 3611.0], [13.187, 3601.0], [13.186, 2204.0], [13.185, 1605.0], [13.184, 795.0]], "asks": [[13.204, 807.0], [13.205, 1311.0], [13.206, 488.0], [13.207, 1173.0], [13.208, 1732.0], [13.209, 1687.0], [13.21, 1267.0], [13.211, 1451.0], [13.212, 1799.0], [13.213, 1238.0], [13.214, 1652.0], [13.215, 1656.0], [13.216, 3378.0], [13.217, 1477.0], [13.218, 1481.0], [13.219, 1751.0], [13.22, 1555.0], [13.221, 1592.0], [13.222, 674.0], [13.223, 971.0]], "timestamp": "2025-12-15T09:46:15.735259+00:00"}, {"symbol": "AVAXUSDT", "bids": [[13.199, 1103.0], [13.198, 1913.0], [13.197, 5185.0], [13.196, 1587.0], [13.195, 1419.0], [13.194, 1084.0], [13.193, 1929.0], [13.192, 2167.0], [13.191, 850.0], [13.19, 1619.0], [13.189, 1944.0], [13.188, 1454.0], [13.187, 963.0], [13.186, 1705.0], [13.185, 3532.0], [13.184, 1040.0], [13.183, 644.0], [13.182, 2364.0], [13.181, 4380.0], [13.18, 1174.0]], "asks": [[13.2, 95.0], [13.201, 88.0], [13.202, 576.0], [13.203, 2163.0], [13.204, 1738.0], [13.205, 1265.0], [13.206, 2054.0], [13.207, 2099.0], [13.208, 2705.0], [13.209, 1780.0], [13.21, 954.0], [13.211, 1150.0], [13.212, 4038.0], [13.213, 1289.0], [13.214, 1293.0], [13.215, 981.0], [13.216, 1666.0], [13.217, 1304.0], [13.218, 1715.0], [13.219, 1830.0]], "timestamp": "2025-12-15T09:47:09.188918+00:00"}, {"symbol": "AVAXUSDT", "bids": [[13.2, 618.0], [13.199, 2015.0], [13.198, 4785.0], [13.197, 1009.0], [13.196, 2199.0], [13.195, 1486.0], [13.194, 2293.0], [13.193, 1435.0], [13.192, 994.0], [13.191, 1009.0], [13.19, 2247.0], [13.189, 2497.0], [13.188, 1395.0], [13.187, 545.0], [13.186, 1373.0], [13.185, 3599.0], [13.184, 1099.0], [13.183, 1521.0], [13.182, 5786.0], [13.181, 3221.0]], "asks": [[13.201, 39.0], [13.202, 437.0], [13.203, 561.0], [13.204, 1083.0], [13.205, 1674.0], [13.206, 2379.0], [13.207, 2200.0], [13.208, 2029.0], [13.209, 2125.0], [13.21, 1399.0], [13.211, 966.0], [13.212, 1785.0], [13.213, 1839.0], [13.214, 3405.0], [13.215, 1597.0], [13.216, 1666.0], [13.217, 1258.0], [13.218, 1257.0], [13.219, 1561.0], [13.22, 2015.0]], "timestamp": "2025-12-15T09:48:03.154195+00:00"}, {"symbol": "AVAXUSDT", "bids": [[13.196, 104.0], [13.195, 4454.0], [13.194, 267.0], [13.193, 1662.0], [13.192, 1725.0], [13.191, 751.0], [13.19, 1533.0], [13.189, 1069.0], [13.188, 2172.0], [13.187, 943.0], [13.186, 1560.0], [13.185, 2784.0], [13.184, 1362.0], [13.183, 1320.0], [13.182, 3282.0], [13.181, 5116.0], [13.18, 915.0], [13.179, 1502.0], [13.178, 3548.0], [13.177, 1115.0]], "asks": [[13.197, 121.0], [13.198, 394.0], [13.199, 739.0], [13.2, 1470.0], [13.201, 1201.0], [13.202, 1296.0], [13.203, 1728.0], [13.204, 1278.0], [13.205, 1566.0], [13.206, 2323.0], [13.207, 2262.0], [13.208, 2112.0], [13.209, 2480.0], [13.21, 4141.0], [13.211, 963.0], [13.212, 1697.0], [13.213, 1029.0], [13.214, 1289.0], [13.215, 1518.0], [13.216, 1791.0]], "timestamp": "2025-12-15T09:48:56.402944+00:00"}, {"symbol": "AVAXUSDT", "bids": [[13.202, 366.0], [13.201, 4116.0], [13.2, 1323.0], [13.199, 277.0], [13.198, 1101.0], [13.197, 1079.0], [13.196, 1622.0], [13.195, 1300.0], [13.194, 2006.0], [13.193, 1616.0], [13.192, 1532.0], [13.191, 1399.0], [13.19, 2087.0], [13.189, 2199.0], [13.188, 3789.0], [13.187, 1075.0], [13.186, 1176.0], [13.185, 1772.0], [13.184, 919.0], [13.183, 1746.0]], "asks": [[13.203, 83.0], [13.204, 188.0], [13.205, 885.0], [13.206, 1602.0], [13.207, 1066.0], [13.208, 1771.0], [13.209, 1691.0], [13.21, 1850.0], [13.211, 1587.0], [13.212, 2312.0], [13.213, 1532.0], [13.214, 2027.0], [13.215, 3504.0], [13.216, 1707.0], [13.217, 714.0], [13.218, 1040.0], [13.219, 1618.0], [13.22, 3170.0], [13.221, 3859.0], [13.222, 16435.0]], "timestamp": "2025-12-15T09:49:52.211615+00:00"}, {"symbol": "AVAXUSDT", "bids": [[13.211, 230.0], [13.21, 376.0], [13.209, 1123.0], [13.208, 1044.0], [13.207, 1610.0], [13.206, 2008.0], [13.205, 1292.0], [13.204, 2098.0], [13.203, 3372.0], [13.202, 2271.0], [13.201, 1006.0], [13.2, 1764.0], [13.199, 1032.0], [13.198, 1171.0], [13.197, 1636.0], [13.196, 2210.0], [13.195, 3256.0], [13.194, 1215.0], [13.193, 2628.0], [13.192, 830.0]], "asks": [[13.212, 385.0], [13.213, 362.0], [13.214, 1352.0], [13.215, 753.0], [13.216, 1175.0], [13.217, 1703.0], [13.218, 1432.0], [13.219, 1474.0], [13.22, 1244.0], [13.221, 2000.0], [13.222, 1230.0], [13.223, 2926.0], [13.224, 2537.0], [13.225, 1807.0], [13.226, 2734.0], [13.227, 562.0], [13.228, 1058.0], [13.229, 2095.0], [13.23, 3683.0], [13.231, 4705.0]], "timestamp": "2025-12-15T09:50:45.869839+00:00"}, {"symbol": "AVAXUSDT", "bids": [[13.227, 1150.0], [13.226, 513.0], [13.225, 1611.0], [13.224, 1384.0], [13.223, 2288.0], [13.222, 1257.0], [13.221, 2617.0], [13.22, 1885.0], [13.219, 1188.0], [13.218, 1138.0], [13.217, 1990.0], [13.216, 2449.0], [13.215, 1368.0], [13.214, 1859.0], [13.213, 1883.0], [13.212, 3340.0], [13.211, 916.0], [13.21, 1101.0], [13.209, 1549.0], [13.208, 945.0]], "asks": [[13.228, 56.0], [13.229, 19.0], [13.23, 120.0], [13.231, 826.0], [13.232, 1946.0], [13.233, 758.0], [13.234, 762.0], [13.235, 1301.0], [13.236, 639.0], [13.237, 1408.0], [13.238, 2027.0], [13.239, 702.0], [13.24, 1301.0], [13.241, 2069.0], [13.242, 461.0], [13.243, 977.0], [13.244, 1476.0], [13.245, 828.0], [13.246, 1123.0], [13.247, 1756.0]], "timestamp": "2025-12-15T09:51:39.528082+00:00"}, {"symbol": "AVAXUSDT", "bids": [[13.219, 775.0], [13.218, 562.0], [13.217, 965.0], [13.216, 420.0], [13.215, 1297.0], [13.214, 3338.0], [13.213, 1173.0], [13.212, 1251.0], [13.211, 891.0], [13.21, 1391.0], [13.209, 3518.0], [13.208, 1832.0], [13.207, 3690.0], [13.206, 1563.0], [13.205, 1298.0], [13.204, 3071.0], [13.203, 1307.0], [13.202, 886.0], [13.201, 860.0], [13.2, 1552.0]], "asks": [[13.22, 132.0], [13.221, 121.0], [13.222, 792.0], [13.223, 1096.0], [13.224, 1040.0], [13.225, 1128.0], [13.226, 1557.0], [13.227, 1211.0], [13.228, 788.0], [13.229, 1255.0], [13.23, 1019.0], [13.231, 2085.0], [13.232, 4019.0], [13.233, 767.0], [13.234, 919.0], [13.235, 1958.0], [13.236, 887.0], [13.237, 1046.0], [13.238, 1733.0], [13.239, 1613.0]], "timestamp": "2025-12-15T09:52:33.185901+00:00"}, {"symbol": "AVAXUSDT", "bids": [[13.237, 479.0], [13.236, 1048.0], [13.235, 518.0], [13.234, 904.0], [13.233, 1841.0], [13.232, 849.0], [13.231, 1662.0], [13.23, 1656.0], [13.229, 2323.0], [13.228, 1793.0], [13.227, 1703.0], [13.226, 2714.0], [13.225, 908.0], [13.224, 880.0], [13.223, 1411.0], [13.222, 855.0], [13.221, 988.0], [13.22, 3497.0], [13.219, 868.0], [13.218, 1433.0]], "asks": [[13.238, 10.0], [13.239, 50.0], [13.24, 99.0], [13.241, 1065.0], [13.242, 794.0], [13.243, 893.0], [13.244, 1675.0], [13.245, 1181.0], [13.246, 1144.0], [13.247, 2011.0], [13.248, 789.0], [13.249, 1186.0], [13.25, 3558.0], [13.251, 529.0], [13.252, 1665.0], [13.253, 2190.0], [13.254, 4258.0], [13.255, 2017.0], [13.256, 1853.0], [13.257, 1376.0]], "timestamp": "2025-12-15T09:53:26.946570+00:00"}, {"symbol": "AVAXUSDT", "bids": [[13.225, 728.0], [13.224, 835.0], [13.223, 1273.0], [13.222, 914.0], [13.221, 1326.0], [13.22, 1953.0], [13.219, 1186.0], [13.218, 1986.0], [13.217, 2746.0], [13.216, 1140.0], [13.215, 1404.0], [13.214, 4140.0], [13.213, 979.0], [13.212, 1076.0], [13.211, 765.0], [13.21, 758.0], [13.209, 1483.0], [13.208, 733.0], [13.207, 1109.0], [13.206, 1694.0]], "asks": [[13.226, 219.0], [13.227, 7.0], [13.228, 382.0], [13.229, 534.0], [13.23, 1867.0], [13.231, 1419.0], [13.232, 614.0], [13.233, 939.0], [13.234, 1156.0], [13.235, 1710.0], [13.236, 1084.0], [13.237, 1156.0], [13.238, 3051.0], [13.239, 1495.0], [13.24, 2078.0], [13.241, 2556.0], [13.242, 2692.0], [13.243, 1686.0], [13.244, 1523.0], [13.245, 1331.0]], "timestamp": "2025-12-15T09:54:20.707615+00:00"}, {"symbol": "AVAXUSDT", "bids": [[13.233, 500.0], [13.232, 285.0], [13.231, 985.0], [13.23, 1034.0], [13.229, 2117.0], [13.228, 1645.0], [13.227, 1610.0], [13.226, 2758.0], [13.225, 1044.0], [13.224, 1157.0], [13.223, 2088.0], [13.222, 1200.0], [13.221, 2231.0], [13.22, 771.0], [13.219, 1885.0], [13.218, 3228.0], [13.217, 544.0], [13.216, 775.0], [13.215, 1118.0], [13.214, 1956.0]], "asks": [[13.234, 259.0], [13.235, 127.0], [13.236, 617.0], [13.237, 903.0], [13.238, 1343.0], [13.239, 620.0], [13.24, 1291.0], [13.241, 1535.0], [13.242, 1273.0], [13.243, 1380.0], [13.244, 1948.0], [13.245, 1780.0], [13.246, 1381.0], [13.247, 1563.0], [13.248, 2271.0], [13.249, 938.0], [13.25, 1947.0], [13.251, 860.0], [13.252, 1289.0], [13.253, 1511.0]], "timestamp": "2025-12-15T09:55:15.901390+00:00"}, {"symbol": "AVAXUSDT", "bids": [[13.229, 78.0], [13.228, 42.0], [13.227, 999.0], [13.226, 1129.0], [13.225, 1401.0], [13.224, 1004.0], [13.223, 2026.0], [13.222, 1859.0], [13.221, 927.0], [13.22, 1399.0], [13.219, 2666.0], [13.218, 1194.0], [13.217, 929.0], [13.216, 2331.0], [13.215, 895.0], [13.214, 1757.0], [13.213, 1442.0], [13.212, 4351.0], [13.211, 11563.0], [13.21, 2038.0]], "asks": [[13.23, 459.0], [13.231, 166.0], [13.232, 782.0], [13.233, 717.0], [13.234, 1150.0], [13.235, 1288.0], [13.236, 1161.0], [13.237, 966.0], [13.238, 1765.0], [13.239, 1354.0], [13.24, 1626.0], [13.241, 3425.0], [13.242, 2598.0], [13.243, 809.0], [13.244, 3877.0], [13.245, 1103.0], [13.246, 985.0], [13.247, 1790.0], [13.248, 664.0], [13.249, 773.0]], "timestamp": "2025-12-15T09:56:09.662120+00:00"}, {"symbol": "AVAXUSDT", "bids": [[13.219, 332.0], [13.218, 285.0], [13.217, 385.0], [13.216, 229.0], [13.215, 1059.0], [13.214, 1559.0], [13.213, 1455.0], [13.212, 2272.0], [13.211, 1029.0], [13.21, 958.0], [13.209, 1485.0], [13.208, 964.0], [13.207, 1126.0], [13.206, 2259.0], [13.205, 3090.0], [13.204, 4146.0], [13.203, 4041.0], [13.202, 664.0], [13.201, 975.0], [13.2, 1499.0]], "asks": [[13.22, 494.0], [13.221, 535.0], [13.222, 495.0], [13.223, 1772.0], [13.224, 1665.0], [13.225, 1820.0], [13.226, 2040.0], [13.227, 1009.0], [13.228, 2368.0], [13.229, 1986.0], [13.23, 1188.0], [13.231, 807.0], [13.232, 1946.0], [13.233, 2854.0], [13.234, 1769.0], [13.235, 1935.0], [13.236, 759.0], [13.237, 970.0], [13.238, 1940.0], [13.239, 564.0]], "timestamp": "2025-12-15T09:57:03.320108+00:00"}, {"symbol": "AVAXUSDT", "bids": [[13.218, 497.0], [13.217, 909.0], [13.216, 609.0], [13.215, 1493.0], [13.214, 3295.0], [13.213, 1540.0], [13.212, 2301.0], [13.211, 1906.0], [13.21, 3254.0], [13.209, 1537.0], [13.208, 2147.0], [13.207, 1577.0], [13.206, 1766.0], [13.205, 2454.0], [13.204, 640.0], [13.203, 1529.0], [13.202, 1021.0], [13.201, 4279.0], [13.2, 1873.0], [13.199, 3292.0]], "asks": [[13.219, 66.0], [13.22, 267.0], [13.221, 323.0], [13.222, 204.0], [13.223, 1046.0], [13.224, 936.0], [13.225, 1320.0], [13.226, 1635.0], [13.227, 1544.0], [13.228, 1721.0], [13.229, 2104.0], [13.23, 1800.0], [13.231, 1403.0], [13.232, 3910.0], [13.233, 878.0], [13.234, 1864.0], [13.235, 1569.0], [13.236, 844.0], [13.237, 1355.0], [13.238, 2195.0]], "timestamp": "2025-12-15T09:57:56.978342+00:00"}, {"symbol": "AVAXUSDT", "bids": [[13.219, 382.0], [13.218, 482.0], [13.217, 1318.0], [13.216, 957.0], [13.215, 2027.0], [13.214, 2601.0], [13.213, 1651.0], [13.212, 2934.0], [13.211, 1544.0], [13.21, 2597.0], [13.209, 1234.0], [13.208, 1690.0], [13.207, 1572.0], [13.206, 2266.0], [13.205, 2767.0], [13.204, 690.0], [13.203, 1571.0], [13.202, 1346.0], [13.201, 4281.0], [13.2, 1869.0]], "asks": [[13.22, 68.0], [13.221, 217.0], [13.222, 361.0], [13.223, 1259.0], [13.224, 854.0], [13.225, 1177.0], [13.226, 1632.0], [13.227, 1839.0], [13.228, 1992.0], [13.229, 1706.0], [13.23, 1778.0], [13.231, 1492.0], [13.232, 3700.0], [13.233, 959.0], [13.234, 2083.0], [13.235, 1569.0], [13.236, 844.0], [13.237, 1072.0], [13.238, 2195.0], [13.239, 1894.0]], "timestamp": "2025-12-15T09:58:50.943620+00:00"}, {"symbol": "AVAXUSDT", "bids": [[13.222, 744.0], [13.221, 205.0], [13.22, 1311.0], [13.219, 499.0], [13.218, 1961.0], [13.217, 1988.0], [13.216, 3186.0], [13.215, 3037.0], [13.214, 1724.0], [13.213, 1233.0], [13.212, 1013.0], [13.211, 1207.0], [13.21, 2178.0], [13.209, 1194.0], [13.208, 1713.0], [13.207, 2685.0], [13.206, 1705.0], [13.205, 3541.0], [13.204, 882.0], [13.203, 1527.0]], "asks": [[13.223, 319.0], [13.224, 620.0], [13.225, 745.0], [13.226, 1078.0], [13.227, 1224.0], [13.228, 1871.0], [13.229, 1907.0], [13.23, 1901.0], [13.231, 1437.0], [13.232, 2468.0], [13.233, 666.0], [13.234, 1410.0], [13.235, 1915.0], [13.236, 3051.0], [13.237, 1173.0], [13.238, 1815.0], [13.239, 1045.0], [13.24, 1020.0], [13.241, 1888.0], [13.242, 988.0]], "timestamp": "2025-12-15T09:59:45.113909+00:00"}, {"symbol": "AVAXUSDT", "bids": [[13.221, 29.0], [13.22, 1037.0], [13.219, 292.0], [13.218, 503.0], [13.217, 2398.0], [13.216, 1147.0], [13.215, 2049.0], [13.214, 3123.0], [13.213, 1019.0], [13.212, 1013.0], [13.211, 1779.0], [13.21, 2121.0], [13.209, 917.0], [13.208, 1507.0], [13.207, 3429.0], [13.206, 2483.0], [13.205, 6036.0], [13.204, 1337.0], [13.203, 2510.0], [13.202, 693.0]], "asks": [[13.222, 448.0], [13.223, 1620.0], [13.224, 1311.0], [13.225, 838.0], [13.226, 1188.0], [13.227, 1389.0], [13.228, 1660.0], [13.229, 1760.0], [13.23, 921.0], [13.231, 2221.0], [13.232, 3184.0], [13.233, 1290.0], [13.234, 1220.0], [13.235, 3272.0], [13.236, 1528.0], [13.237, 773.0], [13.238, 1508.0], [13.239, 575.0], [13.24, 955.0], [13.241, 1344.0]], "timestamp": "2025-12-15T10:00:39.284281+00:00"}, {"symbol": "AVAXUSDT", "bids": [[13.228, 138.0], [13.227, 503.0], [13.226, 1315.0], [13.225, 1089.0], [13.224, 2780.0], [13.223, 2523.0], [13.222, 2128.0], [13.221, 1700.0], [13.22, 3543.0], [13.219, 2729.0], [13.218, 1051.0], [13.217, 963.0], [13.216, 2174.0], [13.215, 1345.0], [13.214, 1248.0], [13.213, 3595.0], [13.212, 508.0], [13.211, 784.0], [13.21, 2931.0], [13.209, 2946.0]], "asks": [[13.229, 293.0], [13.23, 205.0], [13.231, 446.0], [13.232, 1263.0], [13.233, 1262.0], [13.234, 1469.0], [13.235, 1845.0], [13.236, 1075.0], [13.237, 705.0], [13.238, 1423.0], [13.239, 946.0], [13.24, 2835.0], [13.241, 1320.0], [13.242, 761.0], [13.243, 945.0], [13.244, 2195.0], [13.245, 1762.0], [13.246, 1122.0], [13.247, 2525.0], [13.248, 1986.0]], "timestamp": "2025-12-15T10:01:32.942299+00:00"}, {"symbol": "AVAXUSDT", "bids": [[13.217, 856.0], [13.216, 174.0], [13.215, 316.0], [13.214, 703.0], [13.213, 2713.0], [13.212, 1326.0], [13.211, 2247.0], [13.21, 2434.0], [13.209, 2011.0], [13.208, 1485.0], [13.207, 1547.0], [13.206, 1702.0], [13.205, 1587.0], [13.204, 3108.0], [13.203, 1493.0], [13.202, 3616.0], [13.201, 1963.0], [13.2, 9422.0], [13.199, 3331.0], [13.198, 970.0]], "asks": [[13.218, 581.0], [13.219, 646.0], [13.22, 1529.0], [13.221, 890.0], [13.222, 1686.0], [13.223, 2092.0], [13.224, 712.0], [13.225, 1208.0], [13.226, 2351.0], [13.227, 939.0], [13.228, 1010.0], [13.229, 1564.0], [13.23, 1379.0], [13.231, 3266.0], [13.232, 3197.0], [13.233, 1740.0], [13.234, 1690.0], [13.235, 1430.0], [13.236, 981.0], [13.237, 1129.0]], "timestamp": "2025-12-15T10:02:27.010086+00:00"}, {"symbol": "AVAXUSDT", "bids": [[13.228, 15.0], [13.227, 885.0], [13.226, 144.0], [13.225, 741.0], [13.224, 2369.0], [13.223, 1298.0], [13.222, 2021.0], [13.221, 2335.0], [13.22, 2020.0], [13.219, 2961.0], [13.218, 1136.0], [13.217, 1550.0], [13.216, 1742.0], [13.215, 957.0], [13.214, 1489.0], [13.213, 3404.0], [13.212, 1437.0], [13.211, 5693.0], [13.21, 1537.0], [13.209, 1866.0]], "asks": [[13.229, 896.0], [13.23, 504.0], [13.231, 423.0], [13.232, 1166.0], [13.233, 1162.0], [13.234, 1179.0], [13.235, 1782.0], [13.236, 1052.0], [13.237, 885.0], [13.238, 1910.0], [13.239, 852.0], [13.24, 1576.0], [13.241, 3212.0], [13.242, 751.0], [13.243, 1834.0], [13.244, 2711.0], [13.245, 1859.0], [13.246, 1520.0], [13.247, 5526.0], [13.248, 1122.0]], "timestamp": "2025-12-15T10:03:20.361042+00:00"}, {"symbol": "AVAXUSDT", "bids": [[13.225, 202.0], [13.224, 262.0], [13.223, 748.0], [13.222, 1415.0], [13.221, 2333.0], [13.22, 2188.0], [13.219, 2418.0], [13.218, 1534.0], [13.217, 2129.0], [13.216, 2167.0], [13.215, 1927.0], [13.214, 1130.0], [13.213, 1689.0], [13.212, 1238.0], [13.211, 3902.0], [13.21, 3457.0], [13.209, 2252.0], [13.208, 3174.0], [13.207, 834.0], [13.206, 2756.0]], "asks": [[13.226, 304.0], [13.227, 347.0], [13.228, 344.0], [13.229, 1095.0], [13.23, 863.0], [13.231, 881.0], [13.232, 1714.0], [13.233, 670.0], [13.234, 1141.0], [13.235, 1727.0], [13.236, 1521.0], [13.237, 1167.0], [13.238, 3014.0], [13.239, 921.0], [13.24, 1405.0], [13.241, 1968.0], [13.242, 751.0], [13.243, 1546.0], [13.244, 2409.0], [13.245, 1916.0]], "timestamp": "2025-12-15T10:04:14.429903+00:00"}, {"symbol": "AVAXUSDT", "bids": [[13.238, 357.0], [13.237, 625.0], [13.236, 593.0], [13.235, 1212.0], [13.234, 2683.0], [13.233, 1163.0], [13.232, 2222.0], [13.231, 4188.0], [13.23, 2171.0], [13.229, 1841.0], [13.228, 1851.0], [13.227, 1298.0], [13.226, 1784.0], [13.225, 3643.0], [13.224, 913.0], [13.223, 582.0], [13.222, 1307.0], [13.221, 664.0], [13.22, 1171.0], [13.219, 1813.0]], "asks": [[13.239, 46.0], [13.24, 328.0], [13.241, 1300.0], [13.242, 233.0], [13.243, 1055.0], [13.244, 1648.0], [13.245, 857.0], [13.246, 1690.0], [13.247, 1756.0], [13.248, 609.0], [13.249, 1333.0], [13.25, 3333.0], [13.251, 1211.0], [13.252, 978.0], [13.253, 1790.0], [13.254, 1715.0], [13.255, 1935.0], [13.256, 2798.0], [13.257, 1818.0], [13.258, 4977.0]], "timestamp": "2025-12-15T10:05:07.882272+00:00"}, {"symbol": "AVAXUSDT", "bids": [[13.226, 440.0], [13.225, 860.0], [13.224, 342.0], [13.223, 725.0], [13.222, 1932.0], [13.221, 2071.0], [13.22, 2112.0], [13.219, 3718.0], [13.218, 1368.0], [13.217, 1465.0], [13.216, 1942.0], [13.215, 945.0], [13.214, 1683.0], [13.213, 3508.0], [13.212, 2108.0], [13.211, 4998.0], [13.21, 9004.0], [13.209, 1350.0], [13.208, 2989.0], [13.207, 1069.0]], "asks": [[13.227, 429.0], [13.228, 92.0], [13.229, 453.0], [13.23, 899.0], [13.231, 1069.0], [13.232, 1891.0], [13.233, 801.0], [13.234, 1574.0], [13.235, 1863.0], [13.236, 2333.0], [13.237, 961.0], [13.238, 1650.0], [13.239, 1050.0], [13.24, 2908.0], [13.241, 3316.0], [13.242, 2615.0], [13.243, 1523.0], [13.244, 1854.0], [13.245, 887.0], [13.246, 1229.0]], "timestamp": "2025-12-15T10:06:01.643667+00:00"}, {"symbol": "AVAXUSDT", "bids": [[13.216, 1091.0], [13.215, 1538.0], [13.214, 3489.0], [13.213, 967.0], [13.212, 879.0], [13.211, 2477.0], [13.21, 2497.0], [13.209, 2531.0], [13.208, 2402.0], [13.207, 1423.0], [13.206, 1770.0], [13.205, 1786.0], [13.204, 1912.0], [13.203, 6835.0], [13.202, 587.0], [13.201, 818.0], [13.2, 1585.0], [13.199, 741.0], [13.198, 1345.0], [13.197, 3705.0]], "asks": [[13.217, 76.0], [13.218, 99.0], [13.219, 865.0], [13.22, 1478.0], [13.221, 732.0], [13.222, 1043.0], [13.223, 1419.0], [13.224, 1074.0], [13.225, 1548.0], [13.226, 1973.0], [13.227, 503.0], [13.228, 772.0], [13.229, 1971.0], [13.23, 4665.0], [13.231, 768.0], [13.232, 2771.0], [13.233, 700.0], [13.234, 555.0], [13.235, 1484.0], [13.236, 939.0]], "timestamp": "2025-12-15T10:06:55.300783+00:00"}, {"symbol": "AVAXUSDT", "bids": [[13.202, 313.0], [13.201, 1621.0], [13.2, 6380.0], [13.199, 2069.0], [13.198, 2094.0], [13.197, 975.0], [13.196, 1847.0], [13.195, 1373.0], [13.194, 2472.0], [13.193, 2247.0], [13.192, 1136.0], [13.191, 1058.0], [13.19, 1799.0], [13.189, 1168.0], [13.188, 2227.0], [13.187, 3041.0], [13.186, 933.0], [13.185, 1537.0], [13.184, 1974.0], [13.183, 4728.0]], "asks": [[13.203, 116.0], [13.204, 183.0], [13.205, 757.0], [13.206, 821.0], [13.207, 1929.0], [13.208, 2774.0], [13.209, 937.0], [13.21, 1469.0], [13.211, 1312.0], [13.212, 808.0], [13.213, 1059.0], [13.214, 1810.0], [13.215, 2398.0], [13.216, 694.0], [13.217, 2432.0], [13.218, 1809.0], [13.219, 2270.0], [13.22, 1456.0], [13.221, 464.0], [13.222, 1385.0]], "timestamp": "2025-12-15T10:07:49.471899+00:00"}, {"symbol": "AVAXUSDT", "bids": [[13.207, 70.0], [13.206, 1188.0], [13.205, 5250.0], [13.204, 580.0], [13.203, 1701.0], [13.202, 2363.0], [13.201, 1085.0], [13.2, 3159.0], [13.199, 2217.0], [13.198, 1389.0], [13.197, 2055.0], [13.196, 1913.0], [13.195, 1010.0], [13.194, 1157.0], [13.193, 1756.0], [13.192, 1094.0], [13.191, 3409.0], [13.19, 3558.0], [13.189, 7334.0], [13.188, 8355.0]], "asks": [[13.208, 333.0], [13.209, 752.0], [13.21, 713.0], [13.211, 989.0], [13.212, 1380.0], [13.213, 1299.0], [13.214, 1671.0], [13.215, 1119.0], [13.216, 1082.0], [13.217, 2084.0], [13.218, 1371.0], [13.219, 1716.0], [13.22, 4304.0], [13.221, 682.0], [13.222, 1049.0], [13.223, 1742.0], [13.224, 1032.0], [13.225, 1208.0], [13.226, 1620.0], [13.227, 1094.0]], "timestamp": "2025-12-15T10:08:43.129748+00:00"}, {"symbol": "AVAXUSDT", "bids": [[13.205, 227.0], [13.204, 161.0], [13.203, 718.0], [13.202, 1420.0], [13.201, 1960.0], [13.2, 2048.0], [13.199, 2376.0], [13.198, 3147.0], [13.197, 1494.0], [13.196, 2492.0], [13.195, 1093.0], [13.194, 1391.0], [13.193, 2804.0], [13.192, 1021.0], [13.191, 876.0], [13.19, 2419.0], [13.189, 9193.0], [13.188, 8390.0], [13.187, 1161.0], [13.186, 2088.0]], "asks": [[13.206, 601.0], [13.207, 845.0], [13.208, 1258.0], [13.209, 591.0], [13.21, 835.0], [13.211, 1693.0], [13.212, 1032.0], [13.213, 1268.0], [13.214, 2001.0], [13.215, 995.0], [13.216, 1065.0], [13.217, 1768.0], [13.218, 1644.0], [13.219, 4462.0], [13.22, 2176.0], [13.221, 862.0], [13.222, 1505.0], [13.223, 1287.0], [13.224, 1461.0], [13.225, 1570.0]], "timestamp": "2025-12-15T10:09:36.685330+00:00"}, {"symbol": "AVAXUSDT", "bids": [[13.205, 290.0], [13.204, 5507.0], [13.203, 312.0], [13.202, 1485.0], [13.201, 4858.0], [13.2, 2115.0], [13.199, 2111.0], [13.198, 2012.0], [13.197, 1475.0], [13.196, 1799.0], [13.195, 1155.0], [13.194, 2113.0], [13.193, 2667.0], [13.192, 812.0], [13.191, 1111.0], [13.19, 2086.0], [13.189, 4763.0], [13.188, 8382.0], [13.187, 994.0], [13.186, 4229.0]], "asks": [[13.206, 159.0], [13.207, 751.0], [13.208, 239.0], [13.209, 429.0], [13.21, 1207.0], [13.211, 1459.0], [13.212, 645.0], [13.213, 1191.0], [13.214, 2110.0], [13.215, 1380.0], [13.216, 992.0], [13.217, 1607.0], [13.218, 2758.0], [13.219, 1915.0], [13.22, 1535.0], [13.221, 1039.0], [13.222, 1963.0], [13.223, 1529.0], [13.224, 1539.0], [13.225, 1662.0]], "timestamp": "2025-12-15T10:10:30.753199+00:00"}, {"symbol": "AVAXUSDT", "bids": [[13.208, 203.0], [13.207, 5340.0], [13.206, 504.0], [13.205, 1812.0], [13.204, 2116.0], [13.203, 1582.0], [13.202, 2818.0], [13.201, 4193.0], [13.2, 2271.0], [13.199, 2944.0], [13.198, 1825.0], [13.197, 1275.0], [13.196, 1558.0], [13.195, 783.0], [13.194, 1290.0], [13.193, 4359.0], [13.192, 880.0], [13.191, 1209.0], [13.19, 2111.0], [13.189, 4763.0]], "asks": [[13.209, 745.0], [13.21, 416.0], [13.211, 663.0], [13.212, 518.0], [13.213, 1537.0], [13.214, 2223.0], [13.215, 1050.0], [13.216, 881.0], [13.217, 2067.0], [13.218, 1010.0], [13.219, 1891.0], [13.22, 1855.0], [13.221, 2646.0], [13.222, 1097.0], [13.223, 1914.0], [13.224, 2208.0], [13.225, 1661.0], [13.226, 2700.0], [13.227, 4436.0], [13.228, 942.0]], "timestamp": "2025-12-15T10:11:24.104346+00:00"}, {"symbol": "AVAXUSDT", "bids": [[13.215, 10.0], [13.214, 552.0], [13.213, 2551.0], [13.212, 6092.0], [13.211, 2291.0], [13.21, 3054.0], [13.209, 5996.0], [13.208, 1373.0], [13.207, 1372.0], [13.206, 1743.0], [13.205, 1059.0], [13.204, 1024.0], [13.203, 1243.0], [13.202, 2011.0], [13.201, 1063.0], [13.2, 4083.0], [13.199, 2266.0], [13.198, 1155.0], [13.197, 1686.0], [13.196, 1948.0]], "asks": [[13.216, 462.0], [13.217, 406.0], [13.218, 552.0], [13.219, 937.0], [13.22, 1382.0], [13.221, 1082.0], [13.222, 927.0], [13.223, 1577.0], [13.224, 1460.0], [13.225, 1186.0], [13.226, 1701.0], [13.227, 1035.0], [13.228, 2510.0], [13.229, 2196.0], [13.23, 1259.0], [13.231, 1202.0], [13.232, 2201.0], [13.233, 1084.0], [13.234, 1968.0], [13.235, 3069.0]], "timestamp": "2025-12-15T10:12:18.069680+00:00"}, {"symbol": "AVAXUSDT", "bids": [[13.215, 182.0], [13.214, 5320.0], [13.213, 912.0], [13.212, 904.0], [13.211, 2125.0], [13.21, 2324.0], [13.209, 2267.0], [13.208, 1596.0], [13.207, 1514.0], [13.206, 1708.0], [13.205, 1089.0], [13.204, 1020.0], [13.203, 872.0], [13.202, 1445.0], [13.201, 3427.0], [13.2, 2826.0], [13.199, 1529.0], [13.198, 601.0], [13.197, 1474.0], [13.196, 2216.0]], "asks": [[13.216, 645.0], [13.217, 507.0], [13.218, 134.0], [13.219, 676.0], [13.22, 1714.0], [13.221, 815.0], [13.222, 927.0], [13.223, 1654.0], [13.224, 1461.0], [13.225, 1201.0], [13.226, 1624.0], [13.227, 1038.0], [13.228, 2297.0], [13.229, 1743.0], [13.23, 1387.0], [13.231, 1808.0], [13.232, 1884.0], [13.233, 1335.0], [13.234, 1968.0], [13.235, 3068.0]], "timestamp": "2025-12-15T10:13:11.753319+00:00"}, {"symbol": "AVAXUSDT", "bids": [[13.215, 210.0], [13.214, 1258.0], [13.213, 6490.0], [13.212, 1068.0], [13.211, 2414.0], [13.21, 2433.0], [13.209, 2140.0], [13.208, 1394.0], [13.207, 1380.0], [13.206, 1570.0], [13.205, 1594.0], [13.204, 801.0], [13.203, 852.0], [13.202, 1479.0], [13.201, 3075.0], [13.2, 2854.0], [13.199, 1503.0], [13.198, 632.0], [13.197, 1250.0], [13.196, 1913.0]], "asks": [[13.216, 307.0], [13.217, 376.0], [13.218, 477.0], [13.219, 832.0], [13.22, 1433.0], [13.221, 815.0], [13.222, 1172.0], [13.223, 1571.0], [13.224, 1538.0], [13.225, 1299.0], [13.226, 1558.0], [13.227, 1166.0], [13.228, 2441.0], [13.229, 1743.0], [13.23, 1404.0], [13.231, 2218.0], [13.232, 2499.0], [13.233, 1092.0], [13.234, 1432.0], [13.235, 2656.0]], "timestamp": "2025-12-15T10:14:05.591372+00:00"}, {"symbol": "AVAXUSDT", "bids": [[13.216, 360.0], [13.215, 1101.0], [13.214, 5541.0], [13.213, 1399.0], [13.212, 1077.0], [13.211, 2454.0], [13.21, 2821.0], [13.209, 2293.0], [13.208, 1659.0], [13.207, 1717.0], [13.206, 1829.0], [13.205, 1853.0], [13.204, 1046.0], [13.203, 1076.0], [13.202, 1475.0], [13.201, 1440.0], [13.2, 5070.0], [13.199, 1664.0], [13.198, 872.0], [13.197, 1729.0]], "asks": [[13.217, 115.0], [13.218, 289.0], [13.219, 335.0], [13.22, 1109.0], [13.221, 1187.0], [13.222, 1046.0], [13.223, 1562.0], [13.224, 999.0], [13.225, 1187.0], [13.226, 1658.0], [13.227, 1184.0], [13.228, 1469.0], [13.229, 3432.0], [13.23, 1388.0], [13.231, 2219.0], [13.232, 2515.0], [13.233, 1298.0], [13.234, 1898.0], [13.235, 3222.0], [13.236, 4907.0]], "timestamp": "2025-12-15T10:14:58.839625+00:00"}, {"symbol": "AVAXUSDT", "bids": [[13.218, 10.0], [13.217, 3795.0], [13.216, 52.0], [13.215, 433.0], [13.214, 1690.0], [13.213, 1486.0], [13.212, 2220.0], [13.211, 878.0], [13.21, 1928.0], [13.209, 910.0], [13.208, 1480.0], [13.207, 1285.0], [13.206, 1909.0], [13.205, 1296.0], [13.204, 3176.0], [13.203, 1388.0], [13.202, 2663.0], [13.201, 4046.0], [13.2, 2254.0], [13.199, 3782.0]], "asks": [[13.219, 556.0], [13.22, 598.0], [13.221, 1148.0], [13.222, 871.0], [13.223, 1187.0], [13.224, 1983.0], [13.225, 1421.0], [13.226, 1243.0], [13.227, 1288.0], [13.228, 2353.0], [13.229, 2290.0], [13.23, 2270.0], [13.231, 4094.0], [13.232, 1282.0], [13.233, 1202.0], [13.234, 1394.0], [13.235, 2035.0], [13.236, 1473.0], [13.237, 1009.0], [13.238, 1960.0]], "timestamp": "2025-12-15T10:15:54.443744+00:00"}, {"symbol": "AVAXUSDT", "bids": [[13.216, 28.0], [13.215, 1157.0], [13.214, 1013.0], [13.213, 4648.0], [13.212, 1651.0], [13.211, 1711.0], [13.21, 1171.0], [13.209, 1274.0], [13.208, 2913.0], [13.207, 486.0], [13.206, 905.0], [13.205, 1330.0], [13.204, 1260.0], [13.203, 3895.0], [13.202, 1912.0], [13.201, 987.0], [13.2, 1938.0], [13.199, 1919.0], [13.198, 1094.0], [13.197, 1922.0]], "asks": [[13.217, 225.0], [13.218, 981.0], [13.219, 711.0], [13.22, 671.0], [13.221, 1946.0], [13.222, 1212.0], [13.223, 1504.0], [13.224, 1656.0], [13.225, 1268.0], [13.226, 1074.0], [13.227, 1242.0], [13.228, 2298.0], [13.229, 4094.0], [13.23, 2141.0], [13.231, 3097.0], [13.232, 1517.0], [13.233, 1121.0], [13.234, 930.0], [13.235, 2664.0], [13.236, 4726.0]], "timestamp": "2025-12-15T10:16:47.999642+00:00"}, {"symbol": "AVAXUSDT", "bids": [[13.22, 127.0], [13.219, 444.0], [13.218, 923.0], [13.217, 1951.0], [13.216, 5488.0], [13.215, 1431.0], [13.214, 982.0], [13.213, 1461.0], [13.212, 2884.0], [13.211, 539.0], [13.21, 592.0], [13.209, 993.0], [13.208, 2508.0], [13.207, 968.0], [13.206, 1640.0], [13.205, 3875.0], [13.204, 1107.0], [13.203, 1074.0], [13.202, 2166.0], [13.201, 4719.0]], "asks": [[13.221, 88.0], [13.222, 155.0], [13.223, 542.0], [13.224, 1510.0], [13.225, 1366.0], [13.226, 1308.0], [13.227, 1457.0], [13.228, 2058.0], [13.229, 2895.0], [13.23, 2144.0], [13.231, 2313.0], [13.232, 1200.0], [13.233, 880.0], [13.234, 1090.0], [13.235, 3947.0], [13.236, 1151.0], [13.237, 1098.0], [13.238, 1984.0], [13.239, 1529.0], [13.24, 1268.0]], "timestamp": "2025-12-15T10:17:41.657703+00:00"}, {"symbol": "AVAXUSDT", "bids": [[13.221, 2609.0], [13.22, 640.0], [13.219, 1129.0], [13.218, 1937.0], [13.217, 1706.0], [13.216, 751.0], [13.215, 1725.0], [13.214, 1980.0], [13.213, 1423.0], [13.212, 1857.0], [13.211, 553.0], [13.21, 1045.0], [13.209, 1678.0], [13.208, 4098.0], [13.207, 629.0], [13.206, 1076.0], [13.205, 1682.0], [13.204, 1525.0], [13.203, 1493.0], [13.202, 2560.0]], "asks": [[13.222, 859.0], [13.223, 308.0], [13.224, 506.0], [13.225, 1188.0], [13.226, 972.0], [13.227, 2097.0], [13.228, 2179.0], [13.229, 2944.0], [13.23, 1769.0], [13.231, 2170.0], [13.232, 1080.0], [13.233, 888.0], [13.234, 1182.0], [13.235, 2093.0], [13.236, 2912.0], [13.237, 1551.0], [13.238, 1974.0], [13.239, 1210.0], [13.24, 1065.0], [13.241, 1945.0]], "timestamp": "2025-12-15T10:18:35.316132+00:00"}, {"symbol": "AVAXUSDT", "bids": [[13.216, 103.0], [13.215, 430.0], [13.214, 372.0], [13.213, 1090.0], [13.212, 1192.0], [13.211, 2898.0], [13.21, 903.0], [13.209, 1997.0], [13.208, 2911.0], [13.207, 671.0], [13.206, 1129.0], [13.205, 2233.0], [13.204, 1255.0], [13.203, 2056.0], [13.202, 3618.0], [13.201, 934.0], [13.2, 2854.0], [13.199, 1613.0], [13.198, 1479.0], [13.197, 3774.0]], "asks": [[13.217, 331.0], [13.218, 354.0], [13.219, 1086.0], [13.22, 1033.0], [13.221, 1732.0], [13.222, 2048.0], [13.223, 1384.0], [13.224, 1602.0], [13.225, 2478.0], [13.226, 951.0], [13.227, 1068.0], [13.228, 1747.0], [13.229, 2494.0], [13.23, 1222.0], [13.231, 2579.0], [13.232, 2107.0], [13.233, 1588.0], [13.234, 1448.0], [13.235, 2157.0], [13.236, 1408.0]], "timestamp": "2025-12-15T10:19:28.871760+00:00"}, {"symbol": "AVAXUSDT", "bids": [[13.217, 725.0], [13.216, 406.0], [13.215, 383.0], [13.214, 952.0], [13.213, 1574.0], [13.212, 1764.0], [13.211, 993.0], [13.21, 1766.0], [13.209, 2840.0], [13.208, 996.0], [13.207, 1162.0], [13.206, 1882.0], [13.205, 3534.0], [13.204, 1065.0], [13.203, 1138.0], [13.202, 1620.0], [13.201, 1023.0], [13.2, 1974.0], [13.199, 1768.0], [13.198, 1611.0]], "asks": [[13.218, 223.0], [13.219, 877.0], [13.22, 108.0], [13.221, 804.0], [13.222, 1851.0], [13.223, 1166.0], [13.224, 1204.0], [13.225, 2283.0], [13.226, 1275.0], [13.227, 1372.0], [13.228, 2316.0], [13.229, 2967.0], [13.23, 1168.0], [13.231, 2779.0], [13.232, 1889.0], [13.233, 1371.0], [13.234, 1709.0], [13.235, 1602.0], [13.236, 1026.0], [13.237, 1017.0]], "timestamp": "2025-12-15T10:20:22.427606+00:00"}, {"symbol": "AVAXUSDT", "bids": [[13.216, 385.0], [13.215, 491.0], [13.214, 720.0], [13.213, 881.0], [13.212, 1836.0], [13.211, 2269.0], [13.21, 1140.0], [13.209, 2208.0], [13.208, 2013.0], [13.207, 1235.0], [13.206, 1775.0], [13.205, 1767.0], [13.204, 3043.0], [13.203, 961.0], [13.202, 1281.0], [13.201, 742.0], [13.2, 1969.0], [13.199, 1473.0], [13.198, 1222.0], [13.197, 3526.0]], "asks": [[13.217, 350.0], [13.218, 155.0], [13.219, 590.0], [13.22, 481.0], [13.221, 1420.0], [13.222, 1786.0], [13.223, 967.0], [13.224, 1318.0], [13.225, 1939.0], [13.226, 940.0], [13.227, 1176.0], [13.228, 1828.0], [13.229, 2404.0], [13.23, 1611.0], [13.231, 2326.0], [13.232, 2115.0], [13.233, 1449.0], [13.234, 1450.0], [13.235, 5266.0], [13.236, 869.0]], "timestamp": "2025-12-15T10:21:15.881122+00:00"}, {"symbol": "AVAXUSDT", "bids": [[13.216, 118.0], [13.215, 188.0], [13.214, 179.0], [13.213, 967.0], [13.212, 1592.0], [13.211, 2147.0], [13.21, 910.0], [13.209, 1921.0], [13.208, 1752.0], [13.207, 1267.0], [13.206, 1867.0], [13.205, 2154.0], [13.204, 2976.0], [13.203, 1012.0], [13.202, 1281.0], [13.201, 774.0], [13.2, 1982.0], [13.199, 1467.0], [13.198, 1206.0], [13.197, 3530.0]], "asks": [[13.217, 378.0], [13.218, 500.0], [13.219, 957.0], [13.22, 1101.0], [13.221, 1233.0], [13.222, 1892.0], [13.223, 1136.0], [13.224, 1218.0], [13.225, 1939.0], [13.226, 693.0], [13.227, 1212.0], [13.228, 2824.0], [13.229, 952.0], [13.23, 1608.0], [13.231, 2153.0], [13.232, 1882.0], [13.233, 1444.0], [13.234, 1387.0], [13.235, 5362.0], [13.236, 1390.0]], "timestamp": "2025-12-15T10:22:09.334374+00:00"}, {"symbol": "AVAXUSDT", "bids": [[13.221, 316.0], [13.22, 260.0], [13.219, 1172.0], [13.218, 2583.0], [13.217, 2176.0], [13.216, 2313.0], [13.215, 2991.0], [13.214, 3046.0], [13.213, 856.0], [13.212, 1755.0], [13.211, 2091.0], [13.21, 1285.0], [13.209, 1204.0], [13.208, 1713.0], [13.207, 572.0], [13.206, 3479.0], [13.205, 1599.0], [13.204, 1254.0], [13.203, 3846.0], [13.202, 1732.0]], "asks": [[13.222, 269.0], [13.223, 314.0], [13.224, 739.0], [13.225, 1104.0], [13.226, 684.0], [13.227, 815.0], [13.228, 1470.0], [13.229, 1992.0], [13.23, 1800.0], [13.231, 1566.0], [13.232, 747.0], [13.233, 1145.0], [13.234, 2461.0], [13.235, 1623.0], [13.236, 748.0], [13.237, 1086.0], [13.238, 1963.0], [13.239, 872.0], [13.24, 992.0], [13.241, 1923.0]], "timestamp": "2025-12-15T10:23:02.992700+00:00"}, {"symbol": "AVAXUSDT", "bids": [[13.209, 534.0], [13.208, 3823.0], [13.207, 737.0], [13.206, 1470.0], [13.205, 3022.0], [13.204, 1852.0], [13.203, 1338.0], [13.202, 2246.0], [13.201, 1422.0], [13.2, 3180.0], [13.199, 2608.0], [13.198, 1463.0], [13.197, 1014.0], [13.196, 1620.0], [13.195, 3145.0], [13.194, 1607.0], [13.193, 1497.0], [13.192, 1603.0], [13.191, 831.0], [13.19, 1679.0]], "asks": [[13.21, 281.0], [13.211, 236.0], [13.212, 915.0], [13.213, 1572.0], [13.214, 1087.0], [13.215, 823.0], [13.216, 1242.0], [13.217, 1074.0], [13.218, 865.0], [13.219, 1868.0], [13.22, 1817.0], [13.221, 3683.0], [13.222, 1627.0], [13.223, 1093.0], [13.224, 998.0], [13.225, 1574.0], [13.226, 806.0], [13.227, 856.0], [13.228, 1636.0], [13.229, 2110.0]], "timestamp": "2025-12-15T10:23:57.162857+00:00"}, {"symbol": "AVAXUSDT", "bids": [[13.215, 63.0], [13.214, 209.0], [13.213, 504.0], [13.212, 864.0], [13.211, 2035.0], [13.21, 1164.0], [13.209, 1360.0], [13.208, 3022.0], [13.207, 1145.0], [13.206, 1279.0], [13.205, 1509.0], [13.204, 1339.0], [13.203, 3508.0], [13.202, 1949.0], [13.201, 672.0], [13.2, 1750.0], [13.199, 1808.0], [13.198, 1595.0], [13.197, 925.0], [13.196, 1304.0]], "asks": [[13.216, 893.0], [13.217, 737.0], [13.218, 947.0], [13.219, 1243.0], [13.22, 1221.0], [13.221, 889.0], [13.222, 1542.0], [13.223, 700.0], [13.224, 1292.0], [13.225, 1996.0], [13.226, 1346.0], [13.227, 2693.0], [13.228, 1402.0], [13.229, 1910.0], [13.23, 1216.0], [13.231, 1901.0], [13.232, 1328.0], [13.233, 826.0], [13.234, 1594.0], [13.235, 1539.0]], "timestamp": "2025-12-15T10:24:51.332887+00:00"}, {"symbol": "AVAXUSDT", "bids": [[13.219, 93.0], [13.218, 9.0], [13.217, 376.0], [13.216, 839.0], [13.215, 648.0], [13.214, 1563.0], [13.213, 1250.0], [13.212, 2394.0], [13.211, 1756.0], [13.21, 1307.0], [13.209, 1376.0], [13.208, 1783.0], [13.207, 1414.0], [13.206, 3778.0], [13.205, 1627.0], [13.204, 668.0], [13.203, 878.0], [13.202, 1371.0], [13.201, 892.0], [13.2, 2186.0]], "asks": [[13.22, 336.0], [13.221, 395.0], [13.222, 1610.0], [13.223, 424.0], [13.224, 843.0], [13.225, 1773.0], [13.226, 771.0], [13.227, 1293.0], [13.228, 1573.0], [13.229, 1515.0], [13.23, 1419.0], [13.231, 2399.0], [13.232, 1813.0], [13.233, 2962.0], [13.234, 1076.0], [13.235, 2050.0], [13.236, 1561.0], [13.237, 4695.0], [13.238, 1815.0], [13.239, 1991.0]], "timestamp": "2025-12-15T10:25:44.581726+00:00"}, {"symbol": "AVAXUSDT", "bids": [[13.21, 477.0], [13.209, 407.0], [13.208, 571.0], [13.207, 833.0], [13.206, 1786.0], [13.205, 775.0], [13.204, 999.0], [13.203, 2133.0], [13.202, 1391.0], [13.201, 1251.0], [13.2, 2325.0], [13.199, 1978.0], [13.198, 1081.0], [13.197, 2435.0], [13.196, 1328.0], [13.195, 756.0], [13.194, 1768.0], [13.193, 4209.0], [13.192, 633.0], [13.191, 1158.0]], "asks": [[13.211, 431.0], [13.212, 711.0], [13.213, 228.0], [13.214, 990.0], [13.215, 1234.0], [13.216, 1050.0], [13.217, 924.0], [13.218, 1784.0], [13.219, 1469.0], [13.22, 1760.0], [13.221, 1567.0], [13.222, 1311.0], [13.223, 3215.0], [13.224, 958.0], [13.225, 1785.0], [13.226, 1381.0], [13.227, 674.0], [13.228, 1668.0], [13.229, 1376.0], [13.23, 2074.0]], "timestamp": "2025-12-15T10:26:38.342996+00:00"}, {"symbol": "AVAXUSDT", "bids": [[13.218, 467.0], [13.217, 1378.0], [13.216, 3705.0], [13.215, 1854.0], [13.214, 1528.0], [13.213, 1639.0], [13.212, 2687.0], [13.211, 2238.0], [13.21, 1550.0], [13.209, 1930.0], [13.208, 1033.0], [13.207, 1038.0], [13.206, 2167.0], [13.205, 1022.0], [13.204, 3105.0], [13.203, 925.0], [13.202, 1508.0], [13.201, 758.0], [13.2, 2139.0], [13.199, 4426.0]], "asks": [[13.219, 113.0], [13.22, 38.0], [13.221, 403.0], [13.222, 1014.0], [13.223, 871.0], [13.224, 779.0], [13.225, 1635.0], [13.226, 1328.0], [13.227, 751.0], [13.228, 1304.0], [13.229, 1251.0], [13.23, 2003.0], [13.231, 3627.0], [13.232, 1362.0], [13.233, 909.0], [13.234, 688.0], [13.235, 1570.0], [13.236, 1186.0], [13.237, 1045.0], [13.238, 2367.0]], "timestamp": "2025-12-15T10:27:32.512554+00:00"}, {"symbol": "AVAXUSDT", "bids": [[13.257, 17.0], [13.256, 499.0], [13.255, 968.0], [13.254, 365.0], [13.253, 1183.0], [13.252, 1519.0], [13.251, 1208.0], [13.25, 1240.0], [13.249, 1478.0], [13.248, 1392.0], [13.247, 1417.0], [13.246, 535.0], [13.245, 1117.0], [13.244, 1902.0], [13.243, 3713.0], [13.242, 816.0], [13.241, 1242.0], [13.24, 804.0], [13.239, 577.0], [13.238, 1274.0]], "asks": [[13.258, 266.0], [13.259, 232.0], [13.26, 601.0], [13.261, 588.0], [13.262, 1327.0], [13.263, 631.0], [13.264, 615.0], [13.265, 1326.0], [13.266, 1015.0], [13.267, 1194.0], [13.268, 1397.0], [13.269, 1468.0], [13.27, 9036.0], [13.271, 749.0], [13.272, 1566.0], [13.273, 1841.0], [13.274, 1195.0], [13.275, 1608.0], [13.276, 931.0], [13.277, 1497.0]], "timestamp": "2025-12-15T10:28:26.162074+00:00"}, {"symbol": "AVAXUSDT", "bids": [[13.274, 146.0], [13.273, 657.0], [13.272, 2117.0], [13.271, 1259.0], [13.27, 492.0], [13.269, 734.0], [13.268, 2345.0], [13.267, 745.0], [13.266, 1018.0], [13.265, 1804.0], [13.264, 1656.0], [13.263, 1224.0], [13.262, 1696.0], [13.261, 796.0], [13.26, 1222.0], [13.259, 1294.0], [13.258, 1395.0], [13.257, 1854.0], [13.256, 809.0], [13.255, 1444.0]], "asks": [[13.275, 782.0], [13.276, 368.0], [13.277, 281.0], [13.278, 614.0], [13.279, 461.0], [13.28, 906.0], [13.281, 1549.0], [13.282, 620.0], [13.283, 559.0], [13.284, 552.0], [13.285, 1390.0], [13.286, 680.0], [13.287, 1211.0], [13.288, 1253.0], [13.289, 479.0], [13.29, 969.0], [13.291, 656.0], [13.292, 1326.0], [13.293, 3030.0], [13.294, 1528.0]], "timestamp": "2025-12-15T10:29:20.853433+00:00"}, {"symbol": "AVAXUSDT", "bids": [[13.292, 444.0], [13.291, 1515.0], [13.29, 1181.0], [13.289, 411.0], [13.288, 897.0], [13.287, 2089.0], [13.286, 1155.0], [13.285, 1036.0], [13.284, 1295.0], [13.283, 1386.0], [13.282, 1454.0], [13.281, 6393.0], [13.28, 32354.0], [13.279, 1220.0], [13.278, 2216.0], [13.277, 466.0], [13.276, 744.0], [13.275, 1472.0], [13.274, 1254.0], [13.273, 1307.0]], "asks": [[13.293, 271.0], [13.294, 5170.0], [13.295, 709.0], [13.296, 1285.0], [13.297, 4237.0], [13.298, 720.0], [13.299, 1258.0], [13.3, 1129.0], [13.301, 1114.0], [13.302, 1605.0], [13.303, 518.0], [13.304, 640.0], [13.305, 1291.0], [13.306, 473.0], [13.307, 502.0], [13.308, 479.0], [13.309, 1055.0], [13.31, 923.0], [13.311, 1229.0], [13.312, 1131.0]], "timestamp": "2025-12-15T10:30:14.921352+00:00"}, {"symbol": "AVAXUSDT", "bids": [[13.318, 560.0], [13.317, 988.0], [13.316, 1659.0], [13.315, 602.0], [13.314, 642.0], [13.313, 1402.0], [13.312, 2776.0], [13.311, 1648.0], [13.31, 1797.0], [13.309, 2330.0], [13.308, 913.0], [13.307, 1041.0], [13.306, 1475.0], [13.305, 1058.0], [13.304, 1038.0], [13.303, 4478.0], [13.302, 813.0], [13.301, 645.0], [13.3, 1254.0], [13.299, 1449.0]], "asks": [[13.319, 3.0], [13.32, 639.0], [13.321, 1216.0], [13.322, 1018.0], [13.323, 290.0], [13.324, 553.0], [13.325, 1083.0], [13.326, 1059.0], [13.327, 695.0], [13.328, 196.0], [13.329, 346.0], [13.33, 951.0], [13.331, 1335.0], [13.332, 511.0], [13.333, 740.0], [13.334, 2034.0], [13.335, 2036.0], [13.336, 1033.0], [13.337, 1425.0], [13.338, 922.0]], "timestamp": "2025-12-15T10:31:08.784375+00:00"}