[{"id": "529644302", "price": 12.365, "amount": 1.0, "side": "buy", "timestamp": 1765842061064}, {"id": "529644303", "price": 12.365, "amount": 4.0, "side": "buy", "timestamp": 1765842061233}, {"id": "529644304", "price": 12.365, "amount": 21.0, "side": "buy", "timestamp": 1765842061479}, {"id": "529644305", "price": 12.364, "amount": 33.0, "side": "sell", "timestamp": 1765842061700}, {"id": "529644306", "price": 12.363, "amount": 5.0, "side": "sell", "timestamp": 1765842061793}, {"id": "529644307", "price": 12.363, "amount": 1.0, "side": "buy", "timestamp": 1765842062429}, {"id": "529644308", "price": 12.362, "amount": 552.0, "side": "sell", "timestamp": 1765842062491}, {"id": "529644309", "price": 12.361, "amount": 20.0, "side": "sell", "timestamp": 1765842062502}, {"id": "529644310", "price": 12.36, "amount": 251.0, "side": "sell", "timestamp": 1765842062509}, {"id": "529644311", "price": 12.36, "amount": 1.0, "side": "buy", "timestamp": 1765842062680}, {"id": "529644312", "price": 12.36, "amount": 5.0, "side": "buy", "timestamp": 1765842063292}, {"id": "529644313", "price": 12.359, "amount": 115.0, "side": "sell", "timestamp": 1765842063739}, {"id": "529644314", "price": 12.358, "amount": 138.0, "side": "sell", "timestamp": 1765842063810}, {"id": "529644315", "price": 12.358, "amount": 1.0, "side": "buy", "timestamp": 1765842064174}, {"id": "529644316", "price": 12.358, "amount": 1.0, "side": "buy", "timestamp": 1765842064595}, {"id": "529644317", "price": 12.358, "amount": 231.0, "side": "buy", "timestamp": 1765842064882}, {"id": "529644318", "price": 12.359, "amount": 518.0, "side": "buy", "timestamp": 1765842065173}, {"id": "529644319", "price": 12.36, "amount": 49.0, "side": "buy", "timestamp": 1765842065212}, {"id": "529644320", "price": 12.361, "amount": 539.0, "side": "buy", "timestamp": 1765842065258}, {"id": "529644321", "price": 12.362, "amount": 171.0, "side": "buy", "timestamp": 1765842065327}, {"id": "529644322", "price": 12.362, "amount": 5.0, "side": "buy", "timestamp": 1765842065605}, {"id": "529644323", "price": 12.362, "amount": 4.0, "side": "sell", "timestamp": 1765842065707}, {"id": "529644324", "price": 12.363, "amount": 1.0, "side": "buy", "timestamp": 1765842066179}, {"id": "529644325", "price": 12.362, "amount": 26.0, "side": "sell", "timestamp": 1765842067081}, {"id": "529644326", "price": 12.362, "amount": 7.0, "side": "buy", "timestamp": 1765842067338}, {"id": "529644327", "price": 12.362, "amount": 1.0, "side": "buy", "timestamp": 1765842067546}, {"id": "529644328", "price": 12.362, "amount": 85.0, "side": "buy", "timestamp": 1765842068267}, {"id": "529644329", "price": 12.363, "amount": 86.0, "side": "buy", "timestamp": 1765842068892}, {"id": "529644330", "price": 12.362, "amount": 24.0, "side": "sell", "timestamp": 1765842070527}, {"id": "529644331", "price": 12.361, "amount": 128.0, "side": "sell", "timestamp": 1765842070533}, {"id": "529644332", "price": 12.36, "amount": 123.0, "side": "sell", "timestamp": 1765842071387}, {"id": "529644333", "price": 12.361, "amount": 35.0, "side": "buy", "timestamp": 1765842074297}, {"id": "529644334", "price": 12.361, "amount": 23.0, "side": "buy", "timestamp": 1765842074537}, {"id": "529644335", "price": 12.361, "amount": 92.0, "side": "buy", "timestamp": 1765842074743}, {"id": "529644336", "price": 12.361, "amount": 10.0, "side": "buy", "timestamp": 1765842077700}, {"id": "529644337", "price": 12.362, "amount": 4.0, "side": "buy", "timestamp": 1765842077846}, {"id": "529644338", "price": 12.361, "amount": 39.0, "side": "buy", "timestamp": 1765842079859}, {"id": "529644339", "price": 12.362, "amount": 366.0, "side": "buy", "timestamp": 1765842079859}, {"id": "529644340", "price": 12.362, "amount": 5.0, "side": "buy", "timestamp": 1765842081856}, {"id": "529644341", "price": 12.361, "amount": 70.0, "side": "sell", "timestamp": 1765842083024}, {"id": "529644342", "price": 12.36, "amount": 52.0, "side": "sell", "timestamp": 1765842083062}, {"id": "529644343", "price": 12.359, "amount": 22.0, "side": "sell", "timestamp": 1765842083067}, {"id": "529644344", "price": 12.358, "amount": 47.0, "side": "sell", "timestamp": 1765842083204}, {"id": "529644345", "price": 12.358, "amount": 1.0, "side": "buy", "timestamp": 1765842083672}, {"id": "529644346", "price": 12.358, "amount": 2.0, "side": "buy", "timestamp": 1765842085784}, {"id": "529644347", "price": 12.357, "amount": 1.0, "side": "sell", "timestamp": 1765842086876}, {"id": "529644348", "price": 12.357, "amount": 98.0, "side": "sell", "timestamp": 1765842087716}, {"id": "529644349", "price": 12.357, "amount": 707.0, "side": "buy", "timestamp": 1765842088026}, {"id": "529644350", "price": 12.358, "amount": 76.0, "side": "buy", "timestamp": 1765842088127}, {"id": "529644351", "price": 12.358, "amount": 1.0, "side": "sell", "timestamp": 1765842088376}, {"id": "529644369", "price": 12.362, "amount": 3350.0, "side": "buy", "timestamp": 1765842105335}, {"id": "529644370", "price": 12.363, "amount": 182.0, "side": "buy", "timestamp": 1765842105529}, {"id": "529644371", "price": 12.364, "amount": 317.0, "side": "buy", "timestamp": 1765842105897}, {"id": "529644372", "price": 12.364, "amount": 3.0, "side": "buy", "timestamp": 1765842106898}, {"id": "529644373", "price": 12.364, "amount": 4.0, "side": "buy", "timestamp": 1765842107661}, {"id": "529644374", "price": 12.363, "amount": 5.0, "side": "sell", "timestamp": 1765842109849}, {"id": "529644375", "price": 12.364, "amount": 1.0, "side": "buy", "timestamp": 1765842110953}, {"id": "529644376", "price": 12.364, "amount": 229.0, "side": "buy", "timestamp": 1765842111200}, {"id": "529644377", "price": 12.363, "amount": 71.0, "side": "sell", "timestamp": 1765842111320}, {"id": "529644378", "price": 12.363, "amount": 402.0, "side": "sell", "timestamp": 1765842114251}, {"id": "529644379", "price": 12.362, "amount": 26.0, "side": "sell", "timestamp": 1765842115679}, {"id": "529644380", "price": 12.361, "amount": 380.0, "side": "sell", "timestamp": 1765842115688}, {"id": "529644381", "price": 12.361, "amount": 4.0, "side": "buy", "timestamp": 1765842116740}, {"id": "529644382", "price": 12.36, "amount": 1.0, "side": "sell", "timestamp": 1765842116833}, {"id": "529644383", "price": 12.36, "amount": 11.0, "side": "sell", "timestamp": 1765842117033}, {"id": "529644384", "price": 12.361, "amount": 2.0, "side": "buy", "timestamp": 1765842117068}, {"id": "529644385", "price": 12.361, "amount": 1.0, "side": "buy", "timestamp": 1765842118845}, {"id": "529644386", "price": 12.361, "amount": 1.0, "side": "buy", "timestamp": 1765842119637}, {"id": "529644387", "price": 12.361, "amount": 6.0, "side": "buy", "timestamp": 1765842120816}, {"id": "529644388", "price": 12.361, "amount": 1.0, "side": "buy", "timestamp": 1765842120924}, {"id": "529644389", "price": 12.36, "amount": 1.0, "side": "sell", "timestamp": 1765842121218}, {"id": "529644390", "price": 12.36, "amount": 8.0, "side": "sell", "timestamp": 1765842122066}, {"id": "529644391", "price": 12.361, "amount": 4.0, "side": "buy", "timestamp": 1765842122979}, {"id": "529644392", "price": 12.36, "amount": 1.0, "side": "sell", "timestamp": 1765842124395}, {"id": "529644393", "price": 12.361, "amount": 93.0, "side": "buy", "timestamp": 1765842124416}, {"id": "529644394", "price": 12.361, "amount": 1.0, "side": "buy", "timestamp": 1765842124921}, {"id": "529644395", "price": 12.361, "amount": 3.0, "side": "buy", "timestamp": 1765842125041}, {"id": "529644396", "price": 12.36, "amount": 2.0, "side": "sell", "timestamp": 1765842125091}, {"id": "529644397", "price": 12.361, "amount": 1.0, "side": "buy", "timestamp": 1765842125214}, {"id": "529644398", "price": 12.361, "amount": 2.0, "side": "buy", "timestamp": 1765842125593}, {"id": "529644399", "price": 12.361, "amount": 130.0, "side": "buy", "timestamp": 1765842126455}, {"id": "529644400", "price": 12.362, "amount": 5.0, "side": "buy", "timestamp": 1765842127264}, {"id": "529644401", "price": 12.363, "amount": 60.0, "side": "buy", "timestamp": 1765842127266}, {"id": "529644402", "price": 12.364, "amount": 2.0, "side": "buy", "timestamp": 1765842129392}, {"id": "529644403", "price": 12.364, "amount": 1.0, "side": "buy", "timestamp": 1765842129924}, {"id": "529644404", "price": 12.363, "amount": 2.0, "side": "sell", "timestamp": 1765842130033}, {"id": "529644405", "price": 12.363, "amount": 436.0, "side": "sell", "timestamp": 1765842130687}, {"id": "529644406", "price": 12.362, "amount": 7.0, "side": "sell", "timestamp": 1765842131505}, {"id": "529644407", "price": 12.363, "amount": 40.0, "side": "buy", "timestamp": 1765842131747}, {"id": "529644408", "price": 12.363, "amount": 124.0, "side": "buy", "timestamp": 1765842133878}, {"id": "529644409", "price": 12.363, "amount": 40.0, "side": "buy", "timestamp": 1765842135610}, {"id": "529644410", "price": 12.363, "amount": 124.0, "side": "buy", "timestamp": 1765842135892}, {"id": "529644411", "price": 12.364, "amount": 175.0, "side": "buy", "timestamp": 1765842135892}, {"id": "529644412", "price": 12.364, "amount": 5.0, "side": "buy", "timestamp": 1765842136728}, {"id": "529644413", "price": 12.363, "amount": 3.0, "side": "sell", "timestamp": 1765842136742}, {"id": "529644414", "price": 12.363, "amount": 40.0, "side": "sell", "timestamp": 1765842138613}, {"id": "529644415", "price": 12.362, "amount": 342.0, "side": "sell", "timestamp": 1765842138615}, {"id": "529644416", "price": 12.362, "amount": 137.0, "side": "buy", "timestamp": 1765842141648}, {"id": "529644417", "price": 12.363, "amount": 4.0, "side": "buy", "timestamp": 1765842141698}, {"id": "529644418", "price": 12.364, "amount": 43.0, "side": "buy", "timestamp": 1765842141715}, {"id": "529644417", "price": 12.363, "amount": 4.0, "side": "buy", "timestamp": 1765842141698}, {"id": "529644418", "price": 12.364, "amount": 43.0, "side": "buy", "timestamp": 1765842141715}, {"id": "529644419", "price": 12.364, "amount": 1.0, "side": "buy", "timestamp": 1765842144720}, {"id": "529644420", "price": 12.363, "amount": 3.0, "side": "sell", "timestamp": 1765842148191}, {"id": "529644421", "price": 12.364, "amount": 2.0, "side": "buy", "timestamp": 1765842148200}, {"id": "529644422", "price": 12.363, "amount": 297.0, "side": "sell", "timestamp": 1765842149074}, {"id": "529644423", "price": 12.362, "amount": 8.0, "side": "sell", "timestamp": 1765842149181}, {"id": "529644424", "price": 12.361, "amount": 45.0, "side": "sell", "timestamp": 1765842150161}, {"id": "529644425", "price": 12.361, "amount": 80.0, "side": "buy", "timestamp": 1765842150432}, {"id": "529644426", "price": 12.36, "amount": 275.0, "side": "sell", "timestamp": 1765842151803}, {"id": "529644427", "price": 12.359, "amount": 92.0, "side": "sell", "timestamp": 1765842151890}, {"id": "529644428", "price": 12.358, "amount": 74.0, "side": "sell", "timestamp": 1765842152033}, {"id": "529644429", "price": 12.358, "amount": 5.0, "side": "buy", "timestamp": 1765842153496}, {"id": "529644430", "price": 12.358, "amount": 1.0, "side": "buy", "timestamp": 1765842155643}, {"id": "529644431", "price": 12.358, "amount": 1.0, "side": "buy", "timestamp": 1765842159180}, {"id": "529644432", "price": 12.358, "amount": 9.0, "side": "buy", "timestamp": 1765842159600}, {"id": "529644433", "price": 12.358, "amount": 2.0, "side": "buy", "timestamp": 1765842160965}, {"id": "529644434", "price": 12.358, "amount": 10.0, "side": "buy", "timestamp": 1765842164059}, {"id": "529644435", "price": 12.358, "amount": 253.0, "side": "buy", "timestamp": 1765842164755}, {"id": "529644436", "price": 12.359, "amount": 52.0, "side": "buy", "timestamp": 1765842165890}, {"id": "529644437", "price": 12.36, "amount": 180.0, "side": "buy", "timestamp": 1765842165892}, {"id": "529644438", "price": 12.359, "amount": 2.0, "side": "sell", "timestamp": 1765842168623}, {"id": "529644439", "price": 12.36, "amount": 5.0, "side": "buy", "timestamp": 1765842169418}, {"id": "529644440", "price": 12.359, "amount": 1.0, "side": "sell", "timestamp": 1765842171243}, {"id": "529644441", "price": 12.359, "amount": 227.0, "side": "sell", "timestamp": 1765842172388}, {"id": "529644442", "price": 12.359, "amount": 2.0, "side": "buy", "timestamp": 1765842173787}, {"id": "529644443", "price": 12.358, "amount": 2.0, "side": "sell", "timestamp": 1765842175836}, {"id": "529644444", "price": 12.359, "amount": 1.0, "side": "buy", "timestamp": 1765842180977}, {"id": "529644445", "price": 12.359, "amount": 13.0, "side": "buy", "timestamp": 1765842181248}, {"id": "529644446", "price": 12.358, "amount": 453.0, "side": "sell", "timestamp": 1765842182326}, {"id": "529644447", "price": 12.357, "amount": 14.0, "side": "sell", "timestamp": 1765842182460}, {"id": "529644448", "price": 12.358, "amount": 55.0, "side": "buy", "timestamp": 1765842183411}, {"id": "529644449", "price": 12.359, "amount": 45.0, "side": "buy", "timestamp": 1765842183411}, {"id": "529644450", "price": 12.359, "amount": 1.0, "side": "buy", "timestamp": 1765842184178}, {"id": "529644451", "price": 12.359, "amount": 1.0, "side": "buy", "timestamp": 1765842184660}, {"id": "529644452", "price": 12.359, "amount": 5.0, "side": "buy", "timestamp": 1765842184968}, {"id": "529644453", "price": 12.359, "amount": 1.0, "side": "buy", "timestamp": 1765842185326}, {"id": "529644454", "price": 12.359, "amount": 1.0, "side": "buy", "timestamp": 1765842185597}, {"id": "529644455", "price": 12.359, "amount": 228.0, "side": "buy", "timestamp": 1765842185900}, {"id": "529644456", "price": 12.359, "amount": 1.0, "side": "sell", "timestamp": 1765842187016}, {"id": "529644457", "price": 12.359, "amount": 368.0, "side": "sell", "timestamp": 1765842187287}, {"id": "529644458", "price": 12.359, "amount": 7.0, "side": "buy", "timestamp": 1765842188175}, {"id": "529644459", "price": 12.358, "amount": 3.0, "side": "sell", "timestamp": 1765842190059}, {"id": "529644460", "price": 12.358, "amount": 4.0, "side": "sell", "timestamp": 1765842191461}, {"id": "529644461", "price": 12.359, "amount": 1.0, "side": "buy", "timestamp": 1765842191636}, {"id": "529644462", "price": 12.358, "amount": 1.0, "side": "sell", "timestamp": 1765842192113}, {"id": "529644463", "price": 12.359, "amount": 1.0, "side": "buy", "timestamp": 1765842194812}, {"id": "529644464", "price": 12.358, "amount": 3.0, "side": "sell", "timestamp": 1765842195764}, {"id": "529644465", "price": 12.359, "amount": 5.0, "side": "buy", "timestamp": 1765842197005}, {"id": "529644466", "price": 12.358, "amount": 1.0, "side": "sell", "timestamp": 1765842197350}, {"id": "529644462", "price": 12.358, "amount": 1.0, "side": "sell", "timestamp": 1765842192113}, {"id": "529644463", "price": 12.359, "amount": 1.0, "side": "buy", "timestamp": 1765842194812}, {"id": "529644464", "price": 12.358, "amount": 3.0, "side": "sell", "timestamp": 1765842195764}, {"id": "529644465", "price": 12.359, "amount": 5.0, "side": "buy", "timestamp": 1765842197005}, {"id": "529644466", "price": 12.358, "amount": 1.0, "side": "sell", "timestamp": 1765842197350}, {"id": "529644467", "price": 12.358, "amount": 645.0, "side": "sell", "timestamp": 1765842206950}, {"id": "529644468", "price": 12.357, "amount": 76.0, "side": "sell", "timestamp": 1765842206950}, {"id": "529644469", "price": 12.359, "amount": 4.0, "side": "buy", "timestamp": 1765842207105}, {"id": "529644470", "price": 12.359, "amount": 272.0, "side": "buy", "timestamp": 1765842207951}, {"id": "529644471", "price": 12.36, "amount": 847.0, "side": "buy", "timestamp": 1765842207963}, {"id": "529644472", "price": 12.361, "amount": 1.0, "side": "buy", "timestamp": 1765842208989}, {"id": "529644473", "price": 12.36, "amount": 287.0, "side": "sell", "timestamp": 1765842209857}, {"id": "529644474", "price": 12.36, "amount": 148.0, "side": "buy", "timestamp": 1765842210892}, {"id": "529644475", "price": 12.36, "amount": 1.0, "side": "buy", "timestamp": 1765842211003}, {"id": "529644476", "price": 12.36, "amount": 1.0, "side": "buy", "timestamp": 1765842215729}, {"id": "529644477", "price": 12.36, "amount": 50.0, "side": "buy", "timestamp": 1765842217584}, {"id": "529644478", "price": 12.36, "amount": 487.0, "side": "buy", "timestamp": 1765842218690}, {"id": "529644479", "price": 12.36, "amount": 4.0, "side": "buy", "timestamp": 1765842221852}, {"id": "529644480", "price": 12.359, "amount": 50.0, "side": "sell", "timestamp": 1765842222910}, {"id": "529644481", "price": 12.36, "amount": 1.0, "side": "buy", "timestamp": 1765842223451}, {"id": "529644482", "price": 12.36, "amount": 1.0, "side": "buy", "timestamp": 1765842227632}, {"id": "529644483", "price": 12.36, "amount": 4.0, "side": "buy", "timestamp": 1765842230152}, {"id": "529644484", "price": 12.36, "amount": 24.0, "side": "buy", "timestamp": 1765842231672}, {"id": "529644485", "price": 12.36, "amount": 1.0, "side": "buy", "timestamp": 1765842232426}, {"id": "529644486", "price": 12.36, "amount": 251.0, "side": "buy", "timestamp": 1765842233273}, {"id": "529644487", "price": 12.359, "amount": 7.0, "side": "sell", "timestamp": 1765842234113}, {"id": "529644488", "price": 12.36, "amount": 5.0, "side": "buy", "timestamp": 1765842236134}, {"id": "529644489", "price": 12.36, "amount": 14.0, "side": "buy", "timestamp": 1765842236612}, {"id": "529644490", "price": 12.36, "amount": 10.0, "side": "buy", "timestamp": 1765842237174}, {"id": "529644491", "price": 12.36, "amount": 1.0, "side": "buy", "timestamp": 1765842237460}, {"id": "529644492", "price": 12.36, "amount": 8.0, "side": "buy", "timestamp": 1765842238175}, {"id": "529644493", "price": 12.359, "amount": 13.0, "side": "sell", "timestamp": 1765842241115}, {"id": "529644494", "price": 12.36, "amount": 1.0, "side": "buy", "timestamp": 1765842241252}, {"id": "529644495", "price": 12.36, "amount": 4.0, "side": "buy", "timestamp": 1765842243628}, {"id": "529644496", "price": 12.36, "amount": 1.0, "side": "buy", "timestamp": 1765842244662}, {"id": "529644497", "price": 12.36, "amount": 259.0, "side": "buy", "timestamp": 1765842244842}, {"id": "529644498", "price": 12.361, "amount": 1.0, "side": "buy", "timestamp": 1765842244981}, {"id": "529644499", "price": 12.361, "amount": 1.0, "side": "buy", "timestamp": 1765842245227}, {"id": "529644500", "price": 12.361, "amount": 2.0, "side": "buy", "timestamp": 1765842245359}, {"id": "529644501", "price": 12.36, "amount": 2.0, "side": "sell", "timestamp": 1765842247313}, {"id": "529644502", "price": 12.36, "amount": 6.0, "side": "sell", "timestamp": 1765842247775}, {"id": "529644503", "price": 12.36, "amount": 1.0, "side": "sell", "timestamp": 1765842249583}, {"id": "529644504", "price": 12.36, "amount": 4.0, "side": "sell", "timestamp": 1765842250003}, {"id": "529644505", "price": 12.36, "amount": 1.0, "side": "sell", "timestamp": 1765842250558}, {"id": "529644506", "price": 12.361, "amount": 3.0, "side": "buy", "timestamp": 1765842250641}, {"id": "529644507", "price": 12.36, "amount": 1.0, "side": "sell", "timestamp": 1765842250657}, {"id": "529644508", "price": 12.36, "amount": 311.0, "side": "sell", "timestamp": 1765842252601}, {"id": "529644509", "price": 12.359, "amount": 1.0, "side": "sell", "timestamp": 1765842252963}, {"id": "529644510", "price": 12.36, "amount": 648.0, "side": "buy", "timestamp": 1765842253024}, {"id": "529644511", "price": 12.361, "amount": 1096.0, "side": "buy", "timestamp": 1765842253024}, {"id": "529644517", "price": 12.363, "amount": 9.0, "side": "sell", "timestamp": 1765842262643}, {"id": "529644518", "price": 12.364, "amount": 1.0, "side": "buy", "timestamp": 1765842263429}, {"id": "529644519", "price": 12.364, "amount": 1.0, "side": "buy", "timestamp": 1765842263665}, {"id": "529644520", "price": 12.364, "amount": 22.0, "side": "buy", "timestamp": 1765842263801}, {"id": "529644521", "price": 12.364, "amount": 445.0, "side": "buy", "timestamp": 1765842264855}, {"id": "529644522", "price": 12.364, "amount": 156.0, "side": "sell", "timestamp": 1765842265510}, {"id": "529644523", "price": 12.363, "amount": 1.0, "side": "sell", "timestamp": 1765842268109}, {"id": "529644524", "price": 12.363, "amount": 12.0, "side": "sell", "timestamp": 1765842268452}, {"id": "529644525", "price": 12.364, "amount": 1.0, "side": "buy", "timestamp": 1765842269869}, {"id": "529644526", "price": 12.364, "amount": 9.0, "side": "buy", "timestamp": 1765842270332}, {"id": "529644527", "price": 12.363, "amount": 183.0, "side": "sell", "timestamp": 1765842271984}, {"id": "529644528", "price": 12.362, "amount": 105.0, "side": "sell", "timestamp": 1765842272164}, {"id": "529644529", "price": 12.361, "amount": 210.0, "side": "sell", "timestamp": 1765842272522}, {"id": "529644530", "price": 12.361, "amount": 1.0, "side": "buy", "timestamp": 1765842273182}, {"id": "529644531", "price": 12.361, "amount": 4.0, "side": "buy", "timestamp": 1765842273562}, {"id": "529644532", "price": 12.361, "amount": 1.0, "side": "buy", "timestamp": 1765842275115}, {"id": "529644533", "price": 12.361, "amount": 21.0, "side": "buy", "timestamp": 1765842280422}, {"id": "529644534", "price": 12.36, "amount": 1.0, "side": "sell", "timestamp": 1765842280562}, {"id": "529644535", "price": 12.361, "amount": 128.0, "side": "buy", "timestamp": 1765842283090}, {"id": "529644536", "price": 12.36, "amount": 6.0, "side": "sell", "timestamp": 1765842287454}, {"id": "529644537", "price": 12.361, "amount": 2.0, "side": "buy", "timestamp": 1765842287547}, {"id": "529644538", "price": 12.361, "amount": 1.0, "side": "buy", "timestamp": 1765842289005}, {"id": "529644539", "price": 12.361, "amount": 93.0, "side": "buy", "timestamp": 1765842289148}, {"id": "529644540", "price": 12.361, "amount": 13.0, "side": "buy", "timestamp": 1765842289747}, {"id": "529644541", "price": 12.361, "amount": 1.0, "side": "buy", "timestamp": 1765842294005}, {"id": "529644542", "price": 12.361, "amount": 8.0, "side": "buy", "timestamp": 1765842297377}, {"id": "529644543", "price": 12.361, "amount": 7.0, "side": "buy", "timestamp": 1765842298676}, {"id": "529644544", "price": 12.361, "amount": 1.0, "side": "buy", "timestamp": 1765842299669}, {"id": "529644545", "price": 12.361, "amount": 1.0, "side": "buy", "timestamp": 1765842300914}, {"id": "529644546", "price": 12.361, "amount": 10.0, "side": "buy", "timestamp": 1765842301688}, {"id": "529644547", "price": 12.36, "amount": 759.0, "side": "sell", "timestamp": 1765842303002}, {"id": "529644548", "price": 12.36, "amount": 3.0, "side": "buy", "timestamp": 1765842304157}, {"id": "529644549", "price": 12.359, "amount": 1.0, "side": "sell", "timestamp": 1765842304239}, {"id": "529644550", "price": 12.359, "amount": 426.0, "side": "sell", "timestamp": 1765842304362}, {"id": "529644551", "price": 12.358, "amount": 370.0, "side": "sell", "timestamp": 1765842304380}, {"id": "529644552", "price": 12.357, "amount": 260.0, "side": "sell", "timestamp": 1765842304615}, {"id": "529644553", "price": 12.357, "amount": 1.0, "side": "buy", "timestamp": 1765842304640}, {"id": "529644554", "price": 12.356, "amount": 28.0, "side": "sell", "timestamp": 1765842304653}, {"id": "529644555", "price": 12.357, "amount": 2.0, "side": "buy", "timestamp": 1765842304935}, {"id": "529644556", "price": 12.356, "amount": 24.0, "side": "sell", "timestamp": 1765842305226}, {"id": "529644557", "price": 12.355, "amount": 1.0, "side": "sell", "timestamp": 1765842305373}, {"id": "529644558", "price": 12.355, "amount": 202.0, "side": "sell", "timestamp": 1765842305911}, {"id": "529644559", "price": 12.355, "amount": 1.0, "side": "buy", "timestamp": 1765842306570}, {"id": "529644560", "price": 12.354, "amount": 1.0, "side": "sell", "timestamp": 1765842306699}, {"id": "529644561", "price": 12.354, "amount": 316.0, "side": "sell", "timestamp": 1765842306815}, {"id": "529644562", "price": 12.353, "amount": 386.0, "side": "sell", "timestamp": 1765842306819}, {"id": "529644563", "price": 12.353, "amount": 4.0, "side": "buy", "timestamp": 1765842307801}, {"id": "529644564", "price": 12.353, "amount": 210.0, "side": "buy", "timestamp": 1765842309429}, {"id": "529644565", "price": 12.354, "amount": 3.0, "side": "buy", "timestamp": 1765842309508}, {"id": "529644566", "price": 12.355, "amount": 1.0, "side": "buy", "timestamp": 1765842311078}, {"id": "529644574", "price": 12.354, "amount": 1.0, "side": "sell", "timestamp": 1765842317546}, {"id": "529644575", "price": 12.355, "amount": 23.0, "side": "buy", "timestamp": 1765842318232}, {"id": "529644576", "price": 12.354, "amount": 7.0, "side": "sell", "timestamp": 1765842318267}, {"id": "529644577", "price": 12.355, "amount": 5.0, "side": "buy", "timestamp": 1765842318292}, {"id": "529644578", "price": 12.354, "amount": 254.0, "side": "sell", "timestamp": 1765842321764}, {"id": "529644579", "price": 12.353, "amount": 2.0, "side": "sell", "timestamp": 1765842322831}, {"id": "529644580", "price": 12.354, "amount": 9.0, "side": "buy", "timestamp": 1765842323608}, {"id": "529644581", "price": 12.353, "amount": 1.0, "side": "sell", "timestamp": 1765842323609}, {"id": "529644582", "price": 12.354, "amount": 35.0, "side": "buy", "timestamp": 1765842324149}, {"id": "529644583", "price": 12.354, "amount": 88.0, "side": "buy", "timestamp": 1765842324348}, {"id": "529644584", "price": 12.354, "amount": 459.0, "side": "buy", "timestamp": 1765842326418}, {"id": "529644585", "price": 12.355, "amount": 142.0, "side": "buy", "timestamp": 1765842326455}, {"id": "529644586", "price": 12.355, "amount": 2.0, "side": "sell", "timestamp": 1765842326570}, {"id": "529644587", "price": 12.356, "amount": 32.0, "side": "buy", "timestamp": 1765842329730}, {"id": "529644588", "price": 12.356, "amount": 3.0, "side": "sell", "timestamp": 1765842332044}, {"id": "529644589", "price": 12.356, "amount": 1.0, "side": "sell", "timestamp": 1765842333027}, {"id": "529644590", "price": 12.355, "amount": 249.0, "side": "sell", "timestamp": 1765842333276}, {"id": "529644591", "price": 12.354, "amount": 7.0, "side": "sell", "timestamp": 1765842333649}, {"id": "529644592", "price": 12.354, "amount": 4.0, "side": "buy", "timestamp": 1765842333956}, {"id": "529644593", "price": 12.354, "amount": 1.0, "side": "buy", "timestamp": 1765842335674}, {"id": "529644594", "price": 12.354, "amount": 110.0, "side": "buy", "timestamp": 1765842339310}, {"id": "529644595", "price": 12.354, "amount": 1.0, "side": "sell", "timestamp": 1765842345100}, {"id": "529644596", "price": 12.355, "amount": 4.0, "side": "buy", "timestamp": 1765842345262}, {"id": "529644597", "price": 12.355, "amount": 1.0, "side": "buy", "timestamp": 1765842348266}, {"id": "529644598", "price": 12.354, "amount": 25.0, "side": "sell", "timestamp": 1765842348821}, {"id": "529644599", "price": 12.355, "amount": 1.0, "side": "buy", "timestamp": 1765842349549}, {"id": "529644600", "price": 12.354, "amount": 2.0, "side": "sell", "timestamp": 1765842349710}, {"id": "529644601", "price": 12.354, "amount": 1.0, "side": "sell", "timestamp": 1765842352550}, {"id": "529644602", "price": 12.354, "amount": 80.0, "side": "sell", "timestamp": 1765842354688}, {"id": "529644603", "price": 12.353, "amount": 31.0, "side": "sell", "timestamp": 1765842354702}, {"id": "529644604", "price": 12.353, "amount": 2.0, "side": "buy", "timestamp": 1765842356885}, {"id": "529644605", "price": 12.353, "amount": 7.0, "side": "buy", "timestamp": 1765842357212}, {"id": "529644606", "price": 12.352, "amount": 2.0, "side": "sell", "timestamp": 1765842359409}, {"id": "529644607", "price": 12.353, "amount": 354.0, "side": "buy", "timestamp": 1765842361210}, {"id": "529644608", "price": 12.354, "amount": 101.0, "side": "buy", "timestamp": 1765842361210}, {"id": "529644609", "price": 12.355, "amount": 46.0, "side": "buy", "timestamp": 1765842361210}, {"id": "529644610", "price": 12.355, "amount": 1.0, "side": "buy", "timestamp": 1765842361373}, {"id": "529644611", "price": 12.354, "amount": 458.0, "side": "sell", "timestamp": 1765842361615}, {"id": "529644612", "price": 12.352, "amount": 10.0, "side": "sell", "timestamp": 1765842362515}, {"id": "529644613", "price": 12.353, "amount": 3.0, "side": "buy", "timestamp": 1765842362877}, {"id": "529644614", "price": 12.353, "amount": 14.0, "side": "buy", "timestamp": 1765842363896}, {"id": "529644615", "price": 12.352, "amount": 4.0, "side": "sell", "timestamp": 1765842363899}, {"id": "529644616", "price": 12.353, "amount": 28.0, "side": "buy", "timestamp": 1765842363902}, {"id": "529644617", "price": 12.354, "amount": 1.0, "side": "buy", "timestamp": 1765842364202}, {"id": "529644618", "price": 12.354, "amount": 1.0, "side": "buy", "timestamp": 1765842364326}, {"id": "529644619", "price": 12.354, "amount": 2.0, "side": "buy", "timestamp": 1765842364598}, {"id": "529644620", "price": 12.354, "amount": 3.0, "side": "buy", "timestamp": 1765842365189}, {"id": "529644621", "price": 12.354, "amount": 3.0, "side": "buy", "timestamp": 1765842365605}, {"id": "529644622", "price": 12.354, "amount": 1.0, "side": "buy", "timestamp": 1765842365964}, {"id": "529644623", "price": 12.354, "amount": 4.0, "side": "buy", "timestamp": 1765842366071}, {"id": "529644637", "price": 12.354, "amount": 3.0, "side": "sell", "timestamp": 1765842382328}, {"id": "529644638", "price": 12.354, "amount": 2.0, "side": "sell", "timestamp": 1765842385137}, {"id": "529644639", "price": 12.355, "amount": 1.0, "side": "buy", "timestamp": 1765842385246}, {"id": "529644640", "price": 12.355, "amount": 42.0, "side": "buy", "timestamp": 1765842385469}, {"id": "529644641", "price": 12.356, "amount": 48.0, "side": "buy", "timestamp": 1765842385984}, {"id": "529644642", "price": 12.355, "amount": 12.0, "side": "buy", "timestamp": 1765842386052}, {"id": "529644643", "price": 12.356, "amount": 9.0, "side": "sell", "timestamp": 1765842386179}, {"id": "529644644", "price": 12.356, "amount": 3.0, "side": "sell", "timestamp": 1765842388650}, {"id": "529644645", "price": 12.357, "amount": 1.0, "side": "buy", "timestamp": 1765842389381}, {"id": "529644646", "price": 12.356, "amount": 3.0, "side": "sell", "timestamp": 1765842390658}, {"id": "529644647", "price": 12.357, "amount": 1.0, "side": "buy", "timestamp": 1765842390846}, {"id": "529644648", "price": 12.357, "amount": 4.0, "side": "buy", "timestamp": 1765842392665}, {"id": "529644649", "price": 12.356, "amount": 3.0, "side": "sell", "timestamp": 1765842392667}, {"id": "529644650", "price": 12.356, "amount": 3.0, "side": "sell", "timestamp": 1765842394675}, {"id": "529644651", "price": 12.356, "amount": 49.0, "side": "buy", "timestamp": 1765842394819}, {"id": "529644652", "price": 12.357, "amount": 370.0, "side": "buy", "timestamp": 1765842394819}, {"id": "529644653", "price": 12.357, "amount": 2.0, "side": "sell", "timestamp": 1765842395924}, {"id": "529644654", "price": 12.358, "amount": 2.0, "side": "buy", "timestamp": 1765842397230}, {"id": "529644655", "price": 12.357, "amount": 9.0, "side": "sell", "timestamp": 1765842398109}, {"id": "529644656", "price": 12.357, "amount": 1.0, "side": "sell", "timestamp": 1765842398447}, {"id": "529644657", "price": 12.357, "amount": 1.0, "side": "sell", "timestamp": 1765842399104}, {"id": "529644658", "price": 12.358, "amount": 9.0, "side": "buy", "timestamp": 1765842399350}, {"id": "529644659", "price": 12.357, "amount": 52.0, "side": "sell", "timestamp": 1765842400088}, {"id": "529644660", "price": 12.357, "amount": 97.0, "side": "buy", "timestamp": 1765842400168}, {"id": "529644661", "price": 12.356, "amount": 239.0, "side": "sell", "timestamp": 1765842400275}, {"id": "529644662", "price": 12.356, "amount": 3.0, "side": "buy", "timestamp": 1765842400434}, {"id": "529644663", "price": 12.356, "amount": 1.0, "side": "buy", "timestamp": 1765842400669}, {"id": "529644664", "price": 12.355, "amount": 26.0, "side": "sell", "timestamp": 1765842402334}, {"id": "529644665", "price": 12.354, "amount": 494.0, "side": "sell", "timestamp": 1765842402334}, {"id": "529644666", "price": 12.353, "amount": 174.0, "side": "sell", "timestamp": 1765842402334}, {"id": "529644667", "price": 12.354, "amount": 190.0, "side": "buy", "timestamp": 1765842402375}, {"id": "529644668", "price": 12.354, "amount": 53.0, "side": "sell", "timestamp": 1765842404540}, {"id": "529644669", "price": 12.354, "amount": 2.0, "side": "buy", "timestamp": 1765842404942}, {"id": "529644670", "price": 12.353, "amount": 30.0, "side": "sell", "timestamp": 1765842405269}, {"id": "529644671", "price": 12.353, "amount": 141.0, "side": "buy", "timestamp": 1765842406059}, {"id": "529644672", "price": 12.352, "amount": 2.0, "side": "sell", "timestamp": 1765842406858}, {"id": "529644673", "price": 12.353, "amount": 1.0, "side": "buy", "timestamp": 1765842407626}, {"id": "529644674", "price": 12.353, "amount": 5.0, "side": "buy", "timestamp": 1765842410202}, {"id": "529644675", "price": 12.353, "amount": 2.0, "side": "buy", "timestamp": 1765842413006}, {"id": "529644676", "price": 12.353, "amount": 1.0, "side": "buy", "timestamp": 1765842413735}, {"id": "529644677", "price": 12.352, "amount": 1.0, "side": "sell", "timestamp": 1765842414280}, {"id": "529644678", "price": 12.353, "amount": 14.0, "side": "buy", "timestamp": 1765842417265}, {"id": "529644679", "price": 12.353, "amount": 2.0, "side": "buy", "timestamp": 1765842417749}, {"id": "529644680", "price": 12.353, "amount": 35.0, "side": "buy", "timestamp": 1765842419162}, {"id": "529644681", "price": 12.353, "amount": 1.0, "side": "buy", "timestamp": 1765842419284}, {"id": "529644682", "price": 12.353, "amount": 26.0, "side": "buy", "timestamp": 1765842419584}, {"id": "529644683", "price": 12.352, "amount": 4.0, "side": "sell", "timestamp": 1765842420738}, {"id": "529644684", "price": 12.353, "amount": 9.0, "side": "buy", "timestamp": 1765842420977}, {"id": "529644685", "price": 12.353, "amount": 4.0, "side": "buy", "timestamp": 1765842421610}, {"id": "529644686", "price": 12.353, "amount": 9.0, "side": "buy", "timestamp": 1765842421828}, {"id": "529644707", "price": 12.354, "amount": 4.0, "side": "sell", "timestamp": 1765842432324}, {"id": "529644708", "price": 12.354, "amount": 1.0, "side": "sell", "timestamp": 1765842433387}, {"id": "529644709", "price": 12.355, "amount": 189.0, "side": "buy", "timestamp": 1765842433683}, {"id": "529644710", "price": 12.356, "amount": 3.0, "side": "buy", "timestamp": 1765842433708}, {"id": "529644711", "price": 12.356, "amount": 163.0, "side": "sell", "timestamp": 1765842435204}, {"id": "529644712", "price": 12.355, "amount": 30.0, "side": "sell", "timestamp": 1765842438309}, {"id": "529644713", "price": 12.354, "amount": 89.0, "side": "sell", "timestamp": 1765842438589}, {"id": "529644714", "price": 12.353, "amount": 62.0, "side": "sell", "timestamp": 1765842439774}, {"id": "529644715", "price": 12.353, "amount": 3.0, "side": "buy", "timestamp": 1765842439984}, {"id": "529644716", "price": 12.352, "amount": 267.0, "side": "sell", "timestamp": 1765842442471}, {"id": "529644717", "price": 12.351, "amount": 2.0, "side": "sell", "timestamp": 1765842443321}, {"id": "529644718", "price": 12.352, "amount": 15.0, "side": "buy", "timestamp": 1765842443378}, {"id": "529644719", "price": 12.353, "amount": 1.0, "side": "buy", "timestamp": 1765842443637}, {"id": "529644720", "price": 12.353, "amount": 1.0, "side": "buy", "timestamp": 1765842444746}, {"id": "529644721", "price": 12.353, "amount": 1.0, "side": "buy", "timestamp": 1765842445276}, {"id": "529644722", "price": 12.353, "amount": 3.0, "side": "buy", "timestamp": 1765842446397}, {"id": "529644723", "price": 12.353, "amount": 1.0, "side": "buy", "timestamp": 1765842448393}, {"id": "529644724", "price": 12.352, "amount": 27.0, "side": "sell", "timestamp": 1765842449173}, {"id": "529644725", "price": 12.353, "amount": 4.0, "side": "buy", "timestamp": 1765842450478}, {"id": "529644726", "price": 12.352, "amount": 57.0, "side": "sell", "timestamp": 1765842451582}, {"id": "529644727", "price": 12.351, "amount": 645.0, "side": "sell", "timestamp": 1765842451582}, {"id": "529644728", "price": 12.35, "amount": 6.0, "side": "sell", "timestamp": 1765842451582}, {"id": "529644729", "price": 12.352, "amount": 1.0, "side": "buy", "timestamp": 1765842453059}, {"id": "529644730", "price": 12.352, "amount": 5.0, "side": "buy", "timestamp": 1765842453361}, {"id": "529644731", "price": 12.352, "amount": 1.0, "side": "buy", "timestamp": 1765842454171}, {"id": "529644732", "price": 12.352, "amount": 3.0, "side": "sell", "timestamp": 1765842454192}, {"id": "529644733", "price": 12.352, "amount": 2.0, "side": "buy", "timestamp": 1765842457114}, {"id": "529644734", "price": 12.353, "amount": 1.0, "side": "buy", "timestamp": 1765842457581}, {"id": "529644735", "price": 12.352, "amount": 47.0, "side": "buy", "timestamp": 1765842458779}, {"id": "529644736", "price": 12.353, "amount": 72.0, "side": "buy", "timestamp": 1765842458779}, {"id": "529644737", "price": 12.352, "amount": 1.0, "side": "sell", "timestamp": 1765842460143}, {"id": "529644738", "price": 12.352, "amount": 1.0, "side": "sell", "timestamp": 1765842460291}, {"id": "529644739", "price": 12.352, "amount": 2.0, "side": "sell", "timestamp": 1765842461886}, {"id": "529644740", "price": 12.353, "amount": 2.0, "side": "buy", "timestamp": 1765842465570}, {"id": "529644741", "price": 12.353, "amount": 40.0, "side": "buy", "timestamp": 1765842465937}, {"id": "529644742", "price": 12.353, "amount": 8.0, "side": "buy", "timestamp": 1765842467233}, {"id": "529644743", "price": 12.354, "amount": 4.0, "side": "buy", "timestamp": 1765842467887}, {"id": "529644744", "price": 12.354, "amount": 1.0, "side": "buy", "timestamp": 1765842468085}, {"id": "529644745", "price": 12.353, "amount": 8.0, "side": "sell", "timestamp": 1765842468344}, {"id": "529644746", "price": 12.354, "amount": 4.0, "side": "buy", "timestamp": 1765842468442}, {"id": "529644747", "price": 12.353, "amount": 41.0, "side": "buy", "timestamp": 1765842468460}, {"id": "529644748", "price": 12.354, "amount": 59.0, "side": "buy", "timestamp": 1765842468460}, {"id": "529644749", "price": 12.354, "amount": 1.0, "side": "buy", "timestamp": 1765842470194}, {"id": "529644750", "price": 12.353, "amount": 2.0, "side": "sell", "timestamp": 1765842470883}, {"id": "529644751", "price": 12.353, "amount": 41.0, "side": "sell", "timestamp": 1765842475892}, {"id": "529644752", "price": 12.352, "amount": 119.0, "side": "sell", "timestamp": 1765842475892}, {"id": "529644753", "price": 12.353, "amount": 1.0, "side": "buy", "timestamp": 1765842477237}, {"id": "529644754", "price": 12.353, "amount": 49.0, "side": "buy", "timestamp": 1765842477344}, {"id": "529644755", "price": 12.354, "amount": 406.0, "side": "buy", "timestamp": 1765842477344}, {"id": "529644756", "price": 12.354, "amount": 3.0, "side": "buy", "timestamp": 1765842478147}, {"id": "529644763", "price": 12.354, "amount": 1.0, "side": "buy", "timestamp": 1765842484947}, {"id": "529644764", "price": 12.354, "amount": 3.0, "side": "buy", "timestamp": 1765842485063}, {"id": "529644765", "price": 12.354, "amount": 1.0, "side": "buy", "timestamp": 1765842485243}, {"id": "529644766", "price": 12.354, "amount": 2.0, "side": "buy", "timestamp": 1765842485676}, {"id": "529644767", "price": 12.353, "amount": 789.0, "side": "sell", "timestamp": 1765842486020}, {"id": "529644768", "price": 12.352, "amount": 2.0, "side": "sell", "timestamp": 1765842487002}, {"id": "529644769", "price": 12.352, "amount": 1.0, "side": "sell", "timestamp": 1765842487217}, {"id": "529644770", "price": 12.352, "amount": 1.0, "side": "sell", "timestamp": 1765842487404}, {"id": "529644771", "price": 12.352, "amount": 370.0, "side": "sell", "timestamp": 1765842491176}, {"id": "529644772", "price": 12.352, "amount": 1.0, "side": "buy", "timestamp": 1765842492570}, {"id": "529644773", "price": 12.351, "amount": 1.0, "side": "sell", "timestamp": 1765842493368}, {"id": "529644774", "price": 12.351, "amount": 88.0, "side": "sell", "timestamp": 1765842493589}, {"id": "529644775", "price": 12.351, "amount": 1.0, "side": "buy", "timestamp": 1765842493727}, {"id": "529644776", "price": 12.35, "amount": 1.0, "side": "sell", "timestamp": 1765842494368}, {"id": "529644777", "price": 12.35, "amount": 200.0, "side": "sell", "timestamp": 1765842495255}, {"id": "529644778", "price": 12.35, "amount": 964.0, "side": "sell", "timestamp": 1765842495936}, {"id": "529644779", "price": 12.35, "amount": 4.0, "side": "buy", "timestamp": 1765842496567}, {"id": "529644780", "price": 12.349, "amount": 17.0, "side": "sell", "timestamp": 1765842499832}, {"id": "529644781", "price": 12.349, "amount": 2.0, "side": "sell", "timestamp": 1765842502197}, {"id": "529644782", "price": 12.349, "amount": 5.0, "side": "sell", "timestamp": 1765842506930}, {"id": "529644783", "price": 12.349, "amount": 533.0, "side": "sell", "timestamp": 1765842509453}, {"id": "529644784", "price": 12.348, "amount": 241.0, "side": "sell", "timestamp": 1765842509453}, {"id": "529644785", "price": 12.349, "amount": 1.0, "side": "buy", "timestamp": 1765842509769}, {"id": "529644786", "price": 12.35, "amount": 1.0, "side": "buy", "timestamp": 1765842512051}, {"id": "529644787", "price": 12.349, "amount": 1.0, "side": "sell", "timestamp": 1765842513472}, {"id": "529644788", "price": 12.349, "amount": 5.0, "side": "sell", "timestamp": 1765842513947}, {"id": "529644789", "price": 12.35, "amount": 4.0, "side": "buy", "timestamp": 1765842513972}, {"id": "529644790", "price": 12.349, "amount": 1.0, "side": "sell", "timestamp": 1765842515635}, {"id": "529644791", "price": 12.35, "amount": 1.0, "side": "buy", "timestamp": 1765842515995}, {"id": "529644792", "price": 12.349, "amount": 1.0, "side": "sell", "timestamp": 1765842517208}, {"id": "529644793", "price": 12.349, "amount": 125.0, "side": "sell", "timestamp": 1765842518464}, {"id": "529644794", "price": 12.348, "amount": 209.0, "side": "sell", "timestamp": 1765842518468}, {"id": "529644795", "price": 12.347, "amount": 46.0, "side": "sell", "timestamp": 1765842520653}, {"id": "529644796", "price": 12.347, "amount": 50.0, "side": "buy", "timestamp": 1765842522887}, {"id": "529644797", "price": 12.347, "amount": 82.0, "side": "buy", "timestamp": 1765842523125}, {"id": "529644798", "price": 12.347, "amount": 1.0, "side": "sell", "timestamp": 1765842524004}, {"id": "529644799", "price": 12.347, "amount": 594.0, "side": "sell", "timestamp": 1765842524157}, {"id": "529644800", "price": 12.346, "amount": 98.0, "side": "sell", "timestamp": 1765842524317}, {"id": "529644801", "price": 12.345, "amount": 54.0, "side": "sell", "timestamp": 1765842524560}, {"id": "529644802", "price": 12.344, "amount": 489.0, "side": "sell", "timestamp": 1765842524568}, {"id": "529644803", "price": 12.343, "amount": 1.0, "side": "sell", "timestamp": 1765842525977}, {"id": "529644804", "price": 12.343, "amount": 357.0, "side": "sell", "timestamp": 1765842526520}, {"id": "529644805", "price": 12.343, "amount": 197.0, "side": "buy", "timestamp": 1765842526607}, {"id": "529644806", "price": 12.342, "amount": 140.0, "side": "sell", "timestamp": 1765842527175}, {"id": "529644807", "price": 12.341, "amount": 185.0, "side": "sell", "timestamp": 1765842527175}, {"id": "529644808", "price": 12.341, "amount": 2.0, "side": "sell", "timestamp": 1765842527878}, {"id": "529644809", "price": 12.341, "amount": 58.0, "side": "sell", "timestamp": 1765842529225}, {"id": "529644810", "price": 12.342, "amount": 3.0, "side": "buy", "timestamp": 1765842529362}, {"id": "529644811", "price": 12.341, "amount": 16.0, "side": "sell", "timestamp": 1765842529414}, {"id": "529644812", "price": 12.342, "amount": 1.0, "side": "buy", "timestamp": 1765842530655}, {"id": "529644837", "price": 12.339, "amount": 1.0, "side": "buy", "timestamp": 1765842545681}, {"id": "529644838", "price": 12.338, "amount": 20.0, "side": "sell", "timestamp": 1765842546493}, {"id": "529644839", "price": 12.339, "amount": 10.0, "side": "buy", "timestamp": 1765842546608}, {"id": "529644840", "price": 12.339, "amount": 6.0, "side": "buy", "timestamp": 1765842548006}, {"id": "529644841", "price": 12.338, "amount": 2.0, "side": "sell", "timestamp": 1765842549736}, {"id": "529644842", "price": 12.338, "amount": 2.0, "side": "sell", "timestamp": 1765842549848}, {"id": "529644843", "price": 12.338, "amount": 1.0, "side": "sell", "timestamp": 1765842551672}, {"id": "529644844", "price": 12.339, "amount": 124.0, "side": "buy", "timestamp": 1765842551892}, {"id": "529644845", "price": 12.339, "amount": 4.0, "side": "buy", "timestamp": 1765842555247}, {"id": "529644846", "price": 12.338, "amount": 1.0, "side": "sell", "timestamp": 1765842556289}, {"id": "529644847", "price": 12.339, "amount": 162.0, "side": "buy", "timestamp": 1765842556606}, {"id": "529644848", "price": 12.339, "amount": 10.0, "side": "buy", "timestamp": 1765842558835}, {"id": "529644849", "price": 12.338, "amount": 500.0, "side": "sell", "timestamp": 1765842559536}, {"id": "529644850", "price": 12.339, "amount": 1.0, "side": "buy", "timestamp": 1765842559570}, {"id": "529644851", "price": 12.338, "amount": 60.0, "side": "sell", "timestamp": 1765842561737}, {"id": "529644852", "price": 12.337, "amount": 190.0, "side": "sell", "timestamp": 1765842561827}, {"id": "529644853", "price": 12.336, "amount": 4.0, "side": "sell", "timestamp": 1765842561965}, {"id": "529644854", "price": 12.335, "amount": 286.0, "side": "sell", "timestamp": 1765842562256}, {"id": "529644855", "price": 12.334, "amount": 499.0, "side": "sell", "timestamp": 1765842562259}, {"id": "529644856", "price": 12.333, "amount": 149.0, "side": "sell", "timestamp": 1765842562330}, {"id": "529644857", "price": 12.332, "amount": 192.0, "side": "sell", "timestamp": 1765842562336}, {"id": "529644858", "price": 12.333, "amount": 6082.0, "side": "buy", "timestamp": 1765842562563}, {"id": "529644859", "price": 12.334, "amount": 6.0, "side": "buy", "timestamp": 1765842562566}, {"id": "529644860", "price": 12.335, "amount": 270.0, "side": "buy", "timestamp": 1765842562566}, {"id": "529644861", "price": 12.335, "amount": 80.0, "side": "sell", "timestamp": 1765842562569}, {"id": "529644862", "price": 12.336, "amount": 18.0, "side": "buy", "timestamp": 1765842562569}, {"id": "529644863", "price": 12.336, "amount": 23.0, "side": "buy", "timestamp": 1765842562764}, {"id": "529644864", "price": 12.336, "amount": 250.0, "side": "buy", "timestamp": 1765842563216}, {"id": "529644865", "price": 12.336, "amount": 21.0, "side": "buy", "timestamp": 1765842563496}, {"id": "529644866", "price": 12.335, "amount": 1011.0, "side": "sell", "timestamp": 1765842563544}, {"id": "529644867", "price": 12.334, "amount": 81.0, "side": "sell", "timestamp": 1765842563846}, {"id": "529644868", "price": 12.335, "amount": 4.0, "side": "buy", "timestamp": 1765842567114}, {"id": "529644869", "price": 12.335, "amount": 301.0, "side": "buy", "timestamp": 1765842568139}, {"id": "529644870", "price": 12.336, "amount": 3.0, "side": "buy", "timestamp": 1765842568711}, {"id": "529644871", "price": 12.336, "amount": 1.0, "side": "sell", "timestamp": 1765842569153}, {"id": "529644872", "price": 12.337, "amount": 155.0, "side": "buy", "timestamp": 1765842571903}, {"id": "529644873", "price": 12.338, "amount": 3.0, "side": "buy", "timestamp": 1765842574464}, {"id": "529644874", "price": 12.338, "amount": 276.0, "side": "buy", "timestamp": 1765842575374}, {"id": "529644875", "price": 12.339, "amount": 584.0, "side": "buy", "timestamp": 1765842575383}, {"id": "529644876", "price": 12.34, "amount": 224.0, "side": "buy", "timestamp": 1765842575412}, {"id": "529644877", "price": 12.341, "amount": 155.0, "side": "buy", "timestamp": 1765842575505}, {"id": "529644878", "price": 12.341, "amount": 1.0, "side": "sell", "timestamp": 1765842575626}, {"id": "529644879", "price": 12.342, "amount": 174.0, "side": "buy", "timestamp": 1765842577846}, {"id": "529644880", "price": 12.342, "amount": 97.0, "side": "sell", "timestamp": 1765842583707}, {"id": "529644881", "price": 12.341, "amount": 592.0, "side": "sell", "timestamp": 1765842583707}, {"id": "529644882", "price": 12.341, "amount": 2.0, "side": "sell", "timestamp": 1765842584931}, {"id": "529644883", "price": 12.342, "amount": 14.0, "side": "buy", "timestamp": 1765842586612}, {"id": "529644884", "price": 12.342, "amount": 5.0, "side": "buy", "timestamp": 1765842587418}, {"id": "529644885", "price": 12.341, "amount": 2.0, "side": "sell", "timestamp": 1765842587452}, {"id": "529644886", "price": 12.341, "amount": 1.0, "side": "sell", "timestamp": 1765842587672}, {"id": "529644880", "price": 12.342, "amount": 97.0, "side": "sell", "timestamp": 1765842583707}, {"id": "529644881", "price": 12.341, "amount": 592.0, "side": "sell", "timestamp": 1765842583707}, {"id": "529644882", "price": 12.341, "amount": 2.0, "side": "sell", "timestamp": 1765842584931}, {"id": "529644883", "price": 12.342, "amount": 14.0, "side": "buy", "timestamp": 1765842586612}, {"id": "529644884", "price": 12.342, "amount": 5.0, "side": "buy", "timestamp": 1765842587418}, {"id": "529644885", "price": 12.341, "amount": 2.0, "side": "sell", "timestamp": 1765842587452}, {"id": "529644886", "price": 12.341, "amount": 1.0, "side": "sell", "timestamp": 1765842587672}, {"id": "529644887", "price": 12.342, "amount": 1.0, "side": "buy", "timestamp": 1765842589474}, {"id": "529644888", "price": 12.341, "amount": 6.0, "side": "sell", "timestamp": 1765842590965}, {"id": "529644889", "price": 12.341, "amount": 3.0, "side": "sell", "timestamp": 1765842593570}, {"id": "529644890", "price": 12.342, "amount": 1.0, "side": "buy", "timestamp": 1765842595270}, {"id": "529644891", "price": 12.341, "amount": 133.0, "side": "sell", "timestamp": 1765842595744}, {"id": "529644892", "price": 12.342, "amount": 2.0, "side": "buy", "timestamp": 1765842595991}, {"id": "529644893", "price": 12.342, "amount": 10.0, "side": "buy", "timestamp": 1765842597593}, {"id": "529644894", "price": 12.342, "amount": 1.0, "side": "buy", "timestamp": 1765842597849}, {"id": "529644895", "price": 12.341, "amount": 1.0, "side": "sell", "timestamp": 1765842598839}, {"id": "529644896", "price": 12.342, "amount": 208.0, "side": "buy", "timestamp": 1765842598951}, {"id": "529644897", "price": 12.342, "amount": 4.0, "side": "buy", "timestamp": 1765842601355}, {"id": "529644898", "price": 12.341, "amount": 17.0, "side": "sell", "timestamp": 1765842602233}, {"id": "529644899", "price": 12.342, "amount": 274.0, "side": "buy", "timestamp": 1765842603370}, {"id": "529644900", "price": 12.342, "amount": 1.0, "side": "sell", "timestamp": 1765842604373}, {"id": "529644901", "price": 12.343, "amount": 44.0, "side": "buy", "timestamp": 1765842604433}, {"id": "529644902", "price": 12.342, "amount": 2.0, "side": "sell", "timestamp": 1765842604595}, {"id": "529644903", "price": 12.343, "amount": 2.0, "side": "buy", "timestamp": 1765842604699}, {"id": "529644904", "price": 12.343, "amount": 1.0, "side": "buy", "timestamp": 1765842605244}, {"id": "529644905", "price": 12.342, "amount": 16.0, "side": "sell", "timestamp": 1765842606004}, {"id": "529644906", "price": 12.342, "amount": 8.0, "side": "sell", "timestamp": 1765842607918}, {"id": "529644907", "price": 12.343, "amount": 1.0, "side": "buy", "timestamp": 1765842608218}, {"id": "529644908", "price": 12.342, "amount": 1.0, "side": "sell", "timestamp": 1765842610490}, {"id": "529644909", "price": 12.342, "amount": 2.0, "side": "sell", "timestamp": 1765842610671}, {"id": "529644910", "price": 12.342, "amount": 5.0, "side": "sell", "timestamp": 1765842611038}, {"id": "529644911", "price": 12.342, "amount": 2.0, "side": "sell", "timestamp": 1765842611186}, {"id": "529644912", "price": 12.342, "amount": 1.0, "side": "sell", "timestamp": 1765842612168}, {"id": "529644913", "price": 12.343, "amount": 50.0, "side": "buy", "timestamp": 1765842613034}, {"id": "529644914", "price": 12.342, "amount": 855.0, "side": "sell", "timestamp": 1765842614553}, {"id": "529644915", "price": 12.343, "amount": 1.0, "side": "buy", "timestamp": 1765842615864}, {"id": "529644916", "price": 12.343, "amount": 1.0, "side": "buy", "timestamp": 1765842619343}, {"id": "529644917", "price": 12.342, "amount": 587.0, "side": "sell", "timestamp": 1765842619465}, {"id": "529644918", "price": 12.342, "amount": 4.0, "side": "buy", "timestamp": 1765842620295}, {"id": "529644919", "price": 12.341, "amount": 40.0, "side": "sell", "timestamp": 1765842621577}, {"id": "529644920", "price": 12.341, "amount": 1.0, "side": "sell", "timestamp": 1765842623639}, {"id": "529644921", "price": 12.342, "amount": 1.0, "side": "buy", "timestamp": 1765842624347}, {"id": "529644922", "price": 12.341, "amount": 2.0, "side": "sell", "timestamp": 1765842624803}, {"id": "529644923", "price": 12.342, "amount": 1.0, "side": "buy", "timestamp": 1765842626427}, {"id": "529644924", "price": 12.341, "amount": 5.0, "side": "sell", "timestamp": 1765842627830}, {"id": "529644925", "price": 12.342, "amount": 1.0, "side": "buy", "timestamp": 1765842630383}, {"id": "529644926", "price": 12.341, "amount": 1.0, "side": "sell", "timestamp": 1765842632687}, {"id": "529644927", "price": 12.342, "amount": 4.0, "side": "buy", "timestamp": 1765842634458}, {"id": "529644928", "price": 12.342, "amount": 1.0, "side": "buy", "timestamp": 1765842636426}, {"id": "529644929", "price": 12.341, "amount": 730.0, "side": "sell", "timestamp": 1765842641364}, {"id": "529644951", "price": 12.339, "amount": 8.0, "side": "buy", "timestamp": 1765842666540}, {"id": "529644952", "price": 12.338, "amount": 2.0, "side": "sell", "timestamp": 1765842667628}, {"id": "529644953", "price": 12.338, "amount": 1.0, "side": "sell", "timestamp": 1765842669726}, {"id": "529644954", "price": 12.338, "amount": 3.0, "side": "sell", "timestamp": 1765842670039}, {"id": "529644955", "price": 12.338, "amount": 1.0, "side": "sell", "timestamp": 1765842670278}, {"id": "529644956", "price": 12.339, "amount": 26.0, "side": "buy", "timestamp": 1765842671912}, {"id": "529644957", "price": 12.338, "amount": 1.0, "side": "sell", "timestamp": 1765842672463}, {"id": "529644958", "price": 12.338, "amount": 585.0, "side": "sell", "timestamp": 1765842673735}, {"id": "529644959", "price": 12.337, "amount": 168.0, "side": "sell", "timestamp": 1765842673749}, {"id": "529644960", "price": 12.336, "amount": 123.0, "side": "sell", "timestamp": 1765842673811}, {"id": "529644961", "price": 12.337, "amount": 22.0, "side": "buy", "timestamp": 1765842675216}, {"id": "529644962", "price": 12.337, "amount": 3.0, "side": "buy", "timestamp": 1765842676558}, {"id": "529644963", "price": 12.337, "amount": 347.0, "side": "buy", "timestamp": 1765842677006}, {"id": "529644964", "price": 12.338, "amount": 122.0, "side": "buy", "timestamp": 1765842678874}, {"id": "529644965", "price": 12.337, "amount": 1.0, "side": "sell", "timestamp": 1765842679431}, {"id": "529644966", "price": 12.336, "amount": 1826.0, "side": "sell", "timestamp": 1765842681587}, {"id": "529644967", "price": 12.335, "amount": 421.0, "side": "sell", "timestamp": 1765842681589}, {"id": "529644968", "price": 12.334, "amount": 364.0, "side": "sell", "timestamp": 1765842681591}, {"id": "529644969", "price": 12.333, "amount": 38.0, "side": "sell", "timestamp": 1765842681846}, {"id": "529644970", "price": 12.332, "amount": 1.0, "side": "sell", "timestamp": 1765842683061}, {"id": "529644971", "price": 12.332, "amount": 15.0, "side": "sell", "timestamp": 1765842683687}, {"id": "529644972", "price": 12.332, "amount": 47.0, "side": "sell", "timestamp": 1765842684175}, {"id": "529644973", "price": 12.331, "amount": 106.0, "side": "sell", "timestamp": 1765842684994}, {"id": "529644974", "price": 12.332, "amount": 562.0, "side": "buy", "timestamp": 1765842685739}, {"id": "529644975", "price": 12.332, "amount": 2.0, "side": "sell", "timestamp": 1765842686217}, {"id": "529644976", "price": 12.333, "amount": 3.0, "side": "buy", "timestamp": 1765842686560}, {"id": "529644977", "price": 12.333, "amount": 5.0, "side": "buy", "timestamp": 1765842691392}, {"id": "529644978", "price": 12.332, "amount": 590.0, "side": "sell", "timestamp": 1765842691424}, {"id": "529644979", "price": 12.331, "amount": 804.0, "side": "sell", "timestamp": 1765842692523}, {"id": "529644980", "price": 12.331, "amount": 118.0, "side": "buy", "timestamp": 1765842693895}, {"id": "529644981", "price": 12.331, "amount": 1.0, "side": "buy", "timestamp": 1765842694156}, {"id": "529644982", "price": 12.33, "amount": 16.0, "side": "sell", "timestamp": 1765842695636}, {"id": "529644983", "price": 12.329, "amount": 169.0, "side": "sell", "timestamp": 1765842695693}, {"id": "529644984", "price": 12.328, "amount": 547.0, "side": "sell", "timestamp": 1765842695704}, {"id": "529644985", "price": 12.329, "amount": 1.0, "side": "buy", "timestamp": 1765842695709}, {"id": "529644986", "price": 12.328, "amount": 50.0, "side": "buy", "timestamp": 1765842695826}, {"id": "529644987", "price": 12.327, "amount": 15.0, "side": "sell", "timestamp": 1765842695998}, {"id": "529644988", "price": 12.326, "amount": 83.0, "side": "sell", "timestamp": 1765842696000}, {"id": "529644989", "price": 12.325, "amount": 2428.0, "side": "sell", "timestamp": 1765842696030}, {"id": "529644990", "price": 12.324, "amount": 209.0, "side": "sell", "timestamp": 1765842696096}, {"id": "529644991", "price": 12.324, "amount": 1.0, "side": "buy", "timestamp": 1765842696208}, {"id": "529644992", "price": 12.323, "amount": 41.0, "side": "sell", "timestamp": 1765842696233}, {"id": "529644993", "price": 12.323, "amount": 1.0, "side": "sell", "timestamp": 1765842696347}, {"id": "529644994", "price": 12.323, "amount": 1.0, "side": "sell", "timestamp": 1765842696702}, {"id": "529644995", "price": 12.324, "amount": 87.0, "side": "buy", "timestamp": 1765842696823}, {"id": "529644996", "price": 12.324, "amount": 51.0, "side": "buy", "timestamp": 1765842696938}, {"id": "529644997", "price": 12.325, "amount": 251.0, "side": "buy", "timestamp": 1765842696938}, {"id": "529644998", "price": 12.326, "amount": 1.0, "side": "buy", "timestamp": 1765842697291}, {"id": "529644999", "price": 12.325, "amount": 2.0, "side": "sell", "timestamp": 1765842697619}, {"id": "529645000", "price": 12.325, "amount": 1.0, "side": "sell", "timestamp": 1765842700982}, {"id": "529645016", "price": 12.329, "amount": 18.0, "side": "buy", "timestamp": 1765842711651}, {"id": "529645017", "price": 12.328, "amount": 68.0, "side": "sell", "timestamp": 1765842711683}, {"id": "529645018", "price": 12.328, "amount": 1.0, "side": "sell", "timestamp": 1765842712461}, {"id": "529645019", "price": 12.328, "amount": 3.0, "side": "sell", "timestamp": 1765842713776}, {"id": "529645020", "price": 12.328, "amount": 68.0, "side": "sell", "timestamp": 1765842714389}, {"id": "529645021", "price": 12.329, "amount": 167.0, "side": "buy", "timestamp": 1765842715073}, {"id": "529645022", "price": 12.329, "amount": 2.0, "side": "sell", "timestamp": 1765842716477}, {"id": "529645023", "price": 12.329, "amount": 1.0, "side": "sell", "timestamp": 1765842716899}, {"id": "529645024", "price": 12.33, "amount": 8.0, "side": "buy", "timestamp": 1765842717120}, {"id": "529645025", "price": 12.33, "amount": 3.0, "side": "buy", "timestamp": 1765842720549}, {"id": "529645026", "price": 12.329, "amount": 4.0, "side": "sell", "timestamp": 1765842720646}, {"id": "529645027", "price": 12.33, "amount": 253.0, "side": "buy", "timestamp": 1765842721604}, {"id": "529645028", "price": 12.331, "amount": 3.0, "side": "buy", "timestamp": 1765842722314}, {"id": "529645029", "price": 12.331, "amount": 234.0, "side": "buy", "timestamp": 1765842722775}, {"id": "529645030", "price": 12.331, "amount": 1.0, "side": "buy", "timestamp": 1765842723310}, {"id": "529645031", "price": 12.331, "amount": 1.0, "side": "sell", "timestamp": 1765842723387}, {"id": "529645032", "price": 12.331, "amount": 1.0, "side": "sell", "timestamp": 1765842723524}, {"id": "529645033", "price": 12.332, "amount": 165.0, "side": "buy", "timestamp": 1765842723837}, {"id": "529645034", "price": 12.332, "amount": 5.0, "side": "sell", "timestamp": 1765842723992}, {"id": "529645035", "price": 12.332, "amount": 2.0, "side": "sell", "timestamp": 1765842724097}, {"id": "529645036", "price": 12.333, "amount": 1.0, "side": "buy", "timestamp": 1765842724224}, {"id": "529645037", "price": 12.333, "amount": 2.0, "side": "buy", "timestamp": 1765842724961}, {"id": "529645038", "price": 12.333, "amount": 139.0, "side": "buy", "timestamp": 1765842725120}, {"id": "529645039", "price": 12.334, "amount": 1.0, "side": "buy", "timestamp": 1765842725128}, {"id": "529645040", "price": 12.334, "amount": 2.0, "side": "buy", "timestamp": 1765842725703}, {"id": "529645041", "price": 12.334, "amount": 2.0, "side": "buy", "timestamp": 1765842726543}, {"id": "529645042", "price": 12.334, "amount": 1.0, "side": "buy", "timestamp": 1765842726819}, {"id": "529645043", "price": 12.333, "amount": 723.0, "side": "sell", "timestamp": 1765842726839}, {"id": "529645044", "price": 12.333, "amount": 3.0, "side": "buy", "timestamp": 1765842727277}, {"id": "529645045", "price": 12.332, "amount": 2.0, "side": "sell", "timestamp": 1765842727387}, {"id": "529645046", "price": 12.332, "amount": 197.0, "side": "sell", "timestamp": 1765842728638}, {"id": "529645047", "price": 12.331, "amount": 1.0, "side": "sell", "timestamp": 1765842731633}, {"id": "529645048", "price": 12.332, "amount": 1.0, "side": "buy", "timestamp": 1765842731920}, {"id": "529645049", "price": 12.332, "amount": 7.0, "side": "buy", "timestamp": 1765842733734}, {"id": "529645050", "price": 12.332, "amount": 4.0, "side": "buy", "timestamp": 1765842735989}, {"id": "529645051", "price": 12.332, "amount": 24.0, "side": "buy", "timestamp": 1765842739526}, {"id": "529645052", "price": 12.332, "amount": 3.0, "side": "sell", "timestamp": 1765842740155}, {"id": "529645053", "price": 12.333, "amount": 86.0, "side": "buy", "timestamp": 1765842745696}, {"id": "529645054", "price": 12.334, "amount": 2.0, "side": "buy", "timestamp": 1765842747511}, {"id": "529645055", "price": 12.334, "amount": 12.0, "side": "buy", "timestamp": 1765842749809}, {"id": "529645056", "price": 12.334, "amount": 22.0, "side": "buy", "timestamp": 1765842750063}, {"id": "529645057", "price": 12.334, "amount": 1.0, "side": "buy", "timestamp": 1765842750276}, {"id": "529645058", "price": 12.334, "amount": 4.0, "side": "buy", "timestamp": 1765842752788}, {"id": "529645059", "price": 12.333, "amount": 45.0, "side": "sell", "timestamp": 1765842753877}, {"id": "529645060", "price": 12.333, "amount": 138.0, "side": "buy", "timestamp": 1765842753895}, {"id": "529645061", "price": 12.332, "amount": 6.0, "side": "sell", "timestamp": 1765842754082}, {"id": "529645062", "price": 12.332, "amount": 1.0, "side": "buy", "timestamp": 1765842754763}, {"id": "529645063", "price": 12.333, "amount": 8.0, "side": "buy", "timestamp": 1765842754763}, {"id": "529645064", "price": 12.333, "amount": 2.0, "side": "sell", "timestamp": 1765842755169}, {"id": "529645065", "price": 12.333, "amount": 195.0, "side": "buy", "timestamp": 1765842756829}, {"id": "529645064", "price": 12.333, "amount": 2.0, "side": "sell", "timestamp": 1765842755169}, {"id": "529645065", "price": 12.333, "amount": 195.0, "side": "buy", "timestamp": 1765842756829}, {"id": "529645066", "price": 12.333, "amount": 1.0, "side": "buy", "timestamp": 1765842757930}, {"id": "529645067", "price": 12.332, "amount": 353.0, "side": "sell", "timestamp": 1765842758061}, {"id": "529645068", "price": 12.331, "amount": 750.0, "side": "sell", "timestamp": 1765842759975}, {"id": "529645069", "price": 12.33, "amount": 20.0, "side": "sell", "timestamp": 1765842760135}, {"id": "529645070", "price": 12.33, "amount": 49.0, "side": "sell", "timestamp": 1765842762570}, {"id": "529645071", "price": 12.329, "amount": 158.0, "side": "sell", "timestamp": 1765842762570}, {"id": "529645072", "price": 12.33, "amount": 1.0, "side": "buy", "timestamp": 1765842763788}, {"id": "529645073", "price": 12.329, "amount": 6.0, "side": "sell", "timestamp": 1765842764274}, {"id": "529645074", "price": 12.33, "amount": 1.0, "side": "buy", "timestamp": 1765842764331}, {"id": "529645075", "price": 12.33, "amount": 5.0, "side": "buy", "timestamp": 1765842766869}, {"id": "529645076", "price": 12.329, "amount": 1.0, "side": "sell", "timestamp": 1765842767626}, {"id": "529645077", "price": 12.329, "amount": 3.0, "side": "sell", "timestamp": 1765842769566}, {"id": "529645078", "price": 12.329, "amount": 188.0, "side": "sell", "timestamp": 1765842770341}, {"id": "529645079", "price": 12.329, "amount": 4.0, "side": "sell", "timestamp": 1765842770557}, {"id": "529645080", "price": 12.329, "amount": 100.0, "side": "sell", "timestamp": 1765842771474}, {"id": "529645081", "price": 12.33, "amount": 5.0, "side": "buy", "timestamp": 1765842771837}, {"id": "529645082", "price": 12.329, "amount": 200.0, "side": "sell", "timestamp": 1765842773460}, {"id": "529645083", "price": 12.33, "amount": 187.0, "side": "buy", "timestamp": 1765842773895}, {"id": "529645084", "price": 12.329, "amount": 316.0, "side": "sell", "timestamp": 1765842774161}, {"id": "529645085", "price": 12.328, "amount": 9.0, "side": "sell", "timestamp": 1765842774182}, {"id": "529645086", "price": 12.327, "amount": 23.0, "side": "sell", "timestamp": 1765842774188}, {"id": "529645087", "price": 12.326, "amount": 6.0, "side": "sell", "timestamp": 1765842774190}, {"id": "529645088", "price": 12.325, "amount": 154.0, "side": "sell", "timestamp": 1765842774256}, {"id": "529645089", "price": 12.324, "amount": 5.0, "side": "sell", "timestamp": 1765842781147}, {"id": "529645090", "price": 12.324, "amount": 32.0, "side": "sell", "timestamp": 1765842782537}, {"id": "529645091", "price": 12.325, "amount": 376.0, "side": "buy", "timestamp": 1765842783433}, {"id": "529645092", "price": 12.326, "amount": 4.0, "side": "buy", "timestamp": 1765842783485}, {"id": "529645093", "price": 12.326, "amount": 1.0, "side": "buy", "timestamp": 1765842784265}, {"id": "529645094", "price": 12.325, "amount": 90.0, "side": "sell", "timestamp": 1765842784572}, {"id": "529645095", "price": 12.326, "amount": 1.0, "side": "buy", "timestamp": 1765842784642}, {"id": "529645096", "price": 12.326, "amount": 1.0, "side": "buy", "timestamp": 1765842785277}, {"id": "529645097", "price": 12.325, "amount": 3.0, "side": "sell", "timestamp": 1765842785914}, {"id": "529645098", "price": 12.325, "amount": 1.0, "side": "sell", "timestamp": 1765842786656}, {"id": "529645099", "price": 12.325, "amount": 4.0, "side": "sell", "timestamp": 1765842786971}, {"id": "529645100", "price": 12.325, "amount": 1.0, "side": "sell", "timestamp": 1765842787074}, {"id": "529645101", "price": 12.325, "amount": 1.0, "side": "sell", "timestamp": 1765842787447}, {"id": "529645102", "price": 12.326, "amount": 100.0, "side": "buy", "timestamp": 1765842790117}, {"id": "529645103", "price": 12.326, "amount": 1.0, "side": "buy", "timestamp": 1765842792182}, {"id": "529645104", "price": 12.325, "amount": 3.0, "side": "sell", "timestamp": 1765842792268}, {"id": "529645105", "price": 12.325, "amount": 3.0, "side": "sell", "timestamp": 1765842795989}, {"id": "529645106", "price": 12.326, "amount": 4.0, "side": "buy", "timestamp": 1765842796085}, {"id": "529645107", "price": 12.326, "amount": 115.0, "side": "buy", "timestamp": 1765842798895}, {"id": "529645108", "price": 12.325, "amount": 580.0, "side": "sell", "timestamp": 1765842801572}, {"id": "529645109", "price": 12.325, "amount": 213.0, "side": "buy", "timestamp": 1765842802563}, {"id": "529645110", "price": 12.326, "amount": 12.0, "side": "buy", "timestamp": 1765842804098}, {"id": "529645111", "price": 12.326, "amount": 224.0, "side": "buy", "timestamp": 1765842806590}, {"id": "529645112", "price": 12.327, "amount": 78.0, "side": "buy", "timestamp": 1765842807750}, {"id": "529645113", "price": 12.328, "amount": 3.0, "side": "buy", "timestamp": 1765842811370}, {"id": "529645121", "price": 12.328, "amount": 3.0, "side": "buy", "timestamp": 1765842829044}, {"id": "529645122", "price": 12.328, "amount": 1.0, "side": "buy", "timestamp": 1765842830957}, {"id": "529645123", "price": 12.328, "amount": 1.0, "side": "buy", "timestamp": 1765842831907}, {"id": "529645124", "price": 12.328, "amount": 183.0, "side": "buy", "timestamp": 1765842832357}, {"id": "529645125", "price": 12.328, "amount": 46.0, "side": "buy", "timestamp": 1765842832901}, {"id": "529645126", "price": 12.329, "amount": 41.0, "side": "buy", "timestamp": 1765842832908}, {"id": "529645127", "price": 12.33, "amount": 10.0, "side": "buy", "timestamp": 1765842832956}, {"id": "529645128", "price": 12.33, "amount": 682.0, "side": "buy", "timestamp": 1765842833072}, {"id": "529645129", "price": 12.331, "amount": 84.0, "side": "buy", "timestamp": 1765842833072}, {"id": "529645130", "price": 12.332, "amount": 50.0, "side": "buy", "timestamp": 1765842833153}, {"id": "529645131", "price": 12.332, "amount": 296.0, "side": "buy", "timestamp": 1765842834135}, {"id": "529645132", "price": 12.331, "amount": 67.0, "side": "sell", "timestamp": 1765842835431}, {"id": "529645133", "price": 12.331, "amount": 9.0, "side": "buy", "timestamp": 1765842837116}, {"id": "529645134", "price": 12.33, "amount": 4.0, "side": "sell", "timestamp": 1765842839378}, {"id": "529645135", "price": 12.33, "amount": 1.0, "side": "sell", "timestamp": 1765842839672}, {"id": "529645136", "price": 12.331, "amount": 1.0, "side": "buy", "timestamp": 1765842841076}, {"id": "529645137", "price": 12.331, "amount": 3.0, "side": "buy", "timestamp": 1765842841315}, {"id": "529645138", "price": 12.33, "amount": 5.0, "side": "sell", "timestamp": 1765842841372}, {"id": "529645139", "price": 12.33, "amount": 14.0, "side": "sell", "timestamp": 1765842841478}, {"id": "529645140", "price": 12.331, "amount": 46.0, "side": "buy", "timestamp": 1765842841918}, {"id": "529645141", "price": 12.331, "amount": 5.0, "side": "buy", "timestamp": 1765842842796}, {"id": "529645142", "price": 12.33, "amount": 1.0, "side": "sell", "timestamp": 1765842843431}, {"id": "529645143", "price": 12.331, "amount": 1.0, "side": "buy", "timestamp": 1765842844699}, {"id": "529645144", "price": 12.33, "amount": 63.0, "side": "sell", "timestamp": 1765842844744}, {"id": "529645145", "price": 12.331, "amount": 1.0, "side": "buy", "timestamp": 1765842844935}, {"id": "529645146", "price": 12.331, "amount": 1.0, "side": "buy", "timestamp": 1765842845269}, {"id": "529645147", "price": 12.33, "amount": 1.0, "side": "sell", "timestamp": 1765842845333}, {"id": "529645148", "price": 12.33, "amount": 7.0, "side": "sell", "timestamp": 1765842845925}, {"id": "529645149", "price": 12.33, "amount": 1.0, "side": "sell", "timestamp": 1765842846333}, {"id": "529645150", "price": 12.33, "amount": 4.0, "side": "sell", "timestamp": 1765842847003}, {"id": "529645151", "price": 12.33, "amount": 1.0, "side": "sell", "timestamp": 1765842847298}, {"id": "529645152", "price": 12.33, "amount": 1.0, "side": "sell", "timestamp": 1765842847401}, {"id": "529645153", "price": 12.33, "amount": 1.0, "side": "sell", "timestamp": 1765842847684}, {"id": "529645154", "price": 12.331, "amount": 80.0, "side": "buy", "timestamp": 1765842850053}, {"id": "529645155", "price": 12.33, "amount": 7.0, "side": "sell", "timestamp": 1765842853123}, {"id": "529645156", "price": 12.331, "amount": 30.0, "side": "buy", "timestamp": 1765842853895}, {"id": "529645157", "price": 12.331, "amount": 3.0, "side": "buy", "timestamp": 1765842856362}, {"id": "529645158", "price": 12.331, "amount": 12.0, "side": "buy", "timestamp": 1765842857445}, {"id": "529645159", "price": 12.331, "amount": 1.0, "side": "sell", "timestamp": 1765842857558}, {"id": "529645160", "price": 12.331, "amount": 5.0, "side": "sell", "timestamp": 1765842857740}, {"id": "529645161", "price": 12.332, "amount": 2.0, "side": "buy", "timestamp": 1765842858325}, {"id": "529645162", "price": 12.331, "amount": 4.0, "side": "sell", "timestamp": 1765842860593}, {"id": "529645163", "price": 12.332, "amount": 10.0, "side": "buy", "timestamp": 1765842863571}, {"id": "529645164", "price": 12.332, "amount": 2.0, "side": "buy", "timestamp": 1765842865082}, {"id": "529645165", "price": 12.332, "amount": 34.0, "side": "buy", "timestamp": 1765842865362}, {"id": "529645166", "price": 12.332, "amount": 2.0, "side": "sell", "timestamp": 1765842865384}, {"id": "529645167", "price": 12.333, "amount": 107.0, "side": "buy", "timestamp": 1765842867034}, {"id": "529645168", "price": 12.333, "amount": 5.0, "side": "sell", "timestamp": 1765842867235}, {"id": "529645169", "price": 12.333, "amount": 1.0, "side": "sell", "timestamp": 1765842867733}, {"id": "529645170", "price": 12.334, "amount": 1.0, "side": "buy", "timestamp": 1765842867811}, {"id": "529645173", "price": 12.335, "amount": 237.0, "side": "buy", "timestamp": 1765842870346}, {"id": "529645174", "price": 12.336, "amount": 47.0, "side": "buy", "timestamp": 1765842870453}, {"id": "529645175", "price": 12.336, "amount": 3.0, "side": "buy", "timestamp": 1765842873478}, {"id": "529645176", "price": 12.336, "amount": 165.0, "side": "buy", "timestamp": 1765842874096}, {"id": "529645177", "price": 12.337, "amount": 354.0, "side": "buy", "timestamp": 1765842874179}, {"id": "529645178", "price": 12.338, "amount": 141.0, "side": "buy", "timestamp": 1765842874287}, {"id": "529645179", "price": 12.338, "amount": 1.0, "side": "sell", "timestamp": 1765842875666}, {"id": "529645180", "price": 12.338, "amount": 476.0, "side": "sell", "timestamp": 1765842875920}, {"id": "529645181", "price": 12.337, "amount": 666.0, "side": "sell", "timestamp": 1765842875926}, {"id": "529645182", "price": 12.337, "amount": 96.0, "side": "buy", "timestamp": 1765842876008}, {"id": "529645183", "price": 12.338, "amount": 10.0, "side": "buy", "timestamp": 1765842876672}, {"id": "529645184", "price": 12.338, "amount": 3.0, "side": "sell", "timestamp": 1765842878096}, {"id": "529645185", "price": 12.339, "amount": 1.0, "side": "buy", "timestamp": 1765842878957}, {"id": "529645186", "price": 12.338, "amount": 886.0, "side": "sell", "timestamp": 1765842879866}, {"id": "529645187", "price": 12.337, "amount": 529.0, "side": "sell", "timestamp": 1765842879885}, {"id": "529645188", "price": 12.336, "amount": 8.0, "side": "sell", "timestamp": 1765842880402}, {"id": "529645189", "price": 12.336, "amount": 101.0, "side": "sell", "timestamp": 1765842881062}, {"id": "529645190", "price": 12.335, "amount": 1.0, "side": "sell", "timestamp": 1765842881592}, {"id": "529645191", "price": 12.335, "amount": 229.0, "side": "sell", "timestamp": 1765842882671}, {"id": "529645192", "price": 12.334, "amount": 1.0, "side": "sell", "timestamp": 1765842882701}, {"id": "529645193", "price": 12.334, "amount": 4.0, "side": "buy", "timestamp": 1765842886481}, {"id": "529645194", "price": 12.333, "amount": 315.0, "side": "sell", "timestamp": 1765842886986}, {"id": "529645195", "price": 12.332, "amount": 429.0, "side": "sell", "timestamp": 1765842886986}, {"id": "529645196", "price": 12.332, "amount": 21.0, "side": "sell", "timestamp": 1765842889908}, {"id": "529645197", "price": 12.332, "amount": 342.0, "side": "sell", "timestamp": 1765842890118}, {"id": "529645198", "price": 12.331, "amount": 725.0, "side": "sell", "timestamp": 1765842890118}, {"id": "529645199", "price": 12.331, "amount": 1.0, "side": "buy", "timestamp": 1765842891647}, {"id": "529645200", "price": 12.331, "amount": 1.0, "side": "buy", "timestamp": 1765842894834}, {"id": "529645201", "price": 12.33, "amount": 2.0, "side": "sell", "timestamp": 1765842895175}, {"id": "529645202", "price": 12.331, "amount": 14.0, "side": "buy", "timestamp": 1765842896612}, {"id": "529645203", "price": 12.33, "amount": 3.0, "side": "sell", "timestamp": 1765842900023}, {"id": "529645204", "price": 12.331, "amount": 7.0, "side": "buy", "timestamp": 1765842901007}, {"id": "529645205", "price": 12.331, "amount": 82.0, "side": "buy", "timestamp": 1765842901218}, {"id": "529645206", "price": 12.331, "amount": 6.0, "side": "buy", "timestamp": 1765842901341}, {"id": "529645207", "price": 12.33, "amount": 5.0, "side": "sell", "timestamp": 1765842901942}, {"id": "529645208", "price": 12.331, "amount": 285.0, "side": "buy", "timestamp": 1765842902499}, {"id": "529645209", "price": 12.332, "amount": 9.0, "side": "buy", "timestamp": 1765842902580}, {"id": "529645210", "price": 12.333, "amount": 97.0, "side": "buy", "timestamp": 1765842902788}, {"id": "529645211", "price": 12.334, "amount": 1.0, "side": "buy", "timestamp": 1765842904201}, {"id": "529645212", "price": 12.334, "amount": 1.0, "side": "buy", "timestamp": 1765842904648}, {"id": "529645213", "price": 12.333, "amount": 1.0, "side": "sell", "timestamp": 1765842904760}, {"id": "529645214", "price": 12.334, "amount": 2.0, "side": "buy", "timestamp": 1765842905347}, {"id": "529645215", "price": 12.334, "amount": 227.0, "side": "buy", "timestamp": 1765842906018}, {"id": "529645216", "price": 12.335, "amount": 4.0, "side": "buy", "timestamp": 1765842906028}, {"id": "529645217", "price": 12.335, "amount": 1.0, "side": "sell", "timestamp": 1765842907996}, {"id": "529645218", "price": 12.336, "amount": 1.0, "side": "buy", "timestamp": 1765842908320}, {"id": "529645219", "price": 12.335, "amount": 1.0, "side": "sell", "timestamp": 1765842911658}, {"id": "529645220", "price": 12.336, "amount": 1.0, "side": "buy", "timestamp": 1765842916050}, {"id": "529645221", "price": 12.336, "amount": 4.0, "side": "buy", "timestamp": 1765842916425}, {"id": "529645222", "price": 12.336, "amount": 1.0, "side": "buy", "timestamp": 1765842917628}, {"id": "529645217", "price": 12.335, "amount": 1.0, "side": "sell", "timestamp": 1765842907996}, {"id": "529645218", "price": 12.336, "amount": 1.0, "side": "buy", "timestamp": 1765842908320}, {"id": "529645219", "price": 12.335, "amount": 1.0, "side": "sell", "timestamp": 1765842911658}, {"id": "529645220", "price": 12.336, "amount": 1.0, "side": "buy", "timestamp": 1765842916050}, {"id": "529645221", "price": 12.336, "amount": 4.0, "side": "buy", "timestamp": 1765842916425}, {"id": "529645222", "price": 12.336, "amount": 1.0, "side": "buy", "timestamp": 1765842917628}, {"id": "529645223", "price": 12.336, "amount": 390.0, "side": "buy", "timestamp": 1765842930366}, {"id": "529645224", "price": 12.336, "amount": 1.0, "side": "buy", "timestamp": 1765842930467}, {"id": "529645225", "price": 12.336, "amount": 4.0, "side": "buy", "timestamp": 1765842931061}, {"id": "529645226", "price": 12.336, "amount": 180.0, "side": "buy", "timestamp": 1765842931961}, {"id": "529645227", "price": 12.336, "amount": 305.0, "side": "buy", "timestamp": 1765842934824}, {"id": "529645228", "price": 12.337, "amount": 88.0, "side": "buy", "timestamp": 1765842935038}, {"id": "529645229", "price": 12.337, "amount": 422.0, "side": "sell", "timestamp": 1765842936588}, {"id": "529645230", "price": 12.337, "amount": 1.0, "side": "buy", "timestamp": 1765842939211}, {"id": "529645231", "price": 12.336, "amount": 19.0, "side": "sell", "timestamp": 1765842940106}, {"id": "529645232", "price": 12.336, "amount": 2.0, "side": "sell", "timestamp": 1765842941416}, {"id": "529645233", "price": 12.336, "amount": 255.0, "side": "sell", "timestamp": 1765842943519}, {"id": "529645234", "price": 12.335, "amount": 125.0, "side": "sell", "timestamp": 1765842943522}, {"id": "529645235", "price": 12.335, "amount": 1.0, "side": "sell", "timestamp": 1765842945549}, {"id": "529645236", "price": 12.336, "amount": 1.0, "side": "buy", "timestamp": 1765842946024}, {"id": "529645237", "price": 12.335, "amount": 1.0, "side": "sell", "timestamp": 1765842947670}, {"id": "529645238", "price": 12.336, "amount": 3.0, "side": "buy", "timestamp": 1765842949752}, {"id": "529645239", "price": 12.335, "amount": 1.0, "side": "sell", "timestamp": 1765842952616}, {"id": "529645240", "price": 12.335, "amount": 1.0, "side": "sell", "timestamp": 1765842953662}, {"id": "529645241", "price": 12.335, "amount": 648.0, "side": "sell", "timestamp": 1765842955311}, {"id": "529645242", "price": 12.334, "amount": 2.0, "side": "sell", "timestamp": 1765842956178}, {"id": "529645243", "price": 12.335, "amount": 6.0, "side": "buy", "timestamp": 1765842957142}, {"id": "529645244", "price": 12.334, "amount": 7.0, "side": "sell", "timestamp": 1765842961611}, {"id": "529645245", "price": 12.335, "amount": 1.0, "side": "buy", "timestamp": 1765842961760}, {"id": "529645246", "price": 12.335, "amount": 4.0, "side": "buy", "timestamp": 1765842961911}, {"id": "529645247", "price": 12.334, "amount": 2.0, "side": "sell", "timestamp": 1765842962862}, {"id": "529645248", "price": 12.334, "amount": 2.0, "side": "sell", "timestamp": 1765842963668}, {"id": "529645249", "price": 12.335, "amount": 2.0, "side": "buy", "timestamp": 1765842964249}, {"id": "529645250", "price": 12.335, "amount": 1.0, "side": "buy", "timestamp": 1765842964988}, {"id": "529645251", "price": 12.335, "amount": 4.0, "side": "buy", "timestamp": 1765842965273}, {"id": "529645252", "price": 12.335, "amount": 2.0, "side": "buy", "timestamp": 1765842965628}, {"id": "529645253", "price": 12.334, "amount": 2.0, "side": "sell", "timestamp": 1765842965907}, {"id": "529645254", "price": 12.334, "amount": 2.0, "side": "sell", "timestamp": 1765842966334}, {"id": "529645255", "price": 12.334, "amount": 1.0, "side": "sell", "timestamp": 1765842966912}, {"id": "529645256", "price": 12.334, "amount": 2.0, "side": "sell", "timestamp": 1765842967692}, {"id": "529645257", "price": 12.334, "amount": 56.0, "side": "sell", "timestamp": 1765842968892}, {"id": "529645258", "price": 12.334, "amount": 1.0, "side": "sell", "timestamp": 1765842970090}, {"id": "529645259", "price": 12.335, "amount": 1.0, "side": "buy", "timestamp": 1765842971367}, {"id": "529645260", "price": 12.335, "amount": 250.0, "side": "buy", "timestamp": 1765842971610}, {"id": "529645261", "price": 12.336, "amount": 1.0, "side": "buy", "timestamp": 1765842971797}, {"id": "529645262", "price": 12.336, "amount": 2.0, "side": "buy", "timestamp": 1765842975911}, {"id": "529645263", "price": 12.336, "amount": 1.0, "side": "buy", "timestamp": 1765842976656}, {"id": "529645264", "price": 12.336, "amount": 142.0, "side": "buy", "timestamp": 1765842977815}, {"id": "529645265", "price": 12.337, "amount": 365.0, "side": "buy", "timestamp": 1765842977895}, {"id": "529645266", "price": 12.337, "amount": 56.0, "side": "buy", "timestamp": 1765842978412}, {"id": "529645252", "price": 12.335, "amount": 2.0, "side": "buy", "timestamp": 1765842965628}, {"id": "529645253", "price": 12.334, "amount": 2.0, "side": "sell", "timestamp": 1765842965907}, {"id": "529645254", "price": 12.334, "amount": 2.0, "side": "sell", "timestamp": 1765842966334}, {"id": "529645255", "price": 12.334, "amount": 1.0, "side": "sell", "timestamp": 1765842966912}, {"id": "529645256", "price": 12.334, "amount": 2.0, "side": "sell", "timestamp": 1765842967692}, {"id": "529645257", "price": 12.334, "amount": 56.0, "side": "sell", "timestamp": 1765842968892}, {"id": "529645258", "price": 12.334, "amount": 1.0, "side": "sell", "timestamp": 1765842970090}, {"id": "529645259", "price": 12.335, "amount": 1.0, "side": "buy", "timestamp": 1765842971367}, {"id": "529645260", "price": 12.335, "amount": 250.0, "side": "buy", "timestamp": 1765842971610}, {"id": "529645261", "price": 12.336, "amount": 1.0, "side": "buy", "timestamp": 1765842971797}, {"id": "529645262", "price": 12.336, "amount": 2.0, "side": "buy", "timestamp": 1765842975911}, {"id": "529645263", "price": 12.336, "amount": 1.0, "side": "buy", "timestamp": 1765842976656}, {"id": "529645264", "price": 12.336, "amount": 142.0, "side": "buy", "timestamp": 1765842977815}, {"id": "529645265", "price": 12.337, "amount": 365.0, "side": "buy", "timestamp": 1765842977895}, {"id": "529645266", "price": 12.337, "amount": 56.0, "side": "buy", "timestamp": 1765842978412}, {"id": "529645267", "price": 12.337, "amount": 1.0, "side": "sell", "timestamp": 1765842979962}, {"id": "529645268", "price": 12.337, "amount": 1.0, "side": "sell", "timestamp": 1765842983668}, {"id": "529645269", "price": 12.338, "amount": 2.0, "side": "buy", "timestamp": 1765842986053}, {"id": "529645270", "price": 12.337, "amount": 599.0, "side": "sell", "timestamp": 1765842987634}, {"id": "529645271", "price": 12.336, "amount": 556.0, "side": "sell", "timestamp": 1765842987636}, {"id": "529645272", "price": 12.336, "amount": 1.0, "side": "sell", "timestamp": 1765842988644}, {"id": "529645273", "price": 12.337, "amount": 4.0, "side": "buy", "timestamp": 1765842992363}, {"id": "529645274", "price": 12.337, "amount": 2.0, "side": "buy", "timestamp": 1765842996178}, {"id": "529645275", "price": 12.336, "amount": 8.0, "side": "sell", "timestamp": 1765842996276}, {"id": "529645276", "price": 12.336, "amount": 222.0, "side": "sell", "timestamp": 1765843003356}, {"id": "529645277", "price": 12.335, "amount": 32.0, "side": "sell", "timestamp": 1765843003373}, {"id": "529645278", "price": 12.335, "amount": 73.0, "side": "buy", "timestamp": 1765843006148}, {"id": "529645279", "price": 12.335, "amount": 4.0, "side": "buy", "timestamp": 1765843007606}, {"id": "529645280", "price": 12.335, "amount": 2.0, "side": "buy", "timestamp": 1765843007904}, {"id": "529645281", "price": 12.334, "amount": 6.0, "side": "sell", "timestamp": 1765843012023}, {"id": "529645282", "price": 12.335, "amount": 17.0, "side": "buy", "timestamp": 1765843013169}, {"id": "529645283", "price": 12.334, "amount": 1.0, "side": "sell", "timestamp": 1765843013530}, {"id": "529645284", "price": 12.335, "amount": 22.0, "side": "buy", "timestamp": 1765843015916}, {"id": "529645285", "price": 12.335, "amount": 6.0, "side": "buy", "timestamp": 1765843017415}, {"id": "529645286", "price": 12.335, "amount": 17.0, "side": "buy", "timestamp": 1765843018380}, {"id": "529645287", "price": 12.334, "amount": 1.0, "side": "sell", "timestamp": 1765843019665}, {"id": "529645288", "price": 12.335, "amount": 22.0, "side": "buy", "timestamp": 1765843020684}, {"id": "529645289", "price": 12.335, "amount": 3.0, "side": "buy", "timestamp": 1765843021052}, {"id": "529645290", "price": 12.335, "amount": 4.0, "side": "buy", "timestamp": 1765843021203}, {"id": "529645291", "price": 12.334, "amount": 28.0, "side": "sell", "timestamp": 1765843021897}, {"id": "529645292", "price": 12.335, "amount": 13.0, "side": "buy", "timestamp": 1765843022936}, {"id": "529645293", "price": 12.335, "amount": 1.0, "side": "buy", "timestamp": 1765843024725}, {"id": "529645294", "price": 12.335, "amount": 4.0, "side": "buy", "timestamp": 1765843025079}, {"id": "529645295", "price": 12.335, "amount": 1.0, "side": "buy", "timestamp": 1765843025416}, {"id": "529645296", "price": 12.335, "amount": 1.0, "side": "buy", "timestamp": 1765843025657}, {"id": "529645297", "price": 12.335, "amount": 2.0, "side": "buy", "timestamp": 1765843026376}, {"id": "529645298", "price": 12.334, "amount": 4.0, "side": "sell", "timestamp": 1765843029137}, {"id": "529645299", "price": 12.335, "amount": 1.0, "side": "buy", "timestamp": 1765843029651}, {"id": "529645300", "price": 12.335, "amount": 245.0, "side": "buy", "timestamp": 1765843032467}, {"id": "529645301", "price": 12.336, "amount": 3.0, "side": "buy", "timestamp": 1765843033789}, {"id": "529645303", "price": 12.337, "amount": 1.0, "side": "buy", "timestamp": 1765843036628}, {"id": "529645304", "price": 12.336, "amount": 319.0, "side": "sell", "timestamp": 1765843037561}, {"id": "529645305", "price": 12.337, "amount": 1.0, "side": "buy", "timestamp": 1765843038582}, {"id": "529645306", "price": 12.337, "amount": 5.0, "side": "buy", "timestamp": 1765843039311}, {"id": "529645307", "price": 12.336, "amount": 1.0, "side": "sell", "timestamp": 1765843039356}, {"id": "529645308", "price": 12.337, "amount": 235.0, "side": "buy", "timestamp": 1765843044608}, {"id": "529645309", "price": 12.337, "amount": 2.0, "side": "sell", "timestamp": 1765843047684}, {"id": "529645310", "price": 12.338, "amount": 1.0, "side": "buy", "timestamp": 1765843049423}, {"id": "529645311", "price": 12.338, "amount": 82.0, "side": "buy", "timestamp": 1765843050258}, {"id": "529645312", "price": 12.338, "amount": 5.0, "side": "buy", "timestamp": 1765843050493}, {"id": "529645313", "price": 12.338, "amount": 5.0, "side": "buy", "timestamp": 1765843050926}, {"id": "529645314", "price": 12.337, "amount": 1.0, "side": "sell", "timestamp": 1765843051523}, {"id": "529645315", "price": 12.337, "amount": 1.0, "side": "sell", "timestamp": 1765843052154}, {"id": "529645316", "price": 12.338, "amount": 42.0, "side": "buy", "timestamp": 1765843052455}, {"id": "529645317", "price": 12.339, "amount": 383.0, "side": "buy", "timestamp": 1765843052581}, {"id": "529645318", "price": 12.339, "amount": 16.0, "side": "buy", "timestamp": 1765843053996}, {"id": "529645319", "price": 12.34, "amount": 17.0, "side": "buy", "timestamp": 1765843054246}, {"id": "529645320", "price": 12.339, "amount": 3.0, "side": "sell", "timestamp": 1765843055008}, {"id": "529645321", "price": 12.339, "amount": 66.0, "side": "buy", "timestamp": 1765843055338}, {"id": "529645322", "price": 12.34, "amount": 179.0, "side": "buy", "timestamp": 1765843055338}, {"id": "529645323", "price": 12.341, "amount": 378.0, "side": "buy", "timestamp": 1765843055338}, {"id": "529645324", "price": 12.342, "amount": 757.0, "side": "buy", "timestamp": 1765843055338}, {"id": "529645325", "price": 12.341, "amount": 275.0, "side": "sell", "timestamp": 1765843055375}, {"id": "529645326", "price": 12.34, "amount": 1.0, "side": "sell", "timestamp": 1765843055664}, {"id": "529645327", "price": 12.341, "amount": 1.0, "side": "buy", "timestamp": 1765843056636}, {"id": "529645328", "price": 12.341, "amount": 92.0, "side": "buy", "timestamp": 1765843057541}, {"id": "529645329", "price": 12.34, "amount": 2.0, "side": "sell", "timestamp": 1765843059256}, {"id": "529645330", "price": 12.341, "amount": 4.0, "side": "buy", "timestamp": 1765843067505}, {"id": "529645331", "price": 12.341, "amount": 1.0, "side": "buy", "timestamp": 1765843068587}, {"id": "529645332", "price": 12.34, "amount": 1.0, "side": "sell", "timestamp": 1765843069239}, {"id": "529645333", "price": 12.34, "amount": 6.0, "side": "sell", "timestamp": 1765843070439}, {"id": "529645334", "price": 12.34, "amount": 1.0, "side": "sell", "timestamp": 1765843076283}, {"id": "529645335", "price": 12.341, "amount": 2.0, "side": "buy", "timestamp": 1765843076635}, {"id": "529645336", "price": 12.341, "amount": 94.0, "side": "buy", "timestamp": 1765843077069}, {"id": "529645337", "price": 12.342, "amount": 3.0, "side": "buy", "timestamp": 1765843077071}, {"id": "529645338", "price": 12.343, "amount": 15.0, "side": "buy", "timestamp": 1765843077397}, {"id": "529645339", "price": 12.342, "amount": 146.0, "side": "sell", "timestamp": 1765843078509}, {"id": "529645340", "price": 12.341, "amount": 3.0, "side": "sell", "timestamp": 1765843078531}, {"id": "529645341", "price": 12.341, "amount": 1.0, "side": "buy", "timestamp": 1765843079182}, {"id": "529645342", "price": 12.342, "amount": 2.0, "side": "buy", "timestamp": 1765843081411}, {"id": "529645343", "price": 12.341, "amount": 1.0, "side": "sell", "timestamp": 1765843082753}, {"id": "529645344", "price": 12.342, "amount": 4.0, "side": "buy", "timestamp": 1765843083498}, {"id": "529645345", "price": 12.341, "amount": 3.0, "side": "sell", "timestamp": 1765843084517}, {"id": "529645346", "price": 12.342, "amount": 1.0, "side": "buy", "timestamp": 1765843084715}, {"id": "529645347", "price": 12.342, "amount": 1.0, "side": "buy", "timestamp": 1765843085331}, {"id": "529645348", "price": 12.342, "amount": 1.0, "side": "buy", "timestamp": 1765843085440}, {"id": "529645349", "price": 12.342, "amount": 4.0, "side": "buy", "timestamp": 1765843085551}, {"id": "529645350", "price": 12.341, "amount": 1.0, "side": "sell", "timestamp": 1765843086172}, {"id": "529645351", "price": 12.341, "amount": 1.0, "side": "sell", "timestamp": 1765843087177}, {"id": "529645352", "price": 12.342, "amount": 126.0, "side": "buy", "timestamp": 1765843087495}, {"id": "529645345", "price": 12.341, "amount": 3.0, "side": "sell", "timestamp": 1765843084517}, {"id": "529645346", "price": 12.342, "amount": 1.0, "side": "buy", "timestamp": 1765843084715}, {"id": "529645347", "price": 12.342, "amount": 1.0, "side": "buy", "timestamp": 1765843085331}, {"id": "529645348", "price": 12.342, "amount": 1.0, "side": "buy", "timestamp": 1765843085440}, {"id": "529645349", "price": 12.342, "amount": 4.0, "side": "buy", "timestamp": 1765843085551}, {"id": "529645350", "price": 12.341, "amount": 1.0, "side": "sell", "timestamp": 1765843086172}, {"id": "529645351", "price": 12.341, "amount": 1.0, "side": "sell", "timestamp": 1765843087177}, {"id": "529645352", "price": 12.342, "amount": 126.0, "side": "buy", "timestamp": 1765843087495}, {"id": "529645353", "price": 12.341, "amount": 1.0, "side": "sell", "timestamp": 1765843091673}, {"id": "529645354", "price": 12.341, "amount": 1.0, "side": "sell", "timestamp": 1765843095577}, {"id": "529645355", "price": 12.342, "amount": 5.0, "side": "buy", "timestamp": 1765843098063}, {"id": "529645356", "price": 12.341, "amount": 1.0, "side": "sell", "timestamp": 1765843100209}, {"id": "529645357", "price": 12.342, "amount": 1.0, "side": "buy", "timestamp": 1765843102999}, {"id": "529645358", "price": 12.341, "amount": 3.0, "side": "sell", "timestamp": 1765843105423}, {"id": "529645359", "price": 12.341, "amount": 5.0, "side": "sell", "timestamp": 1765843107256}, {"id": "529645360", "price": 12.342, "amount": 16.0, "side": "buy", "timestamp": 1765843107522}, {"id": "529645361", "price": 12.342, "amount": 12.0, "side": "buy", "timestamp": 1765843109965}, {"id": "529645362", "price": 12.342, "amount": 156.0, "side": "buy", "timestamp": 1765843110357}, {"id": "529645363", "price": 12.343, "amount": 19.0, "side": "buy", "timestamp": 1765843110533}, {"id": "529645364", "price": 12.343, "amount": 18.0, "side": "buy", "timestamp": 1765843112275}, {"id": "529645365", "price": 12.343, "amount": 6.0, "side": "buy", "timestamp": 1765843114476}, {"id": "529645366", "price": 12.342, "amount": 67.0, "side": "sell", "timestamp": 1765843115096}, {"id": "529645367", "price": 12.342, "amount": 1.0, "side": "buy", "timestamp": 1765843115736}, {"id": "529645368", "price": 12.341, "amount": 1.0, "side": "sell", "timestamp": 1765843119267}, {"id": "529645369", "price": 12.342, "amount": 1.0, "side": "buy", "timestamp": 1765843120288}, {"id": "529645370", "price": 12.342, "amount": 1.0, "side": "buy", "timestamp": 1765843124132}, {"id": "529645371", "price": 12.342, "amount": 4.0, "side": "buy", "timestamp": 1765843125575}, {"id": "529645372", "price": 12.341, "amount": 1.0, "side": "sell", "timestamp": 1765843127633}, {"id": "529645373", "price": 12.341, "amount": 2.0, "side": "sell", "timestamp": 1765843129922}, {"id": "529645374", "price": 12.342, "amount": 13.0, "side": "buy", "timestamp": 1765843130115}, {"id": "529645375", "price": 12.342, "amount": 307.0, "side": "buy", "timestamp": 1765843133374}, {"id": "529645376", "price": 12.341, "amount": 1.0, "side": "sell", "timestamp": 1765843134389}, {"id": "529645377", "price": 12.342, "amount": 164.0, "side": "buy", "timestamp": 1765843135966}, {"id": "529645378", "price": 12.342, "amount": 2.0, "side": "sell", "timestamp": 1765843136058}, {"id": "529645379", "price": 12.342, "amount": 2.0, "side": "buy", "timestamp": 1765843136091}, {"id": "529645380", "price": 12.341, "amount": 27.0, "side": "sell", "timestamp": 1765843136395}, {"id": "529645381", "price": 12.342, "amount": 13.0, "side": "buy", "timestamp": 1765843137094}, {"id": "529645382", "price": 12.342, "amount": 16.0, "side": "buy", "timestamp": 1765843138678}, {"id": "529645383", "price": 12.341, "amount": 2.0, "side": "sell", "timestamp": 1765843139003}, {"id": "529645384", "price": 12.341, "amount": 1.0, "side": "sell", "timestamp": 1765843140611}, {"id": "529645385", "price": 12.342, "amount": 1.0, "side": "buy", "timestamp": 1765843141417}, {"id": "529645386", "price": 12.341, "amount": 1525.0, "side": "sell", "timestamp": 1765843141481}, {"id": "529645387", "price": 12.34, "amount": 60.0, "side": "sell", "timestamp": 1765843141549}, {"id": "529645388", "price": 12.34, "amount": 95.0, "side": "sell", "timestamp": 1765843141656}, {"id": "529645389", "price": 12.341, "amount": 5.0, "side": "buy", "timestamp": 1765843143615}, {"id": "529645390", "price": 12.341, "amount": 1.0, "side": "buy", "timestamp": 1765843144136}, {"id": "529645391", "price": 12.341, "amount": 1.0, "side": "buy", "timestamp": 1765843144363}, {"id": "529645392", "price": 12.341, "amount": 4.0, "side": "buy", "timestamp": 1765843144665}, {"id": "529645393", "price": 12.341, "amount": 1.0, "side": "buy", "timestamp": 1765843145289}, {"id": "529645394", "price": 12.34, "amount": 3.0, "side": "sell", "timestamp": 1765843146698}]