[{"symbol": "BTCUSDT", "bids": [[86800.9, 1.842], [86800.8, 0.002], [86800.7, 0.003], [86800.6, 0.01], [86800.5, 0.021], [86800.2, 0.005], [86800.1, 0.002], [86800.0, 0.06], [86799.9, 0.005], [86799.8, 0.009], [86799.7, 0.002], [86799.6, 0.02], [86799.5, 0.008], [86799.3, 0.002], [86799.1, 0.004], [86799.0, 0.003], [86798.9, 0.005], [86798.8, 0.004], [86798.6, 0.002], [86798.4, 0.014]], "asks": [[86801.0, 9.283], [86801.1, 0.09], [86801.2, 0.018], [86801.3, 0.08], [86801.8, 0.002], [86801.9, 0.016], [86802.3, 0.005], [86802.8, 0.002], [86803.0, 0.003], [86803.2, 0.057], [86803.7, 0.009], [86803.8, 0.003], [86804.0, 0.002], [86804.1, 0.002], [86804.2, 0.003], [86804.6, 0.003], [86804.7, 0.003], [86804.9, 0.221], [86805.0, 0.006], [86805.1, 0.015]], "timestamp": "2025-12-17T06:04:53.844176+00:00"}, {"symbol": "BTCUSDT", "bids": [[86700.0, 3.296], [86699.9, 0.011], [86699.8, 0.003], [86699.7, 0.013], [86699.6, 0.002], [86699.4, 0.054], [86699.3, 0.244], [86698.9, 0.048], [86698.8, 0.003], [86698.6, 0.003], [86698.5, 0.004], [86698.4, 0.002], [86698.3, 0.005], [86698.2, 0.006], [86698.0, 0.002], [86697.8, 0.005], [86697.6, 0.004], [86697.5, 0.003], [86697.4, 0.003], [86697.3, 0.003]], "asks": [[86700.1, 4.267], [86700.2, 0.149], [86700.5, 0.08], [86700.6, 0.276], [86700.7, 1.038], [86700.8, 0.053], [86700.9, 0.002], [86701.0, 0.002], [86701.3, 0.003], [86701.4, 0.002], [86701.5, 0.015], [86701.6, 0.05], [86701.8, 0.007], [86701.9, 0.002], [86702.0, 0.005], [86702.1, 0.233], [86702.2, 0.002], [86702.4, 0.002], [86702.5, 0.003], [86702.7, 0.002]], "timestamp": "2025-12-17T06:05:45.786144+00:00"}, {"symbol": "BTCUSDT", "bids": [[86668.0, 0.764], [86667.9, 0.002], [86667.6, 0.004], [86667.3, 0.003], [86667.2, 0.002], [86667.1, 0.004], [86667.0, 0.134], [86666.9, 0.509], [86666.8, 0.003], [86666.6, 0.002], [86666.5, 0.005], [86666.3, 0.017], [86666.1, 0.006], [86666.0, 0.013], [86665.8, 0.009], [86665.5, 0.003], [86665.3, 0.003], [86665.1, 0.003], [86665.0, 0.003], [86664.8, 0.003]], "asks": [[86668.1, 10.47], [86668.2, 0.223], [86668.3, 0.002], [86668.4, 0.036], [86668.5, 0.083], [86668.8, 0.052], [86669.1, 0.068], [86669.2, 0.002], [86669.3, 0.003], [86669.4, 0.009], [86669.6, 0.05], [86669.9, 0.043], [86670.0, 0.029], [86670.1, 0.002], [86670.2, 0.003], [86670.3, 0.002], [86670.5, 0.003], [86670.7, 0.003], [86670.8, 0.002], [86670.9, 0.034]], "timestamp": "2025-12-17T06:06:39.124392+00:00"}, {"symbol": "BTCUSDT", "bids": [[86681.7, 0.165], [86681.6, 0.01], [86681.4, 0.002], [86681.1, 0.005], [86681.0, 0.002], [86680.7, 0.002], [86680.6, 0.005], [86680.4, 0.125], [86680.2, 0.002], [86680.1, 0.003], [86680.0, 0.071], [86679.8, 0.057], [86679.7, 0.003], [86679.5, 0.003], [86679.4, 0.008], [86679.3, 0.002], [86679.0, 0.022], [86678.9, 0.059], [86678.8, 0.005], [86678.5, 0.002]], "asks": [[86681.8, 5.266], [86681.9, 0.223], [86682.2, 0.003], [86682.7, 0.003], [86683.0, 0.08], [86683.1, 0.353], [86683.2, 1.053], [86683.3, 0.047], [86683.4, 0.007], [86683.5, 0.017], [86683.6, 0.087], [86683.7, 0.005], [86683.8, 0.008], [86683.9, 0.003], [86684.0, 0.008], [86684.1, 0.003], [86684.3, 0.003], [86684.4, 0.002], [86684.5, 0.002], [86684.6, 0.005]], "timestamp": "2025-12-17T06:07:31.341813+00:00"}, {"symbol": "BTCUSDT", "bids": [[86680.0, 14.782], [86679.9, 0.018], [86679.8, 0.057], [86679.5, 0.324], [86679.4, 0.004], [86679.3, 0.116], [86679.0, 0.878], [86678.9, 0.002], [86678.8, 0.002], [86678.7, 0.004], [86678.6, 0.013], [86678.5, 0.116], [86678.1, 0.002], [86678.0, 0.003], [86677.9, 0.537], [86677.8, 0.002], [86677.7, 0.14], [86677.4, 0.863], [86677.3, 0.003], [86677.0, 0.01]], "asks": [[86680.1, 0.941], [86680.2, 0.014], [86680.5, 0.002], [86680.9, 0.003], [86681.0, 0.002], [86681.4, 0.004], [86681.5, 0.003], [86681.7, 0.303], [86681.8, 0.003], [86681.9, 0.004], [86682.0, 0.002], [86682.1, 0.02], [86682.2, 0.002], [86682.4, 0.019], [86682.7, 0.004], [86682.9, 0.016], [86683.1, 0.007], [86683.2, 0.002], [86683.5, 0.262], [86683.6, 0.005]], "timestamp": "2025-12-17T06:08:23.478001+00:00"}, {"symbol": "BTCUSDT", "bids": [[86723.7, 8.758], [86723.6, 0.638], [86723.0, 0.232], [86722.8, 0.002], [86722.6, 0.003], [86722.4, 0.002], [86722.3, 2.019], [86722.2, 0.085], [86722.1, 0.004], [86722.0, 0.027], [86721.7, 0.003], [86721.5, 0.003], [86721.3, 0.002], [86721.0, 0.003], [86720.9, 0.119], [86720.6, 0.002], [86720.5, 0.003], [86720.4, 0.041], [86720.3, 0.287], [86720.2, 0.145]], "asks": [[86723.8, 2.838], [86723.9, 0.004], [86724.0, 0.002], [86724.3, 0.003], [86724.5, 0.003], [86724.7, 0.022], [86724.8, 0.003], [86725.0, 0.008], [86725.1, 0.002], [86725.3, 0.003], [86725.6, 0.002], [86725.8, 0.006], [86726.0, 0.002], [86726.1, 0.017], [86726.2, 0.016], [86726.3, 0.003], [86726.4, 0.005], [86726.7, 0.002], [86726.8, 0.003], [86726.9, 0.002]], "timestamp": "2025-12-17T06:09:15.165943+00:00"}, {"symbol": "BTCUSDT", "bids": [[86864.7, 3.461], [86864.6, 0.002], [86864.5, 0.003], [86863.8, 0.003], [86863.4, 0.003], [86863.3, 0.002], [86863.2, 0.004], [86863.1, 0.003], [86862.9, 0.289], [86862.8, 0.002], [86862.7, 0.004], [86862.6, 0.006], [86862.4, 0.006], [86861.9, 0.003], [86861.8, 0.118], [86861.7, 0.004], [86861.6, 0.057], [86861.5, 0.135], [86861.4, 0.002], [86861.2, 0.003]], "asks": [[86864.8, 6.588], [86864.9, 0.006], [86866.0, 0.002], [86866.2, 0.007], [86866.6, 0.002], [86866.8, 0.003], [86867.0, 0.08], [86867.1, 0.013], [86867.6, 0.003], [86867.9, 0.002], [86868.0, 0.059], [86868.1, 0.019], [86868.4, 0.003], [86868.7, 0.002], [86869.2, 0.005], [86869.4, 0.003], [86869.8, 0.004], [86870.0, 0.004], [86870.1, 0.006], [86870.5, 0.002]], "timestamp": "2025-12-17T06:10:06.795387+00:00"}, {"symbol": "BTCUSDT", "bids": [[86822.9, 7.227], [86822.8, 0.48], [86822.1, 0.071], [86821.9, 0.483], [86821.6, 0.043], [86821.5, 0.14], [86821.2, 0.002], [86821.1, 0.023], [86821.0, 0.003], [86820.9, 0.003], [86820.5, 0.002], [86820.4, 0.864], [86820.3, 0.003], [86820.2, 0.116], [86820.1, 0.003], [86820.0, 0.003], [86819.9, 0.087], [86819.8, 0.005], [86819.6, 0.118], [86819.5, 0.016]], "asks": [[86823.0, 2.713], [86823.1, 0.071], [86823.2, 0.003], [86823.5, 0.002], [86823.7, 0.003], [86823.9, 0.002], [86824.2, 0.003], [86824.4, 0.002], [86824.7, 0.008], [86824.8, 0.002], [86825.0, 0.005], [86825.2, 0.003], [86825.4, 0.003], [86825.5, 0.012], [86825.6, 0.002], [86825.7, 0.01], [86825.8, 0.003], [86825.9, 0.002], [86826.0, 0.002], [86826.1, 0.004]], "timestamp": "2025-12-17T06:10:58.882877+00:00"}, {"symbol": "BTCUSDT", "bids": [[86921.4, 1.958], [86921.3, 0.004], [86920.6, 0.003], [86920.3, 0.037], [86920.2, 0.037], [86920.1, 0.006], [86920.0, 0.226], [86919.9, 0.02], [86919.8, 0.057], [86919.7, 0.002], [86919.6, 0.003], [86919.4, 0.003], [86919.1, 0.071], [86919.0, 0.002], [86918.6, 0.006], [86918.4, 0.002], [86918.1, 0.003], [86918.0, 0.004], [86917.9, 0.003], [86917.7, 0.002]], "asks": [[86921.5, 14.094], [86921.6, 0.004], [86922.0, 0.002], [86922.1, 0.003], [86923.0, 0.036], [86923.5, 0.003], [86923.8, 0.002], [86924.3, 0.003], [86924.5, 0.002], [86924.8, 0.002], [86925.0, 0.109], [86925.3, 0.002], [86925.4, 0.002], [86925.8, 0.003], [86926.0, 0.004], [86926.1, 0.002], [86926.2, 0.103], [86926.3, 0.004], [86926.5, 0.002], [86926.6, 0.003]], "timestamp": "2025-12-17T06:11:50.506036+00:00"}, {"symbol": "BTCUSDT", "bids": [[86881.7, 16.363], [86881.6, 0.004], [86881.5, 0.004], [86881.0, 0.467], [86880.9, 0.008], [86880.6, 0.002], [86880.4, 0.003], [86880.1, 0.29], [86880.0, 0.027], [86879.9, 0.005], [86879.7, 0.05], [86879.1, 0.003], [86879.0, 0.012], [86878.8, 0.127], [86878.6, 0.003], [86878.2, 0.007], [86878.1, 0.031], [86877.9, 0.125], [86877.8, 0.129], [86877.6, 0.004]], "asks": [[86881.8, 3.103], [86881.9, 0.012], [86882.1, 0.006], [86882.2, 0.002], [86882.3, 0.005], [86882.4, 1.05], [86882.6, 0.002], [86882.7, 0.002], [86882.8, 0.003], [86883.0, 0.062], [86883.1, 0.062], [86883.2, 0.05], [86883.4, 0.003], [86883.5, 0.03], [86883.8, 0.003], [86883.9, 0.002], [86884.0, 0.003], [86884.2, 0.063], [86884.3, 0.107], [86884.4, 0.002]], "timestamp": "2025-12-17T06:12:42.106712+00:00"}, {"symbol": "BTCUSDT", "bids": [[86796.8, 2.011], [86796.7, 0.006], [86796.3, 0.003], [86796.2, 0.002], [86796.0, 0.002], [86795.8, 0.003], [86795.3, 0.003], [86795.0, 0.002], [86794.8, 0.006], [86794.7, 0.056], [86794.5, 0.002], [86794.3, 0.003], [86794.2, 0.123], [86794.1, 0.051], [86794.0, 0.002], [86793.8, 0.006], [86793.3, 0.029], [86793.0, 0.003], [86792.9, 0.002], [86792.8, 0.005]], "asks": [[86796.9, 4.666], [86797.0, 0.019], [86797.1, 0.04], [86797.2, 0.102], [86797.4, 0.003], [86797.7, 0.017], [86797.9, 0.008], [86798.1, 0.238], [86798.3, 0.082], [86798.4, 0.057], [86798.5, 0.003], [86798.6, 0.094], [86798.7, 0.004], [86798.9, 0.003], [86799.1, 0.003], [86799.2, 0.054], [86799.4, 1.039], [86799.5, 0.23], [86799.6, 0.004], [86799.7, 0.002]], "timestamp": "2025-12-17T06:13:33.469057+00:00"}, {"symbol": "BTCUSDT", "bids": [[86829.2, 3.868], [86829.1, 0.083], [86828.5, 0.003], [86828.3, 0.011], [86828.0, 0.003], [86827.5, 0.003], [86827.4, 0.002], [86827.2, 0.009], [86827.0, 0.005], [86826.6, 0.002], [86826.5, 0.005], [86826.4, 0.003], [86826.1, 0.005], [86825.6, 0.164], [86825.3, 0.002], [86825.2, 0.002], [86825.0, 0.002], [86824.8, 0.294], [86824.6, 0.067], [86824.5, 0.006]], "asks": [[86829.3, 3.624], [86829.4, 0.004], [86829.6, 0.055], [86829.7, 0.08], [86829.8, 0.005], [86830.0, 0.002], [86830.4, 0.003], [86830.5, 0.002], [86830.8, 0.006], [86830.9, 0.002], [86831.1, 0.05], [86831.2, 0.053], [86831.3, 0.002], [86831.4, 0.003], [86831.7, 0.005], [86831.8, 0.002], [86832.0, 0.054], [86832.2, 0.009], [86832.3, 0.003], [86832.4, 0.002]], "timestamp": "2025-12-17T06:14:24.937180+00:00"}, {"symbol": "BTCUSDT", "bids": [[86866.7, 13.964], [86866.6, 0.043], [86866.5, 0.002], [86866.4, 0.003], [86866.2, 0.008], [86865.8, 0.005], [86865.7, 0.002], [86865.3, 0.003], [86865.0, 0.003], [86864.8, 0.003], [86864.6, 0.002], [86864.4, 0.121], [86864.3, 0.064], [86864.0, 0.272], [86863.8, 0.003], [86863.7, 0.003], [86863.6, 0.005], [86863.5, 0.132], [86863.1, 0.006], [86862.8, 0.002]], "asks": [[86866.8, 2.405], [86866.9, 0.052], [86867.0, 0.003], [86867.1, 0.003], [86867.4, 0.002], [86867.5, 0.016], [86867.6, 0.003], [86868.0, 0.004], [86868.1, 0.008], [86868.2, 0.007], [86868.3, 0.002], [86868.4, 0.003], [86868.6, 0.004], [86868.7, 0.002], [86868.9, 0.006], [86869.1, 0.002], [86869.2, 0.002], [86869.3, 0.003], [86869.6, 0.005], [86869.7, 0.002]], "timestamp": "2025-12-17T06:15:16.933747+00:00"}, {"symbol": "BTCUSDT", "bids": [[86892.4, 7.57], [86892.3, 0.022], [86891.9, 0.002], [86891.5, 0.003], [86891.4, 0.043], [86891.2, 0.142], [86891.1, 0.058], [86891.0, 0.003], [86890.6, 0.002], [86890.5, 0.07], [86890.4, 0.003], [86890.1, 0.173], [86890.0, 0.003], [86889.9, 0.006], [86889.7, 0.002], [86889.6, 0.006], [86889.5, 0.024], [86889.4, 0.002], [86889.3, 0.002], [86889.2, 0.002]], "asks": [[86892.5, 3.178], [86892.6, 0.508], [86892.7, 0.003], [86892.8, 0.002], [86893.0, 0.084], [86893.1, 0.01], [86893.2, 0.003], [86893.5, 0.088], [86893.7, 0.009], [86893.8, 0.002], [86893.9, 0.002], [86894.0, 0.123], [86894.1, 0.116], [86894.2, 0.003], [86894.4, 0.004], [86894.6, 0.005], [86894.7, 0.003], [86894.8, 0.018], [86895.0, 0.004], [86895.1, 0.17]], "timestamp": "2025-12-17T06:16:08.985414+00:00"}, {"symbol": "BTCUSDT", "bids": [[86829.5, 4.493], [86829.4, 0.022], [86829.3, 0.023], [86829.1, 0.021], [86829.0, 0.003], [86828.9, 0.003], [86828.8, 0.112], [86828.7, 0.102], [86828.6, 0.003], [86828.4, 0.044], [86828.3, 0.011], [86828.1, 0.002], [86828.0, 0.002], [86827.9, 0.005], [86827.8, 0.005], [86827.7, 0.002], [86827.5, 0.071], [86827.4, 0.008], [86827.3, 0.002], [86827.1, 0.01]], "asks": [[86829.6, 2.015], [86829.7, 0.051], [86829.9, 0.002], [86830.0, 0.002], [86830.1, 0.003], [86830.5, 0.002], [86830.6, 0.003], [86830.9, 0.057], [86831.0, 0.129], [86831.2, 0.006], [86831.3, 0.002], [86831.4, 0.002], [86831.5, 0.003], [86831.6, 0.003], [86831.8, 0.002], [86832.0, 0.002], [86832.1, 0.003], [86832.4, 0.003], [86832.6, 0.004], [86832.7, 0.082]], "timestamp": "2025-12-17T06:17:00.702669+00:00"}, {"symbol": "BTCUSDT", "bids": [[86801.4, 5.986], [86801.3, 0.012], [86800.9, 0.003], [86800.6, 0.002], [86800.5, 0.057], [86800.4, 0.009], [86800.2, 0.056], [86799.9, 0.003], [86799.8, 0.002], [86799.6, 0.184], [86799.5, 0.024], [86799.4, 0.006], [86798.9, 0.003], [86798.7, 0.005], [86798.6, 0.037], [86798.4, 0.037], [86798.3, 0.002], [86798.2, 0.116], [86798.1, 0.002], [86798.0, 0.002]], "asks": [[86801.5, 3.447], [86801.6, 0.068], [86801.7, 0.002], [86801.8, 0.005], [86801.9, 0.164], [86802.0, 0.089], [86802.3, 0.003], [86802.4, 0.05], [86802.7, 0.002], [86802.8, 0.003], [86802.9, 0.003], [86803.1, 0.004], [86803.3, 0.008], [86803.5, 0.082], [86803.6, 0.018], [86803.8, 0.003], [86804.0, 0.007], [86804.1, 0.018], [86804.4, 0.002], [86804.5, 0.021]], "timestamp": "2025-12-17T06:17:51.978237+00:00"}, {"symbol": "BTCUSDT", "bids": [[86797.7, 5.783], [86797.6, 0.014], [86797.4, 0.002], [86797.3, 0.082], [86797.2, 0.118], [86797.1, 0.033], [86796.9, 0.002], [86796.7, 0.002], [86796.6, 0.006], [86796.5, 0.002], [86796.4, 0.116], [86796.2, 0.061], [86796.0, 0.059], [86795.8, 0.002], [86795.6, 0.003], [86795.5, 0.12], [86795.4, 0.002], [86795.3, 0.027], [86795.2, 0.062], [86795.1, 0.007]], "asks": [[86797.8, 2.443], [86797.9, 0.005], [86798.1, 0.003], [86798.3, 0.002], [86798.6, 0.049], [86799.0, 0.006], [86799.2, 0.002], [86799.3, 0.08], [86799.4, 0.081], [86799.8, 0.005], [86799.9, 0.002], [86800.0, 0.021], [86800.1, 0.002], [86800.3, 0.003], [86800.4, 0.08], [86800.5, 0.002], [86800.6, 0.003], [86800.9, 0.002], [86801.0, 0.003], [86801.2, 0.003]], "timestamp": "2025-12-17T06:18:43.429911+00:00"}, {"symbol": "BTCUSDT", "bids": [[86837.4, 9.404], [86837.3, 0.07], [86836.8, 0.053], [86836.7, 0.002], [86836.2, 0.002], [86836.1, 0.207], [86836.0, 0.084], [86835.9, 0.003], [86835.8, 0.002], [86835.7, 0.122], [86835.6, 0.025], [86835.4, 0.051], [86835.3, 0.005], [86835.2, 0.024], [86835.1, 0.201], [86835.0, 0.003], [86834.9, 0.059], [86834.7, 0.121], [86834.6, 0.875], [86834.5, 0.022]], "asks": [[86837.5, 2.142], [86837.6, 0.003], [86837.7, 0.051], [86837.8, 0.003], [86838.3, 0.003], [86838.5, 0.002], [86838.6, 0.012], [86838.7, 0.002], [86838.8, 0.003], [86839.3, 0.006], [86839.6, 0.002], [86839.7, 0.003], [86839.8, 0.005], [86840.0, 0.004], [86840.2, 0.005], [86840.3, 0.003], [86840.5, 0.007], [86840.8, 0.003], [86841.0, 0.009], [86841.1, 0.016]], "timestamp": "2025-12-17T06:19:34.822779+00:00"}, {"symbol": "BTCUSDT", "bids": [[86874.9, 19.858], [86874.8, 0.078], [86874.7, 0.864], [86874.4, 0.166], [86874.1, 0.003], [86874.0, 0.002], [86873.6, 0.717], [86873.4, 0.145], [86873.3, 1.389], [86873.2, 0.121], [86873.1, 0.005], [86873.0, 0.003], [86872.9, 0.008], [86872.8, 0.113], [86872.5, 0.002], [86872.4, 0.003], [86872.3, 0.691], [86872.2, 0.84], [86872.1, 0.003], [86871.9, 0.005]], "asks": [[86875.0, 0.201], [86875.1, 0.002], [86875.2, 0.003], [86875.3, 0.003], [86875.5, 0.006], [86875.7, 0.04], [86875.8, 0.003], [86876.0, 0.002], [86876.3, 0.003], [86876.4, 0.002], [86876.8, 0.003], [86877.0, 0.002], [86877.1, 0.002], [86877.2, 0.004], [86877.3, 0.008], [86877.4, 0.002], [86877.8, 0.003], [86878.1, 0.015], [86878.2, 0.002], [86878.3, 0.003]], "timestamp": "2025-12-17T06:20:26.375018+00:00"}, {"symbol": "BTCUSDT", "bids": [[86836.0, 0.887], [86835.9, 0.005], [86835.8, 0.002], [86835.5, 0.003], [86835.3, 0.002], [86835.0, 0.005], [86834.8, 0.002], [86834.5, 0.005], [86834.4, 0.005], [86834.2, 0.002], [86834.0, 0.003], [86833.9, 0.005], [86833.5, 0.003], [86833.2, 0.025], [86833.1, 0.008], [86833.0, 0.005], [86832.7, 0.004], [86832.5, 0.003], [86832.3, 0.007], [86832.2, 0.002]], "asks": [[86836.1, 13.886], [86836.2, 0.011], [86836.3, 0.019], [86836.5, 0.023], [86836.7, 0.059], [86836.8, 0.28], [86836.9, 0.003], [86837.4, 0.039], [86837.5, 0.022], [86837.6, 0.034], [86837.9, 0.005], [86838.1, 0.003], [86838.4, 0.003], [86838.5, 0.004], [86838.6, 0.291], [86838.9, 0.009], [86839.3, 0.288], [86839.4, 0.009], [86839.6, 0.002], [86839.8, 0.003]], "timestamp": "2025-12-17T06:21:17.848867+00:00"}, {"symbol": "BTCUSDT", "bids": [[86804.9, 11.359], [86804.8, 0.197], [86804.5, 0.058], [86804.4, 0.006], [86804.1, 0.002], [86804.0, 0.013], [86803.6, 0.04], [86803.5, 0.116], [86803.2, 0.871], [86803.1, 0.867], [86803.0, 0.019], [86802.9, 0.003], [86802.6, 0.002], [86802.5, 0.116], [86802.3, 0.005], [86802.1, 0.003], [86801.9, 0.002], [86801.8, 0.005], [86801.7, 0.038], [86801.6, 0.003]], "asks": [[86805.0, 0.836], [86805.1, 0.006], [86805.3, 0.002], [86805.6, 0.003], [86805.7, 0.002], [86806.1, 0.006], [86806.2, 0.002], [86806.4, 0.002], [86807.0, 0.008], [86807.2, 0.002], [86807.5, 0.006], [86807.6, 0.003], [86807.8, 0.002], [86808.0, 0.003], [86808.3, 0.002], [86808.4, 0.005], [86808.5, 0.002], [86808.6, 0.003], [86808.8, 0.002], [86808.9, 0.08]], "timestamp": "2025-12-17T06:22:09.214286+00:00"}, {"symbol": "BTCUSDT", "bids": [[86798.4, 4.435], [86798.3, 0.008], [86798.0, 0.003], [86797.8, 0.057], [86797.5, 0.008], [86797.4, 0.004], [86797.1, 0.004], [86797.0, 0.003], [86796.9, 0.002], [86796.8, 0.164], [86796.7, 0.116], [86796.5, 0.003], [86796.4, 0.031], [86796.3, 0.576], [86796.2, 0.002], [86796.1, 0.009], [86796.0, 0.132], [86795.9, 0.026], [86795.8, 0.004], [86795.7, 0.002]], "asks": [[86798.5, 3.654], [86798.6, 0.007], [86798.8, 0.003], [86799.0, 0.017], [86799.1, 0.046], [86799.2, 0.002], [86799.4, 0.003], [86799.8, 0.002], [86800.1, 0.13], [86800.2, 0.35], [86800.5, 0.003], [86800.6, 0.08], [86800.7, 0.003], [86800.9, 0.002], [86801.1, 0.059], [86801.2, 0.003], [86801.8, 0.002], [86801.9, 0.005], [86802.0, 0.006], [86802.1, 0.026]], "timestamp": "2025-12-17T06:23:00.560202+00:00"}, {"symbol": "BTCUSDT", "bids": [[86867.7, 7.98], [86867.6, 0.099], [86867.3, 0.109], [86867.2, 0.159], [86867.1, 0.036], [86867.0, 0.002], [86866.6, 0.286], [86866.3, 0.003], [86866.2, 0.002], [86865.9, 0.002], [86865.8, 0.035], [86865.7, 0.119], [86865.3, 0.003], [86865.0, 0.004], [86864.9, 0.003], [86864.8, 0.003], [86864.7, 0.002], [86864.4, 0.002], [86864.3, 1.012], [86864.2, 0.317]], "asks": [[86867.8, 3.14], [86867.9, 0.004], [86868.0, 0.002], [86868.3, 0.013], [86868.5, 0.006], [86868.6, 0.002], [86868.9, 0.003], [86869.0, 0.023], [86869.4, 0.003], [86869.9, 0.217], [86870.0, 0.004], [86870.1, 0.005], [86870.2, 0.003], [86870.3, 0.002], [86870.4, 0.003], [86870.5, 0.005], [86870.6, 0.022], [86870.7, 0.002], [86870.9, 0.006], [86871.0, 0.045]], "timestamp": "2025-12-17T06:23:52.125379+00:00"}, {"symbol": "BTCUSDT", "bids": [[86949.9, 1.44], [86949.8, 0.059], [86949.7, 0.042], [86949.6, 0.052], [86949.4, 0.003], [86949.1, 0.003], [86949.0, 0.013], [86948.9, 0.003], [86948.8, 0.052], [86948.4, 0.005], [86948.1, 0.002], [86947.9, 0.006], [86947.5, 0.002], [86947.4, 0.003], [86947.1, 0.003], [86946.9, 0.002], [86946.8, 0.002], [86946.6, 0.005], [86946.4, 0.137], [86946.3, 0.003]], "asks": [[86950.0, 4.438], [86950.1, 0.004], [86950.2, 0.073], [86950.3, 0.082], [86950.4, 0.005], [86950.7, 0.002], [86950.8, 0.002], [86950.9, 0.005], [86951.1, 0.006], [86951.4, 0.003], [86951.6, 0.005], [86951.7, 0.023], [86951.8, 0.002], [86951.9, 0.008], [86952.0, 0.024], [86952.1, 0.002], [86952.4, 0.003], [86952.6, 0.004], [86952.7, 0.003], [86952.9, 0.003]], "timestamp": "2025-12-17T06:24:43.566071+00:00"}, {"symbol": "BTCUSDT", "bids": [[86917.0, 6.774], [86916.9, 0.005], [86916.7, 0.005], [86916.3, 0.004], [86916.2, 0.003], [86916.0, 0.002], [86915.9, 0.004], [86915.8, 0.003], [86915.6, 0.06], [86915.4, 0.002], [86915.3, 0.006], [86915.2, 0.073], [86915.1, 0.123], [86915.0, 0.006], [86914.9, 0.008], [86914.8, 0.032], [86914.7, 0.002], [86914.6, 0.007], [86914.5, 0.002], [86914.2, 0.015]], "asks": [[86917.1, 11.347], [86917.2, 0.01], [86917.4, 0.002], [86917.7, 0.011], [86917.8, 1.338], [86917.9, 0.673], [86918.0, 0.049], [86918.2, 0.002], [86918.4, 0.002], [86919.1, 0.003], [86919.5, 0.003], [86919.6, 0.002], [86919.7, 0.024], [86919.8, 8.125], [86919.9, 0.005], [86920.0, 0.007], [86920.2, 0.002], [86920.4, 0.125], [86920.5, 0.136], [86920.6, 0.003]], "timestamp": "2025-12-17T06:25:35.355408+00:00"}, {"symbol": "BTCUSDT", "bids": [[86870.1, 1.201], [86870.0, 0.237], [86869.9, 0.002], [86869.7, 0.002], [86869.6, 0.006], [86869.4, 0.003], [86869.2, 0.002], [86868.9, 0.003], [86868.6, 0.002], [86868.4, 0.003], [86868.3, 0.002], [86868.1, 0.003], [86868.0, 0.002], [86867.9, 0.003], [86867.8, 0.116], [86867.4, 0.003], [86867.3, 0.003], [86867.2, 0.383], [86867.0, 0.008], [86866.9, 0.003]], "asks": [[86870.2, 4.707], [86870.3, 0.047], [86870.4, 0.115], [86870.5, 0.005], [86870.9, 0.037], [86871.0, 0.08], [86871.2, 0.005], [86871.3, 0.005], [86871.6, 0.068], [86871.7, 0.003], [86871.8, 0.005], [86871.9, 0.002], [86872.0, 0.002], [86872.1, 0.019], [86872.2, 0.024], [86872.3, 0.005], [86872.5, 0.002], [86872.6, 0.002], [86872.7, 0.003], [86872.8, 0.003]], "timestamp": "2025-12-17T06:26:26.691472+00:00"}, {"symbol": "BTCUSDT", "bids": [[86841.0, 13.351], [86840.9, 0.01], [86840.3, 0.984], [86840.2, 1.457], [86840.1, 0.139], [86840.0, 0.154], [86839.9, 0.022], [86839.3, 0.118], [86839.2, 0.017], [86839.1, 0.003], [86839.0, 0.003], [86838.6, 0.115], [86838.5, 0.155], [86838.4, 0.002], [86838.3, 0.057], [86838.2, 0.012], [86838.0, 0.006], [86837.8, 0.024], [86837.5, 0.118], [86837.4, 0.118]], "asks": [[86841.1, 0.126], [86841.2, 0.003], [86841.3, 0.002], [86841.7, 0.182], [86841.8, 0.002], [86841.9, 0.006], [86842.0, 0.003], [86842.1, 0.003], [86842.2, 0.002], [86842.6, 0.002], [86842.7, 0.003], [86842.8, 0.029], [86842.9, 0.003], [86843.1, 0.002], [86843.2, 0.002], [86843.3, 0.003], [86843.4, 0.005], [86843.5, 0.002], [86843.7, 0.014], [86843.8, 0.005]], "timestamp": "2025-12-17T06:27:18.222961+00:00"}, {"symbol": "BTCUSDT", "bids": [[86850.4, 3.822], [86850.3, 0.008], [86850.1, 0.058], [86850.0, 0.343], [86849.7, 0.002], [86849.5, 0.003], [86849.3, 0.002], [86848.9, 0.003], [86848.5, 0.003], [86848.4, 0.004], [86848.3, 0.002], [86848.2, 0.002], [86848.0, 0.003], [86847.9, 0.003], [86847.8, 0.002], [86847.7, 0.004], [86847.5, 0.003], [86847.3, 0.002], [86847.1, 0.005], [86847.0, 0.003]], "asks": [[86850.5, 11.374], [86850.6, 0.007], [86850.8, 0.083], [86850.9, 0.061], [86851.0, 0.118], [86851.2, 0.115], [86851.3, 0.005], [86851.4, 0.002], [86851.8, 0.016], [86852.3, 0.005], [86852.5, 0.003], [86852.6, 0.002], [86852.8, 0.003], [86853.2, 0.296], [86853.3, 0.815], [86853.4, 0.124], [86853.5, 0.004], [86853.6, 0.813], [86853.8, 0.003], [86853.9, 0.002]], "timestamp": "2025-12-17T06:28:09.612835+00:00"}, {"symbol": "BTCUSDT", "bids": [[86877.7, 4.572], [86877.6, 2.993], [86877.5, 0.011], [86877.3, 0.766], [86877.2, 2.364], [86877.1, 0.003], [86877.0, 0.005], [86876.9, 0.118], [86876.6, 0.002], [86876.5, 0.003], [86876.3, 0.024], [86876.2, 0.116], [86876.1, 0.068], [86876.0, 0.003], [86875.9, 0.002], [86875.7, 0.003], [86875.5, 0.003], [86875.2, 0.008], [86875.0, 0.005], [86874.9, 0.003]], "asks": [[86877.8, 2.803], [86877.9, 0.011], [86878.1, 0.002], [86878.3, 0.002], [86878.4, 0.003], [86878.7, 0.002], [86879.0, 0.01], [86879.1, 0.091], [86879.2, 0.006], [86879.3, 0.002], [86879.4, 0.005], [86879.5, 0.01], [86879.6, 0.002], [86879.8, 0.003], [86879.9, 0.017], [86880.0, 0.009], [86880.4, 0.002], [86880.5, 0.002], [86880.6, 0.005], [86880.7, 0.005]], "timestamp": "2025-12-17T06:29:00.982590+00:00"}, {"symbol": "BTCUSDT", "bids": [[86833.9, 9.668], [86833.8, 0.225], [86833.2, 0.024], [86833.1, 0.116], [86832.7, 0.002], [86832.3, 0.116], [86832.2, 0.005], [86832.1, 0.25], [86832.0, 0.068], [86831.7, 0.003], [86831.6, 0.119], [86831.4, 0.026], [86831.0, 0.007], [86830.7, 0.119], [86830.5, 0.005], [86830.4, 0.016], [86830.3, 0.002], [86830.1, 0.06], [86830.0, 0.004], [86829.9, 0.007]], "asks": [[86834.0, 0.293], [86834.1, 0.003], [86834.2, 0.018], [86834.4, 0.003], [86834.7, 0.003], [86834.8, 0.002], [86835.1, 0.003], [86835.2, 0.018], [86835.3, 0.03], [86835.4, 0.002], [86835.6, 0.003], [86835.7, 0.002], [86836.1, 0.013], [86836.5, 0.091], [86836.6, 0.008], [86836.7, 0.004], [86836.9, 0.325], [86837.0, 0.002], [86837.2, 0.005], [86837.4, 0.041]], "timestamp": "2025-12-17T06:29:52.693153+00:00"}, {"symbol": "BTCUSDT", "bids": [[86851.1, 0.531], [86851.0, 0.008], [86850.8, 0.003], [86850.7, 0.002], [86850.6, 0.005], [86850.4, 0.002], [86850.1, 0.002], [86850.0, 0.008], [86849.9, 0.011], [86849.7, 0.002], [86849.6, 0.015], [86849.4, 0.003], [86849.3, 0.002], [86849.1, 0.036], [86848.9, 0.003], [86848.8, 0.007], [86848.4, 0.01], [86848.2, 0.002], [86848.1, 0.057], [86848.0, 0.002]], "asks": [[86851.2, 11.249], [86851.3, 0.007], [86851.4, 0.121], [86851.9, 0.003], [86852.0, 0.016], [86852.1, 0.122], [86852.2, 0.116], [86852.3, 0.08], [86852.4, 0.003], [86852.9, 0.003], [86853.0, 0.118], [86853.1, 0.002], [86853.2, 0.003], [86853.4, 0.002], [86853.6, 0.002], [86853.8, 0.023], [86853.9, 0.002], [86854.0, 0.003], [86854.3, 0.005], [86854.4, 0.003]], "timestamp": "2025-12-17T06:30:44.438629+00:00"}, {"symbol": "BTCUSDT", "bids": [[86851.1, 12.354], [86851.0, 0.008], [86850.9, 0.004], [86850.8, 0.011], [86850.6, 0.118], [86850.5, 0.315], [86850.2, 1.0], [86850.1, 0.002], [86850.0, 0.002], [86849.8, 0.116], [86849.7, 0.002], [86849.6, 0.003], [86849.3, 0.004], [86849.1, 0.006], [86848.8, 0.006], [86848.5, 0.1], [86848.4, 0.002], [86848.3, 0.003], [86848.2, 0.002], [86848.1, 0.005]], "asks": [[86851.2, 3.364], [86851.3, 0.005], [86851.4, 0.005], [86851.6, 0.002], [86851.8, 0.002], [86851.9, 0.003], [86852.0, 0.08], [86852.2, 0.005], [86852.4, 0.003], [86852.6, 0.002], [86852.7, 0.003], [86852.8, 0.102], [86852.9, 0.097], [86853.0, 0.004], [86853.1, 0.235], [86853.2, 0.003], [86853.6, 0.006], [86853.8, 0.005], [86853.9, 0.002], [86854.0, 0.003]], "timestamp": "2025-12-17T06:31:35.792252+00:00"}, {"symbol": "BTCUSDT", "bids": [[86891.0, 3.345], [86890.9, 0.005], [86890.8, 0.003], [86890.7, 0.003], [86890.6, 0.003], [86890.5, 0.008], [86890.4, 0.053], [86890.1, 0.004], [86889.8, 0.003], [86889.7, 0.002], [86889.6, 0.238], [86889.4, 0.003], [86889.3, 0.003], [86889.2, 0.007], [86889.1, 0.116], [86889.0, 0.003], [86888.8, 0.005], [86888.7, 0.008], [86888.4, 0.116], [86888.3, 0.003]], "asks": [[86891.1, 3.746], [86891.2, 0.014], [86891.3, 0.002], [86891.4, 0.005], [86891.5, 0.126], [86891.6, 0.016], [86891.9, 0.009], [86892.0, 0.002], [86892.1, 0.021], [86892.2, 0.012], [86892.3, 0.017], [86892.4, 0.003], [86892.6, 0.002], [86892.9, 0.003], [86893.0, 0.002], [86893.1, 0.118], [86893.2, 0.114], [86893.4, 0.005], [86893.5, 0.01], [86893.6, 0.002]], "timestamp": "2025-12-17T06:32:27.081195+00:00"}, {"symbol": "BTCUSDT", "bids": [[86875.5, 4.632], [86875.4, 0.006], [86875.2, 0.005], [86875.0, 0.168], [86874.9, 0.002], [86874.7, 0.003], [86874.5, 0.002], [86874.3, 0.116], [86874.2, 0.009], [86874.1, 0.005], [86874.0, 0.002], [86873.6, 0.118], [86873.5, 0.006], [86873.3, 0.068], [86872.9, 0.002], [86872.8, 0.003], [86872.7, 0.467], [86872.6, 0.003], [86872.5, 0.002], [86872.4, 0.012]], "asks": [[86875.6, 1.475], [86875.7, 0.009], [86875.8, 0.003], [86876.0, 0.029], [86876.4, 0.002], [86876.5, 0.002], [86876.6, 0.003], [86876.7, 0.576], [86876.9, 0.003], [86877.0, 0.006], [86877.2, 0.01], [86877.3, 0.002], [86877.4, 0.002], [86877.7, 0.003], [86877.8, 0.005], [86878.1, 0.002], [86878.2, 0.019], [86878.3, 0.002], [86878.4, 0.08], [86878.5, 0.049]], "timestamp": "2025-12-17T06:33:18.370604+00:00"}, {"symbol": "BTCUSDT", "bids": [[86848.9, 3.087], [86848.8, 0.004], [86848.6, 0.003], [86848.4, 0.006], [86848.1, 0.003], [86848.0, 0.002], [86847.8, 0.002], [86847.7, 0.002], [86847.6, 0.019], [86847.5, 0.005], [86847.4, 0.003], [86847.3, 0.069], [86847.1, 0.012], [86846.7, 0.004], [86846.6, 0.005], [86846.5, 0.003], [86846.3, 0.011], [86846.2, 0.002], [86846.1, 0.011], [86846.0, 0.142]], "asks": [[86849.0, 5.397], [86849.1, 0.004], [86849.2, 0.002], [86849.3, 0.003], [86849.6, 0.002], [86849.7, 0.005], [86849.8, 0.017], [86849.9, 0.003], [86850.0, 0.004], [86850.1, 0.136], [86850.2, 0.343], [86850.3, 0.002], [86850.4, 0.003], [86850.5, 0.002], [86850.8, 0.002], [86850.9, 0.007], [86851.0, 0.003], [86851.4, 0.005], [86851.7, 0.002], [86851.8, 0.094]], "timestamp": "2025-12-17T06:34:09.844204+00:00"}, {"symbol": "BTCUSDT", "bids": [[86838.4, 0.039], [86838.3, 0.002], [86838.2, 0.003], [86837.6, 0.003], [86837.4, 0.002], [86837.2, 0.003], [86836.9, 0.005], [86836.8, 0.006], [86836.4, 0.003], [86836.3, 0.002], [86836.1, 0.002], [86835.9, 0.003], [86835.5, 0.048], [86835.2, 0.01], [86835.0, 0.002], [86834.8, 0.005], [86834.6, 0.002], [86834.5, 0.003], [86834.3, 0.007], [86834.2, 0.002]], "asks": [[86838.5, 12.688], [86838.6, 0.004], [86838.8, 0.343], [86838.9, 1.215], [86839.0, 0.003], [86839.1, 0.133], [86839.2, 0.107], [86839.3, 0.002], [86839.5, 0.003], [86839.7, 0.002], [86839.9, 0.139], [86840.0, 0.05], [86840.1, 0.036], [86840.2, 0.003], [86840.3, 0.088], [86840.5, 0.122], [86840.8, 0.003], [86841.0, 0.002], [86841.2, 0.006], [86841.3, 0.006]], "timestamp": "2025-12-17T06:35:01.526197+00:00"}, {"symbol": "BTCUSDT", "bids": [[86828.0, 1.317], [86827.9, 0.002], [86827.5, 0.005], [86827.2, 0.003], [86827.1, 0.002], [86827.0, 0.005], [86826.7, 0.002], [86826.6, 0.057], [86826.3, 0.003], [86826.2, 0.002], [86826.1, 0.003], [86826.0, 0.011], [86825.6, 0.193], [86825.5, 0.026], [86825.4, 0.005], [86825.2, 0.026], [86825.1, 0.003], [86825.0, 0.008], [86824.9, 0.008], [86824.8, 0.023]], "asks": [[86828.1, 15.963], [86828.2, 0.999], [86828.7, 0.005], [86829.2, 0.003], [86829.3, 0.004], [86829.6, 0.809], [86829.7, 0.027], [86829.9, 0.002], [86830.0, 0.813], [86830.1, 0.072], [86830.2, 0.008], [86830.3, 0.009], [86830.6, 0.002], [86830.7, 0.116], [86830.8, 0.003], [86830.9, 0.007], [86831.2, 0.003], [86831.3, 0.003], [86831.5, 0.224], [86831.6, 0.003]], "timestamp": "2025-12-17T06:35:53.967262+00:00"}, {"symbol": "BTCUSDT", "bids": [[86840.4, 2.727], [86840.3, 0.005], [86840.1, 0.002], [86840.0, 0.002], [86839.7, 0.003], [86839.2, 0.003], [86839.1, 0.07], [86838.9, 0.002], [86838.8, 0.002], [86838.7, 0.006], [86838.5, 0.002], [86838.4, 0.002], [86838.0, 0.085], [86837.8, 0.005], [86837.5, 0.002], [86837.4, 0.004], [86837.1, 0.007], [86837.0, 0.003], [86836.9, 0.002], [86836.7, 0.002]], "asks": [[86840.5, 11.62], [86840.6, 0.149], [86840.9, 0.161], [86841.0, 0.811], [86841.1, 0.096], [86841.2, 0.002], [86841.3, 0.118], [86841.5, 0.005], [86841.9, 0.002], [86842.0, 0.135], [86842.3, 0.002], [86842.5, 0.009], [86842.6, 0.003], [86842.8, 0.663], [86843.0, 0.809], [86843.1, 0.123], [86843.2, 0.005], [86843.5, 0.812], [86843.6, 0.002], [86843.8, 0.003]], "timestamp": "2025-12-17T06:36:45.364539+00:00"}, {"symbol": "BTCUSDT", "bids": [[86830.1, 0.556], [86830.0, 0.002], [86829.9, 0.004], [86829.8, 0.003], [86829.6, 0.002], [86829.3, 0.005], [86829.0, 0.002], [86828.9, 0.008], [86828.8, 0.005], [86828.4, 0.097], [86828.3, 0.034], [86828.2, 0.003], [86828.1, 0.003], [86828.0, 0.019], [86827.7, 0.005], [86827.5, 0.005], [86827.2, 0.002], [86827.0, 0.01], [86826.7, 0.002], [86826.5, 0.003]], "asks": [[86830.2, 13.714], [86830.3, 0.009], [86830.4, 0.002], [86830.5, 0.002], [86830.8, 0.525], [86831.0, 0.005], [86831.3, 0.002], [86831.7, 0.116], [86831.8, 0.005], [86832.0, 0.815], [86832.1, 0.04], [86832.2, 0.005], [86832.5, 0.119], [86832.6, 0.002], [86832.8, 0.809], [86832.9, 0.843], [86833.0, 0.019], [86833.1, 0.002], [86833.3, 0.002], [86833.5, 0.003]], "timestamp": "2025-12-17T06:37:36.756104+00:00"}, {"symbol": "BTCUSDT", "bids": [[86819.5, 15.29], [86819.4, 0.041], [86819.3, 0.013], [86819.1, 0.286], [86819.0, 0.118], [86818.8, 0.003], [86818.7, 0.002], [86818.5, 0.013], [86818.3, 0.18], [86818.2, 0.14], [86817.8, 0.4], [86817.6, 0.08], [86817.5, 0.003], [86817.3, 0.387], [86817.2, 0.116], [86817.0, 0.005], [86816.9, 0.02], [86816.8, 0.006], [86816.7, 0.006], [86816.6, 0.003]], "asks": [[86819.6, 0.482], [86819.7, 0.002], [86819.8, 0.579], [86819.9, 0.008], [86820.1, 0.082], [86820.2, 0.002], [86820.4, 0.003], [86820.5, 0.008], [86820.6, 0.003], [86820.9, 0.003], [86821.0, 0.031], [86821.3, 0.004], [86821.4, 0.006], [86821.5, 0.051], [86821.8, 0.004], [86821.9, 0.008], [86822.0, 0.002], [86822.2, 0.003], [86822.4, 0.006], [86822.6, 0.005]], "timestamp": "2025-12-17T06:38:28.367207+00:00"}, {"symbol": "BTCUSDT", "bids": [[86795.8, 0.006], [86795.7, 0.003], [86795.5, 0.002], [86795.3, 0.006], [86795.0, 0.005], [86794.9, 0.003], [86794.6, 0.002], [86794.5, 0.006], [86794.4, 0.013], [86794.1, 0.002], [86794.0, 0.003], [86793.9, 0.006], [86793.8, 0.007], [86793.7, 0.003], [86793.4, 0.003], [86793.3, 0.004], [86793.2, 0.002], [86792.9, 0.006], [86792.8, 0.003], [86792.3, 0.003]], "asks": [[86795.9, 7.693], [86796.0, 0.191], [86796.1, 0.176], [86796.3, 0.189], [86796.5, 2.723], [86796.8, 4.678], [86796.9, 7.325], [86797.0, 14.8], [86797.1, 5.724], [86797.2, 1.971], [86797.3, 2.801], [86797.4, 1.294], [86797.5, 4.134], [86797.6, 0.005], [86797.7, 0.557], [86798.0, 0.163], [86798.1, 0.166], [86798.2, 3.039], [86798.5, 2.829], [86798.6, 0.003]], "timestamp": "2025-12-17T06:39:19.869710+00:00"}, {"symbol": "BTCUSDT", "bids": [[86799.9, 3.961], [86799.8, 0.006], [86799.7, 0.002], [86799.6, 0.057], [86799.3, 0.002], [86798.1, 0.005], [86797.9, 0.003], [86797.6, 0.003], [86797.1, 0.006], [86797.0, 0.024], [86796.9, 0.004], [86796.8, 0.019], [86796.6, 0.003], [86796.5, 0.078], [86796.3, 0.003], [86796.0, 0.007], [86795.7, 0.116], [86795.5, 0.284], [86795.4, 0.579], [86795.3, 0.008]], "asks": [[86800.0, 4.33], [86800.1, 0.002], [86800.2, 0.09], [86800.3, 0.005], [86800.4, 0.081], [86800.5, 0.021], [86800.6, 0.003], [86800.8, 0.003], [86800.9, 0.01], [86801.0, 0.002], [86801.3, 0.003], [86801.5, 0.003], [86801.8, 0.005], [86801.9, 0.004], [86802.0, 0.003], [86802.2, 0.116], [86802.3, 0.003], [86802.5, 0.002], [86802.6, 0.003], [86802.7, 0.002]], "timestamp": "2025-12-17T06:40:11.612363+00:00"}, {"symbol": "BTCUSDT", "bids": [[86757.3, 3.976], [86757.2, 0.006], [86756.8, 0.003], [86756.7, 0.006], [86756.4, 0.002], [86756.3, 0.003], [86756.2, 0.002], [86755.7, 0.192], [86755.5, 0.004], [86755.4, 0.066], [86755.3, 0.003], [86755.0, 0.004], [86754.6, 0.037], [86754.5, 0.007], [86754.4, 0.019], [86754.2, 0.002], [86754.1, 0.008], [86753.9, 0.002], [86753.8, 0.06], [86753.7, 0.005]], "asks": [[86757.4, 1.413], [86757.5, 0.007], [86757.6, 0.071], [86757.8, 0.002], [86757.9, 0.003], [86758.0, 0.002], [86758.4, 0.055], [86758.5, 0.002], [86758.6, 0.08], [86758.7, 0.082], [86758.8, 0.002], [86758.9, 0.003], [86759.1, 0.002], [86759.2, 0.002], [86759.4, 0.008], [86759.6, 0.002], [86759.9, 0.003], [86760.0, 0.009], [86760.1, 0.291], [86760.4, 0.005]], "timestamp": "2025-12-17T06:41:03.120586+00:00"}, {"symbol": "BTCUSDT", "bids": [[86767.2, 11.552], [86767.1, 1.54], [86767.0, 0.004], [86766.9, 0.284], [86766.6, 0.002], [86766.3, 0.011], [86765.8, 0.002], [86765.6, 0.003], [86765.4, 0.002], [86765.3, 0.025], [86765.1, 0.488], [86765.0, 0.87], [86764.9, 0.002], [86764.8, 0.034], [86764.6, 0.23], [86764.5, 0.025], [86764.3, 0.005], [86764.0, 0.009], [86763.8, 0.024], [86763.6, 0.039]], "asks": [[86767.3, 2.814], [86767.4, 0.022], [86767.8, 0.003], [86767.9, 0.006], [86768.0, 0.337], [86768.1, 0.002], [86768.2, 0.003], [86768.3, 0.005], [86768.6, 0.096], [86768.7, 0.011], [86768.8, 0.005], [86769.0, 0.078], [86769.2, 0.002], [86769.3, 0.003], [86769.4, 0.005], [86769.6, 0.002], [86769.7, 0.002], [86769.8, 0.005], [86769.9, 0.002], [86770.0, 0.004]], "timestamp": "2025-12-17T06:41:54.889332+00:00"}, {"symbol": "BTCUSDT", "bids": [[86746.6, 17.273], [86746.5, 0.006], [86745.6, 0.013], [86744.8, 0.002], [86744.6, 0.003], [86744.0, 0.003], [86743.9, 0.002], [86743.8, 0.003], [86743.6, 0.116], [86743.5, 0.005], [86743.3, 0.251], [86743.2, 0.008], [86743.0, 0.006], [86742.9, 0.002], [86742.8, 0.116], [86742.7, 0.002], [86742.5, 0.005], [86742.2, 0.003], [86742.0, 0.005], [86741.7, 0.116]], "asks": [[86746.7, 0.554], [86746.8, 0.002], [86747.0, 0.003], [86747.4, 0.011], [86747.5, 0.005], [86748.0, 0.003], [86748.5, 0.006], [86749.0, 1.303], [86749.1, 0.002], [86749.2, 0.004], [86749.3, 0.003], [86749.4, 0.002], [86749.5, 0.003], [86749.7, 0.006], [86749.8, 0.002], [86749.9, 0.002], [86750.0, 0.014], [86750.5, 0.002], [86750.6, 0.003], [86750.7, 0.003]], "timestamp": "2025-12-17T06:42:46.367754+00:00"}, {"symbol": "BTCUSDT", "bids": [[86772.7, 12.137], [86772.6, 0.008], [86772.5, 1.0], [86772.4, 0.002], [86771.5, 0.003], [86771.0, 0.005], [86770.9, 0.002], [86770.7, 0.003], [86770.6, 0.002], [86770.5, 0.003], [86770.1, 0.002], [86770.0, 0.005], [86769.9, 0.005], [86769.8, 0.057], [86769.7, 0.002], [86769.6, 0.004], [86769.5, 0.003], [86769.3, 0.026], [86769.1, 0.003], [86769.0, 0.005]], "asks": [[86772.8, 2.582], [86772.9, 0.002], [86773.0, 0.017], [86773.1, 0.012], [86773.5, 0.016], [86773.6, 0.005], [86773.9, 0.003], [86774.0, 0.002], [86774.1, 0.003], [86774.3, 0.003], [86774.4, 0.013], [86774.6, 0.005], [86774.8, 0.08], [86774.9, 0.004], [86775.0, 0.159], [86775.1, 0.006], [86775.2, 0.011], [86775.3, 0.025], [86775.4, 0.28], [86775.5, 1.308]], "timestamp": "2025-12-17T06:43:37.960591+00:00"}, {"symbol": "BTCUSDT", "bids": [[86772.3, 5.977], [86772.2, 0.004], [86771.5, 0.002], [86771.3, 0.003], [86771.0, 0.002], [86770.5, 0.002], [86770.4, 0.003], [86770.3, 0.003], [86770.1, 0.002], [86770.0, 0.002], [86769.9, 0.005], [86769.8, 0.057], [86769.7, 0.004], [86769.5, 0.003], [86769.3, 0.004], [86769.2, 0.002], [86769.1, 0.003], [86769.0, 0.002], [86768.7, 0.003], [86768.6, 0.003]], "asks": [[86772.4, 3.214], [86772.5, 0.018], [86772.8, 0.116], [86773.0, 0.008], [86773.1, 0.003], [86773.2, 0.003], [86773.4, 0.016], [86773.5, 0.002], [86773.6, 0.119], [86773.7, 0.005], [86774.0, 0.002], [86774.1, 0.003], [86774.2, 0.026], [86774.3, 0.216], [86774.4, 0.116], [86774.6, 0.083], [86774.8, 0.009], [86775.0, 0.006], [86775.1, 0.119], [86775.5, 0.035]], "timestamp": "2025-12-17T06:44:29.563182+00:00"}, {"symbol": "BTCUSDT", "bids": [[86775.6, 9.38], [86775.5, 0.004], [86775.4, 0.004], [86775.3, 0.002], [86775.0, 0.002], [86774.7, 0.003], [86774.3, 0.034], [86774.1, 0.003], [86774.0, 0.002], [86773.8, 0.002], [86773.5, 0.002], [86773.2, 0.006], [86772.7, 0.003], [86772.6, 0.002], [86772.5, 0.002], [86772.4, 0.003], [86772.2, 0.003], [86772.1, 0.002], [86772.0, 0.003], [86771.7, 0.005]], "asks": [[86775.7, 0.205], [86775.8, 0.031], [86775.9, 0.002], [86776.0, 0.003], [86776.1, 0.003], [86776.4, 0.002], [86776.5, 0.017], [86776.6, 0.007], [86777.0, 0.002], [86777.1, 0.003], [86777.4, 0.003], [86777.5, 0.002], [86777.6, 0.005], [86777.7, 0.116], [86777.8, 0.003], [86778.0, 0.002], [86778.1, 0.005], [86778.3, 0.002], [86778.5, 0.008], [86778.6, 0.003]], "timestamp": "2025-12-17T06:45:21.155671+00:00"}, {"symbol": "BTCUSDT", "bids": [[86747.5, 3.668], [86747.4, 0.002], [86747.2, 0.004], [86747.0, 0.005], [86746.9, 0.003], [86746.7, 0.002], [86746.4, 0.002], [86746.3, 0.005], [86745.8, 0.002], [86745.7, 0.003], [86745.6, 0.003], [86745.5, 0.003], [86745.1, 0.003], [86745.0, 0.002], [86744.9, 0.004], [86744.8, 0.003], [86744.6, 0.002], [86744.5, 0.003], [86744.3, 0.003], [86744.2, 0.002]], "asks": [[86747.6, 5.523], [86747.7, 0.02], [86747.8, 0.004], [86747.9, 0.002], [86748.2, 0.002], [86748.3, 0.002], [86748.4, 0.003], [86748.6, 0.095], [86748.8, 0.002], [86749.2, 0.184], [86749.6, 0.003], [86749.7, 0.083], [86750.0, 0.002], [86750.1, 0.002], [86750.3, 0.121], [86750.4, 0.003], [86750.5, 0.002], [86750.6, 0.024], [86750.8, 0.003], [86751.0, 0.017]], "timestamp": "2025-12-17T06:46:13.071471+00:00"}, {"symbol": "BTCUSDT", "bids": [[86770.4, 7.936], [86770.3, 0.008], [86770.0, 0.003], [86769.9, 0.002], [86769.7, 0.004], [86769.6, 0.005], [86769.5, 0.003], [86769.3, 0.002], [86769.0, 0.002], [86768.9, 0.005], [86768.6, 0.002], [86768.4, 0.006], [86768.1, 0.068], [86768.0, 0.002], [86767.9, 0.003], [86767.8, 0.003], [86767.7, 0.024], [86767.5, 0.01], [86767.3, 0.002], [86767.2, 0.002]], "asks": [[86770.5, 2.693], [86770.6, 0.024], [86770.9, 0.01], [86771.1, 0.005], [86771.4, 0.004], [86771.6, 0.003], [86771.8, 0.118], [86771.9, 0.021], [86772.2, 0.002], [86772.3, 0.007], [86772.4, 0.048], [86772.5, 0.009], [86772.6, 0.116], [86772.7, 0.082], [86772.8, 0.003], [86773.1, 0.021], [86773.3, 0.003], [86773.4, 0.003], [86773.5, 0.002], [86773.6, 0.004]], "timestamp": "2025-12-17T06:47:04.413774+00:00"}, {"symbol": "BTCUSDT", "bids": [[86714.7, 5.268], [86714.6, 0.013], [86714.5, 0.002], [86714.4, 0.006], [86713.8, 0.002], [86712.9, 0.002], [86712.8, 0.003], [86712.7, 0.003], [86712.4, 0.006], [86712.3, 0.003], [86711.9, 0.003], [86711.7, 0.002], [86711.6, 0.005], [86711.1, 0.008], [86710.9, 0.173], [86710.8, 0.066], [86710.5, 0.006], [86710.4, 0.156], [86710.3, 0.163], [86710.2, 0.003]], "asks": [[86714.8, 3.898], [86714.9, 0.004], [86715.0, 0.028], [86715.2, 0.052], [86715.5, 0.003], [86715.7, 0.002], [86715.8, 0.174], [86715.9, 0.395], [86716.0, 0.073], [86716.2, 0.005], [86716.6, 0.116], [86716.7, 0.005], [86716.8, 0.003], [86717.0, 0.004], [86717.2, 0.078], [86717.3, 0.141], [86717.4, 0.116], [86717.7, 0.006], [86717.8, 0.577], [86717.9, 0.002]], "timestamp": "2025-12-17T06:47:55.955838+00:00"}, {"symbol": "BTCUSDT", "bids": [[86719.9, 9.372], [86719.8, 0.322], [86719.7, 0.006], [86718.8, 0.003], [86718.6, 0.083], [86718.1, 0.005], [86718.0, 0.002], [86717.9, 0.145], [86717.8, 0.003], [86717.7, 0.002], [86717.6, 0.112], [86717.2, 0.005], [86717.0, 0.003], [86716.8, 0.034], [86716.6, 0.026], [86716.3, 0.047], [86716.2, 0.003], [86716.0, 0.002], [86715.9, 0.002], [86715.8, 0.005]], "asks": [[86720.0, 0.759], [86720.1, 0.002], [86720.3, 0.57], [86720.4, 0.088], [86721.0, 0.021], [86721.2, 0.002], [86721.4, 0.002], [86721.6, 0.003], [86721.7, 0.057], [86721.8, 0.002], [86721.9, 0.002], [86722.1, 0.005], [86722.2, 0.002], [86722.4, 0.002], [86722.5, 0.002], [86722.6, 0.003], [86722.7, 0.108], [86722.8, 0.002], [86722.9, 0.004], [86723.0, 0.002]], "timestamp": "2025-12-17T06:48:47.340088+00:00"}, {"symbol": "BTCUSDT", "bids": [[86727.2, 13.234], [86727.1, 0.065], [86727.0, 0.002], [86726.8, 0.002], [86726.7, 0.006], [86726.6, 0.011], [86726.4, 0.005], [86726.3, 0.011], [86725.8, 0.005], [86725.3, 0.006], [86725.2, 0.003], [86725.1, 0.003], [86725.0, 0.004], [86724.8, 0.034], [86724.6, 0.003], [86724.5, 0.002], [86724.4, 0.003], [86724.0, 0.007], [86723.9, 0.002], [86723.7, 0.003]], "asks": [[86727.3, 1.38], [86727.4, 0.007], [86727.5, 0.002], [86727.8, 0.016], [86727.9, 0.005], [86728.0, 0.002], [86728.2, 0.082], [86728.3, 0.002], [86728.4, 0.059], [86728.7, 0.012], [86728.8, 0.002], [86728.9, 0.003], [86729.1, 0.021], [86729.2, 0.002], [86729.3, 0.005], [86729.4, 0.005], [86729.5, 0.27], [86729.7, 0.002], [86729.9, 0.01], [86730.0, 0.002]], "timestamp": "2025-12-17T06:49:38.718091+00:00"}, {"symbol": "BTCUSDT", "bids": [[86728.7, 3.548], [86728.6, 0.002], [86728.2, 0.007], [86728.0, 0.002], [86727.7, 0.002], [86727.6, 0.003], [86727.5, 0.062], [86727.4, 0.002], [86727.3, 0.002], [86727.2, 0.002], [86727.1, 0.005], [86726.9, 0.004], [86726.7, 0.009], [86726.5, 0.004], [86726.3, 0.005], [86726.2, 0.002], [86725.8, 0.071], [86725.7, 0.003], [86725.6, 0.004], [86725.4, 0.002]], "asks": [[86728.8, 4.785], [86728.9, 0.047], [86729.3, 0.197], [86729.6, 0.016], [86729.7, 0.007], [86730.0, 0.006], [86730.1, 0.002], [86730.2, 0.003], [86730.5, 0.118], [86730.8, 0.003], [86730.9, 0.002], [86731.0, 0.002], [86731.1, 0.003], [86731.4, 0.002], [86731.6, 0.006], [86731.7, 0.14], [86731.8, 0.004], [86732.1, 0.062], [86732.3, 0.002], [86732.4, 0.119]], "timestamp": "2025-12-17T06:50:30.567980+00:00"}, {"symbol": "BTCUSDT", "bids": [[86724.0, 4.84], [86723.9, 0.035], [86723.7, 0.002], [86723.5, 0.024], [86723.3, 0.006], [86723.2, 0.003], [86723.1, 0.083], [86723.0, 0.003], [86722.9, 0.056], [86722.8, 0.005], [86722.6, 0.005], [86722.5, 0.002], [86722.4, 0.002], [86722.3, 0.002], [86722.2, 0.006], [86722.1, 0.037], [86722.0, 0.006], [86721.9, 0.119], [86721.7, 0.027], [86721.6, 0.02]], "asks": [[86724.1, 1.859], [86724.2, 0.004], [86724.5, 0.002], [86724.6, 0.002], [86724.7, 0.003], [86724.8, 0.009], [86725.2, 0.003], [86725.3, 0.002], [86725.6, 0.002], [86725.7, 0.002], [86725.9, 0.005], [86726.0, 0.002], [86726.1, 0.003], [86726.2, 0.026], [86726.4, 0.005], [86726.6, 0.004], [86726.7, 0.002], [86726.8, 0.08], [86726.9, 0.003], [86727.1, 0.002]], "timestamp": "2025-12-17T06:51:22.179891+00:00"}, {"symbol": "BTCUSDT", "bids": [[86714.8, 21.508], [86714.7, 0.006], [86714.6, 0.004], [86714.3, 0.116], [86714.1, 0.011], [86714.0, 0.024], [86713.8, 0.002], [86713.6, 0.116], [86713.4, 1.006], [86713.3, 0.007], [86713.2, 0.005], [86713.1, 0.094], [86713.0, 0.003], [86712.9, 0.008], [86712.8, 1.003], [86712.7, 0.646], [86712.6, 0.005], [86712.5, 0.003], [86712.4, 0.006], [86712.0, 0.003]], "asks": [[86714.9, 0.052], [86715.0, 0.279], [86715.2, 0.005], [86715.3, 0.021], [86715.4, 0.003], [86715.8, 0.002], [86716.0, 0.003], [86716.2, 0.002], [86716.5, 0.003], [86716.7, 0.002], [86717.0, 0.007], [86717.2, 0.002], [86717.3, 0.034], [86717.4, 0.005], [86717.5, 0.002], [86717.6, 0.009], [86717.8, 0.002], [86717.9, 0.009], [86718.1, 0.002], [86718.3, 0.01]], "timestamp": "2025-12-17T06:52:13.742731+00:00"}, {"symbol": "BTCUSDT", "bids": [[86720.3, 2.773], [86720.2, 0.006], [86719.8, 0.003], [86719.5, 0.002], [86719.1, 0.003], [86719.0, 0.005], [86718.9, 0.004], [86718.7, 0.039], [86718.6, 0.011], [86718.5, 0.004], [86718.3, 0.003], [86718.1, 0.006], [86718.0, 0.026], [86717.8, 0.004], [86717.6, 0.002], [86717.5, 0.005], [86717.4, 0.005], [86717.0, 0.005], [86716.8, 0.002], [86716.6, 0.005]], "asks": [[86720.4, 11.346], [86720.5, 0.501], [86720.8, 0.003], [86721.3, 0.005], [86721.4, 0.116], [86721.8, 0.087], [86722.0, 0.003], [86722.1, 0.003], [86722.2, 0.127], [86722.3, 0.002], [86722.4, 0.288], [86722.5, 0.003], [86722.9, 0.028], [86723.0, 0.006], [86723.1, 0.121], [86723.2, 0.006], [86723.6, 0.002], [86723.9, 0.211], [86724.0, 0.007], [86724.1, 0.005]], "timestamp": "2025-12-17T06:53:04.992456+00:00"}, {"symbol": "BTCUSDT", "bids": [[86721.2, 8.237], [86721.1, 0.008], [86720.8, 0.003], [86720.7, 0.002], [86720.5, 0.103], [86720.2, 0.005], [86719.7, 0.003], [86719.5, 0.115], [86719.2, 0.006], [86719.1, 0.109], [86719.0, 0.003], [86718.9, 0.004], [86718.6, 0.123], [86718.5, 0.005], [86718.1, 0.005], [86717.9, 0.002], [86717.8, 0.116], [86717.7, 0.027], [86717.6, 0.005], [86717.4, 0.056]], "asks": [[86721.3, 2.922], [86721.4, 0.198], [86721.8, 0.082], [86721.9, 0.064], [86722.0, 0.003], [86722.1, 0.057], [86722.2, 0.002], [86722.3, 0.024], [86722.4, 0.002], [86722.5, 0.003], [86722.7, 0.025], [86723.0, 0.002], [86723.1, 0.002], [86723.2, 0.003], [86723.3, 0.003], [86723.4, 0.178], [86723.5, 0.408], [86723.6, 0.006], [86723.9, 0.005], [86724.0, 0.007]], "timestamp": "2025-12-17T06:53:56.561381+00:00"}, {"symbol": "BTCUSDT", "bids": [[86721.1, 3.974], [86721.0, 0.004], [86720.9, 0.002], [86720.8, 0.003], [86720.5, 0.103], [86720.4, 0.002], [86720.2, 0.005], [86720.0, 0.24], [86719.8, 0.002], [86719.7, 0.005], [86719.6, 0.003], [86719.5, 0.027], [86719.4, 0.005], [86719.3, 0.005], [86719.2, 0.006], [86719.1, 0.008], [86719.0, 0.103], [86718.9, 0.121], [86718.8, 0.003], [86718.6, 0.015]], "asks": [[86721.2, 2.959], [86721.3, 0.005], [86721.5, 0.003], [86721.7, 0.006], [86721.8, 0.104], [86721.9, 0.002], [86722.0, 0.003], [86722.2, 0.002], [86722.3, 0.271], [86722.4, 0.792], [86722.5, 0.003], [86722.7, 0.002], [86723.1, 0.004], [86723.2, 0.013], [86723.3, 0.003], [86723.5, 0.116], [86723.6, 0.026], [86723.7, 0.003], [86723.8, 0.003], [86724.0, 0.074]], "timestamp": "2025-12-17T06:54:47.993925+00:00"}, {"symbol": "BTCUSDT", "bids": [[86726.6, 14.409], [86726.5, 0.009], [86726.4, 0.005], [86726.3, 0.005], [86726.2, 0.005], [86726.0, 0.003], [86725.8, 0.003], [86725.7, 0.003], [86725.6, 0.003], [86725.5, 0.006], [86725.4, 0.005], [86725.0, 0.002], [86724.9, 0.005], [86724.8, 1.155], [86724.7, 0.002], [86724.6, 0.005], [86724.2, 0.003], [86724.1, 0.02], [86724.0, 0.004], [86723.9, 0.002]], "asks": [[86726.7, 3.394], [86726.8, 0.002], [86727.0, 0.018], [86727.1, 0.082], [86727.2, 0.003], [86727.5, 0.002], [86727.6, 0.002], [86728.0, 0.003], [86728.2, 0.002], [86728.3, 0.002], [86728.5, 0.003], [86728.6, 0.003], [86728.7, 0.116], [86728.8, 0.004], [86729.0, 0.003], [86729.1, 0.002], [86729.2, 0.005], [86729.3, 0.095], [86729.4, 0.003], [86729.6, 0.005]], "timestamp": "2025-12-17T06:55:40.183271+00:00"}, {"symbol": "BTCUSDT", "bids": [[86706.8, 2.561], [86706.7, 0.004], [86706.6, 0.005], [86706.3, 0.012], [86706.1, 0.008], [86706.0, 0.002], [86705.8, 0.002], [86705.6, 0.002], [86705.5, 0.003], [86705.2, 0.005], [86705.0, 0.005], [86704.9, 0.002], [86704.8, 0.002], [86704.7, 0.003], [86704.4, 0.003], [86704.1, 0.005], [86703.9, 0.003], [86703.8, 0.002], [86703.6, 0.003], [86703.5, 0.002]], "asks": [[86706.9, 12.623], [86707.0, 0.017], [86707.1, 0.005], [86707.3, 0.003], [86707.4, 0.158], [86707.6, 0.1], [86707.8, 0.005], [86708.0, 0.002], [86708.1, 0.01], [86708.3, 0.002], [86708.4, 0.003], [86708.7, 0.002], [86708.9, 0.003], [86709.1, 0.516], [86709.2, 0.002], [86709.5, 0.002], [86709.6, 0.06], [86709.7, 0.119], [86709.8, 1.994], [86710.0, 0.002]], "timestamp": "2025-12-17T06:56:31.684803+00:00"}, {"symbol": "BTCUSDT", "bids": [[86723.0, 6.278], [86722.9, 0.011], [86722.4, 0.002], [86722.2, 0.003], [86721.7, 0.058], [86721.5, 0.002], [86721.4, 0.022], [86721.3, 0.005], [86721.1, 0.118], [86721.0, 0.003], [86720.8, 0.003], [86720.7, 0.002], [86720.6, 0.003], [86720.4, 0.004], [86720.3, 1.0], [86720.2, 0.003], [86720.1, 0.003], [86720.0, 0.007], [86719.9, 0.002], [86719.7, 0.009]], "asks": [[86723.1, 2.809], [86723.2, 0.011], [86723.4, 0.016], [86723.6, 0.004], [86724.0, 0.11], [86724.5, 0.002], [86724.6, 0.08], [86724.7, 0.009], [86724.8, 0.084], [86724.9, 0.013], [86725.0, 0.002], [86725.1, 0.003], [86725.2, 0.003], [86725.3, 0.002], [86725.7, 0.007], [86726.2, 0.003], [86726.4, 0.003], [86726.5, 0.024], [86726.6, 0.002], [86726.7, 0.009]], "timestamp": "2025-12-17T06:57:23.247753+00:00"}, {"symbol": "BTCUSDT", "bids": [[86740.1, 0.73], [86740.0, 0.025], [86739.6, 0.002], [86739.5, 0.003], [86739.3, 0.004], [86739.0, 0.005], [86738.9, 0.004], [86738.8, 0.003], [86738.7, 0.002], [86738.6, 0.104], [86738.5, 0.002], [86738.4, 0.003], [86738.2, 0.003], [86738.1, 0.003], [86738.0, 0.002], [86737.9, 0.002], [86737.6, 0.003], [86737.5, 0.003], [86737.2, 0.018], [86737.1, 0.008]], "asks": [[86740.2, 6.187], [86740.3, 0.005], [86740.4, 0.003], [86740.5, 0.006], [86740.7, 0.116], [86740.8, 0.12], [86740.9, 0.08], [86741.0, 0.007], [86741.4, 0.002], [86741.7, 0.116], [86741.8, 0.005], [86741.9, 0.005], [86742.0, 0.053], [86742.2, 0.003], [86742.3, 0.003], [86742.7, 0.002], [86742.8, 0.119], [86742.9, 0.002], [86743.0, 0.003], [86743.2, 0.003]], "timestamp": "2025-12-17T06:58:14.530365+00:00"}, {"symbol": "BTCUSDT", "bids": [[86735.0, 1.553], [86734.9, 0.014], [86734.8, 0.003], [86734.1, 0.005], [86734.0, 0.003], [86733.7, 0.002], [86733.6, 0.002], [86733.4, 0.002], [86733.3, 0.003], [86733.2, 0.003], [86733.1, 0.003], [86733.0, 0.008], [86732.8, 0.002], [86732.7, 0.003], [86732.6, 0.002], [86732.4, 0.005], [86732.2, 0.003], [86732.1, 0.002], [86731.9, 0.004], [86731.8, 0.002]], "asks": [[86735.1, 6.811], [86735.2, 0.099], [86735.3, 0.002], [86735.5, 0.119], [86735.8, 0.309], [86735.9, 0.017], [86736.0, 0.006], [86736.1, 0.005], [86736.3, 0.118], [86736.6, 0.04], [86736.9, 0.002], [86737.0, 0.002], [86737.1, 0.003], [86737.2, 0.116], [86737.3, 0.003], [86737.4, 0.002], [86737.5, 0.004], [86737.6, 0.003], [86738.0, 0.116], [86738.1, 0.003]], "timestamp": "2025-12-17T06:59:06.233966+00:00"}, {"symbol": "BTCUSDT", "bids": [[86735.4, 18.346], [86735.3, 0.011], [86735.2, 0.501], [86735.1, 1.002], [86735.0, 0.449], [86734.9, 0.016], [86734.8, 0.121], [86734.5, 0.002], [86734.3, 0.024], [86734.2, 0.089], [86734.1, 0.005], [86734.0, 0.137], [86733.8, 0.032], [86733.7, 0.004], [86733.6, 0.002], [86733.4, 0.002], [86733.3, 0.003], [86733.2, 0.116], [86733.0, 0.005], [86732.8, 0.002]], "asks": [[86735.5, 0.809], [86735.6, 0.002], [86735.8, 0.015], [86736.1, 0.005], [86736.6, 0.005], [86736.9, 0.002], [86737.0, 0.002], [86737.1, 0.003], [86737.3, 0.003], [86737.6, 0.003], [86737.8, 0.017], [86738.0, 0.419], [86738.1, 0.003], [86738.2, 0.002], [86738.4, 0.095], [86738.7, 0.006], [86738.8, 0.08], [86738.9, 0.002], [86739.0, 0.002], [86739.2, 0.005]], "timestamp": "2025-12-17T06:59:57.554748+00:00"}, {"symbol": "BTCUSDT", "bids": [[86730.1, 1.52], [86730.0, 0.002], [86729.7, 0.006], [86729.5, 0.003], [86729.4, 0.037], [86729.1, 0.002], [86729.0, 0.002], [86728.9, 0.034], [86728.8, 0.003], [86728.7, 0.002], [86728.5, 0.059], [86728.3, 0.003], [86728.2, 0.002], [86728.1, 0.003], [86727.8, 0.003], [86727.6, 0.027], [86727.5, 0.003], [86727.3, 0.003], [86727.2, 0.002], [86727.0, 0.005]], "asks": [[86730.2, 13.318], [86730.3, 0.006], [86730.4, 0.007], [86730.9, 0.003], [86731.0, 0.002], [86731.7, 0.003], [86731.8, 0.616], [86731.9, 1.0], [86732.0, 0.051], [86732.1, 0.002], [86732.2, 1.003], [86732.3, 0.153], [86732.5, 0.002], [86732.6, 0.005], [86732.7, 1.0], [86732.9, 0.019], [86733.0, 0.014], [86733.2, 0.007], [86733.3, 0.118], [86733.4, 0.033]], "timestamp": "2025-12-17T07:00:49.215004+00:00"}, {"symbol": "BTCUSDT", "bids": [[86751.2, 6.017], [86751.1, 0.072], [86751.0, 0.004], [86750.8, 0.321], [86750.7, 1.148], [86750.6, 0.004], [86750.5, 0.003], [86750.2, 0.005], [86750.1, 0.116], [86750.0, 0.019], [86749.7, 0.002], [86749.6, 0.003], [86749.3, 0.119], [86749.2, 0.141], [86749.1, 0.568], [86749.0, 0.002], [86748.8, 0.024], [86748.4, 0.119], [86748.3, 0.002], [86748.2, 0.009]], "asks": [[86751.3, 1.578], [86751.4, 0.009], [86751.6, 0.002], [86751.9, 0.003], [86752.1, 0.002], [86752.4, 0.003], [86752.5, 0.004], [86752.7, 0.002], [86752.9, 0.003], [86753.2, 0.003], [86753.4, 0.005], [86753.5, 0.002], [86753.9, 0.034], [86754.0, 0.005], [86754.2, 0.004], [86754.4, 0.008], [86754.5, 0.116], [86754.6, 0.029], [86754.9, 0.01], [86755.0, 0.005]], "timestamp": "2025-12-17T07:01:40.940740+00:00"}, {"symbol": "BTCUSDT", "bids": [[86735.5, 4.357], [86735.4, 0.004], [86735.3, 0.007], [86735.2, 0.013], [86735.0, 0.032], [86734.9, 0.008], [86734.8, 0.013], [86734.5, 0.002], [86734.2, 0.003], [86734.1, 0.002], [86733.7, 0.004], [86733.6, 0.004], [86733.5, 0.015], [86733.4, 0.005], [86733.3, 0.002], [86733.0, 0.002], [86732.9, 0.005], [86732.8, 0.005], [86732.7, 0.003], [86732.3, 0.003]], "asks": [[86735.6, 9.426], [86735.7, 0.021], [86736.2, 0.003], [86736.3, 0.124], [86736.4, 0.2], [86736.6, 0.023], [86736.7, 0.005], [86737.0, 0.002], [86737.2, 0.116], [86737.3, 0.003], [86737.5, 0.002], [86737.6, 0.003], [86737.8, 0.003], [86737.9, 0.002], [86738.0, 0.01], [86738.2, 0.205], [86738.3, 0.003], [86738.4, 0.003], [86738.6, 0.002], [86738.8, 0.005]], "timestamp": "2025-12-17T07:02:32.385149+00:00"}, {"symbol": "BTCUSDT", "bids": [[86734.1, 10.302], [86734.0, 0.122], [86733.5, 0.097], [86733.3, 0.007], [86733.2, 0.116], [86733.0, 0.002], [86732.8, 0.002], [86732.7, 0.003], [86732.6, 0.288], [86732.4, 0.002], [86732.2, 0.013], [86732.1, 0.062], [86731.9, 0.002], [86731.7, 0.119], [86731.5, 0.004], [86731.3, 0.003], [86731.2, 0.003], [86731.0, 0.01], [86730.9, 0.551], [86730.8, 0.118]], "asks": [[86734.2, 2.869], [86734.3, 0.012], [86735.2, 0.006], [86735.3, 0.002], [86735.6, 0.002], [86735.8, 0.003], [86736.0, 0.008], [86736.2, 0.003], [86736.3, 0.003], [86736.5, 0.002], [86736.7, 0.003], [86736.8, 0.008], [86737.0, 0.012], [86737.3, 0.021], [86737.4, 0.162], [86737.5, 0.014], [86737.7, 0.005], [86737.8, 0.002], [86738.1, 0.005], [86738.3, 0.005]], "timestamp": "2025-12-17T07:03:23.825083+00:00"}, {"symbol": "BTCUSDT", "bids": [[86762.0, 11.241], [86761.9, 0.009], [86761.8, 0.002], [86761.6, 0.05], [86761.1, 0.007], [86760.8, 0.061], [86760.6, 0.002], [86760.3, 0.003], [86760.2, 0.002], [86760.1, 0.149], [86760.0, 0.004], [86759.9, 0.003], [86759.8, 0.002], [86759.7, 0.005], [86759.5, 0.008], [86759.4, 0.116], [86759.3, 0.18], [86759.2, 0.35], [86759.1, 0.004], [86759.0, 0.06]], "asks": [[86762.1, 1.806], [86762.2, 0.002], [86762.3, 0.002], [86762.5, 0.016], [86762.6, 0.003], [86762.7, 0.1], [86762.9, 0.017], [86763.0, 1.17], [86763.1, 0.005], [86763.2, 0.119], [86763.5, 0.005], [86763.6, 0.008], [86764.1, 0.003], [86764.2, 0.002], [86764.3, 0.003], [86764.6, 0.002], [86764.7, 0.005], [86764.8, 0.003], [86765.0, 0.248], [86765.1, 0.002]], "timestamp": "2025-12-17T07:04:15.354449+00:00"}, {"symbol": "BTCUSDT", "bids": [[86758.3, 0.003], [86758.1, 0.003], [86757.8, 0.002], [86757.5, 0.013], [86757.4, 0.009], [86757.0, 0.002], [86756.8, 0.004], [86756.7, 0.003], [86756.1, 0.002], [86756.0, 0.008], [86755.9, 0.003], [86755.6, 0.002], [86755.5, 0.057], [86755.3, 0.006], [86755.2, 0.003], [86755.1, 0.009], [86755.0, 0.004], [86754.8, 0.003], [86754.7, 0.006], [86754.6, 0.002]], "asks": [[86758.4, 2.681], [86758.8, 17.148], [86758.9, 1.014], [86759.0, 0.002], [86759.1, 8.717], [86759.2, 0.784], [86759.3, 1.002], [86759.4, 0.639], [86759.5, 0.003], [86760.0, 1.275], [86760.1, 0.996], [86760.2, 0.028], [86760.3, 0.09], [86760.5, 0.003], [86760.7, 0.116], [86761.0, 0.003], [86761.1, 0.684], [86761.3, 0.118], [86761.4, 0.092], [86761.7, 0.006]], "timestamp": "2025-12-17T07:05:07.114412+00:00"}, {"symbol": "BTCUSDT", "bids": [[86781.2, 8.015], [86781.1, 0.009], [86781.0, 0.002], [86780.8, 0.003], [86780.7, 0.002], [86780.6, 0.005], [86780.1, 0.003], [86779.9, 0.006], [86779.7, 0.002], [86779.6, 0.003], [86779.5, 0.018], [86779.4, 0.002], [86779.3, 0.002], [86779.2, 0.003], [86778.9, 0.005], [86778.8, 0.062], [86778.6, 1.118], [86778.4, 0.005], [86778.3, 0.005], [86778.2, 0.005]], "asks": [[86781.3, 6.325], [86781.4, 0.005], [86781.8, 0.005], [86782.0, 0.126], [86782.2, 0.002], [86782.3, 0.003], [86782.4, 0.003], [86782.6, 0.009], [86782.7, 0.027], [86782.8, 0.005], [86783.0, 0.042], [86783.2, 0.003], [86783.3, 0.003], [86783.5, 0.012], [86783.7, 0.003], [86783.8, 0.003], [86783.9, 0.02], [86784.0, 0.004], [86784.1, 0.12], [86784.2, 0.002]], "timestamp": "2025-12-17T07:05:58.691398+00:00"}, {"symbol": "BTCUSDT", "bids": [[86868.6, 4.1], [86868.5, 0.006], [86868.4, 0.003], [86868.0, 0.002], [86867.9, 0.003], [86867.5, 0.004], [86867.3, 0.002], [86867.1, 0.003], [86866.6, 0.011], [86866.5, 0.002], [86866.1, 0.002], [86866.0, 0.004], [86865.9, 0.005], [86865.8, 1.005], [86865.3, 0.005], [86865.1, 0.003], [86865.0, 0.002], [86864.8, 0.005], [86864.7, 0.116], [86864.5, 0.004]], "asks": [[86868.7, 3.392], [86868.8, 0.002], [86869.8, 0.082], [86869.9, 0.017], [86870.5, 0.059], [86870.6, 0.002], [86870.7, 0.014], [86871.5, 0.166], [86871.6, 1.08], [86871.7, 0.043], [86872.5, 0.039], [86872.6, 0.002], [86872.9, 0.002], [86873.3, 0.003], [86873.4, 0.116], [86873.5, 0.225], [86873.6, 1.002], [86873.7, 0.048], [86873.8, 0.004], [86873.9, 0.002]], "timestamp": "2025-12-17T07:06:50.104199+00:00"}, {"symbol": "BTCUSDT", "bids": [[86848.4, 4.003], [86848.3, 0.002], [86848.0, 0.007], [86847.8, 0.004], [86847.5, 0.004], [86847.3, 0.003], [86846.8, 0.003], [86846.6, 0.002], [86846.5, 0.004], [86846.4, 0.003], [86846.3, 0.003], [86845.8, 0.003], [86845.7, 0.002], [86845.6, 0.003], [86845.2, 0.007], [86845.1, 0.006], [86845.0, 0.013], [86844.8, 0.002], [86844.7, 0.118], [86844.6, 0.057]], "asks": [[86848.5, 7.218], [86848.6, 0.004], [86848.7, 0.022], [86848.8, 0.086], [86850.0, 0.002], [86850.8, 0.003], [86850.9, 0.075], [86851.6, 0.003], [86851.8, 0.011], [86851.9, 0.002], [86852.1, 0.003], [86852.6, 0.003], [86852.7, 0.002], [86853.0, 0.002], [86853.4, 0.008], [86853.6, 0.002], [86854.0, 0.002], [86854.1, 0.003], [86854.2, 0.087], [86854.3, 0.284]], "timestamp": "2025-12-17T07:07:41.527704+00:00"}, {"symbol": "BTCUSDT", "bids": [[86772.7, 11.629], [86772.6, 0.008], [86772.2, 0.016], [86771.6, 0.141], [86771.5, 0.003], [86771.3, 0.006], [86771.1, 0.024], [86770.9, 0.003], [86770.8, 0.282], [86770.7, 0.868], [86770.6, 0.171], [86770.5, 0.021], [86770.4, 0.002], [86770.3, 0.003], [86770.0, 0.002], [86769.9, 0.005], [86769.8, 0.176], [86769.7, 0.002], [86769.4, 0.041], [86769.3, 0.022]], "asks": [[86772.8, 1.177], [86772.9, 0.004], [86773.1, 0.005], [86773.6, 0.003], [86773.7, 0.002], [86774.1, 0.005], [86774.3, 0.003], [86774.4, 0.002], [86774.8, 0.006], [86774.9, 0.002], [86775.0, 0.006], [86775.1, 0.002], [86775.3, 0.005], [86775.4, 0.044], [86775.5, 0.003], [86775.7, 0.002], [86775.8, 0.002], [86775.9, 0.018], [86776.0, 0.002], [86776.1, 0.002]], "timestamp": "2025-12-17T07:08:33.376689+00:00"}, {"symbol": "BTCUSDT", "bids": [[86787.5, 4.65], [86787.4, 0.004], [86787.3, 0.003], [86787.0, 0.002], [86786.9, 0.002], [86786.8, 0.119], [86786.7, 0.002], [86786.6, 0.102], [86786.5, 0.012], [86786.4, 0.004], [86786.3, 0.003], [86786.2, 0.006], [86786.1, 0.002], [86786.0, 0.116], [86785.8, 0.005], [86785.7, 0.024], [86785.6, 0.003], [86785.4, 0.002], [86785.3, 0.003], [86785.2, 0.363]], "asks": [[86787.6, 1.151], [86787.7, 0.025], [86787.8, 0.018], [86788.0, 0.023], [86788.1, 0.003], [86788.3, 0.016], [86788.4, 0.017], [86788.6, 0.003], [86789.0, 0.002], [86789.1, 0.003], [86789.3, 0.075], [86789.4, 0.058], [86789.6, 0.005], [86789.8, 0.102], [86789.9, 0.003], [86790.0, 0.002], [86790.3, 0.031], [86790.4, 0.056], [86790.7, 0.024], [86790.9, 0.084]], "timestamp": "2025-12-17T07:09:25.980656+00:00"}, {"symbol": "BTCUSDT", "bids": [[86754.4, 2.833], [86754.3, 0.005], [86754.2, 0.002], [86753.8, 0.003], [86753.6, 0.011], [86753.3, 0.003], [86752.8, 0.06], [86752.7, 0.01], [86752.6, 0.002], [86752.5, 0.005], [86752.3, 0.003], [86752.0, 0.008], [86751.8, 0.017], [86751.7, 0.116], [86751.6, 0.002], [86751.5, 0.041], [86751.3, 0.008], [86751.2, 0.02], [86751.1, 0.002], [86751.0, 0.118]], "asks": [[86754.5, 8.211], [86754.6, 0.006], [86755.0, 0.003], [86755.1, 0.047], [86755.2, 0.05], [86755.5, 0.003], [86756.0, 0.003], [86756.3, 0.002], [86756.4, 0.002], [86756.5, 0.006], [86756.8, 0.002], [86757.0, 0.003], [86757.2, 0.688], [86757.3, 0.003], [86757.5, 0.005], [86757.6, 0.118], [86758.1, 0.003], [86758.3, 0.003], [86758.4, 0.026], [86758.8, 0.003]], "timestamp": "2025-12-17T07:10:17.798662+00:00"}, {"symbol": "BTCUSDT", "bids": [[86649.9, 3.08], [86649.8, 0.122], [86649.6, 0.002], [86649.2, 0.256], [86648.6, 0.116], [86648.4, 0.005], [86648.3, 0.057], [86648.1, 0.002], [86648.0, 0.003], [86647.9, 0.003], [86647.8, 0.116], [86647.7, 0.006], [86647.6, 0.002], [86647.2, 0.003], [86647.0, 0.119], [86646.9, 0.002], [86646.6, 0.047], [86646.5, 0.003], [86646.3, 0.116], [86646.2, 0.002]], "asks": [[86650.0, 2.741], [86650.1, 0.03], [86650.2, 0.007], [86650.5, 0.003], [86650.6, 0.014], [86650.8, 0.003], [86651.0, 0.002], [86651.5, 0.003], [86651.6, 0.002], [86651.8, 0.002], [86651.9, 0.022], [86652.0, 0.014], [86652.1, 0.003], [86652.3, 0.002], [86652.5, 0.102], [86652.7, 0.005], [86652.8, 0.037], [86652.9, 0.003], [86653.0, 0.004], [86653.2, 0.002]], "timestamp": "2025-12-17T07:11:09.096425+00:00"}, {"symbol": "BTCUSDT", "bids": [[86687.4, 1.526], [86687.3, 0.004], [86687.2, 0.002], [86686.7, 0.002], [86686.6, 0.005], [86686.5, 0.003], [86686.2, 0.021], [86686.1, 0.003], [86685.8, 0.002], [86685.6, 0.003], [86685.5, 0.002], [86685.4, 0.003], [86685.1, 0.005], [86685.0, 0.006], [86684.9, 0.005], [86684.6, 0.007], [86684.2, 0.002], [86684.1, 0.006], [86684.0, 0.006], [86683.7, 0.002]], "asks": [[86687.5, 14.543], [86687.6, 0.636], [86688.0, 0.057], [86688.3, 0.002], [86688.5, 0.003], [86688.7, 1.0], [86688.8, 0.012], [86688.9, 0.377], [86689.0, 0.086], [86689.1, 0.003], [86689.2, 1.002], [86689.3, 0.034], [86689.5, 0.119], [86689.7, 0.005], [86690.0, 0.002], [86690.1, 0.002], [86690.2, 0.003], [86690.3, 0.119], [86690.6, 0.002], [86690.8, 0.003]], "timestamp": "2025-12-17T07:12:00.577195+00:00"}, {"symbol": "BTCUSDT", "bids": [[86718.5, 1.56], [86718.4, 0.004], [86718.1, 0.002], [86717.9, 0.003], [86717.2, 0.019], [86717.1, 0.002], [86716.8, 0.059], [86716.7, 0.005], [86716.5, 0.003], [86716.4, 0.006], [86716.3, 0.002], [86716.2, 0.003], [86716.1, 0.002], [86715.9, 0.002], [86715.8, 0.034], [86715.7, 0.003], [86715.6, 0.002], [86715.5, 0.004], [86715.4, 0.002], [86715.3, 0.003]], "asks": [[86718.6, 4.581], [86718.7, 0.004], [86719.0, 0.056], [86719.1, 0.019], [86719.2, 0.002], [86719.6, 0.005], [86719.9, 0.052], [86720.0, 0.045], [86720.1, 0.076], [86720.2, 0.012], [86720.4, 0.002], [86720.5, 0.002], [86720.6, 0.08], [86720.7, 0.003], [86720.8, 0.01], [86721.0, 0.007], [86721.2, 0.003], [86721.3, 0.118], [86721.4, 0.005], [86721.5, 0.005]], "timestamp": "2025-12-17T07:12:52.019160+00:00"}, {"symbol": "BTCUSDT", "bids": [[86664.5, 11.183], [86664.4, 0.008], [86664.1, 0.002], [86663.7, 0.002], [86663.6, 0.057], [86663.2, 0.004], [86662.9, 0.002], [86662.7, 0.002], [86662.6, 0.003], [86662.5, 0.003], [86662.2, 0.002], [86662.1, 0.003], [86661.8, 0.011], [86661.7, 0.003], [86661.5, 0.005], [86661.4, 0.002], [86661.2, 0.116], [86661.0, 0.005], [86660.9, 0.003], [86660.8, 0.006]], "asks": [[86664.6, 5.077], [86664.7, 0.002], [86664.8, 0.05], [86664.9, 0.037], [86665.4, 0.003], [86665.5, 0.074], [86665.6, 0.05], [86665.7, 0.002], [86665.8, 0.002], [86665.9, 0.003], [86666.1, 0.139], [86666.2, 0.645], [86666.3, 0.015], [86666.4, 0.003], [86666.5, 0.007], [86666.6, 0.002], [86666.7, 0.002], [86666.9, 0.003], [86667.1, 0.002], [86667.2, 0.102]], "timestamp": "2025-12-17T07:13:43.615877+00:00"}, {"symbol": "BTCUSDT", "bids": [[86629.7, 5.427], [86629.6, 0.006], [86629.0, 0.002], [86628.5, 0.002], [86628.0, 0.002], [86627.9, 0.002], [86627.8, 0.002], [86627.7, 0.003], [86627.6, 0.002], [86627.3, 0.215], [86627.1, 0.003], [86626.9, 0.119], [86626.8, 0.027], [86626.6, 0.002], [86626.5, 0.003], [86626.4, 0.002], [86626.1, 0.005], [86626.0, 0.003], [86625.9, 0.689], [86625.8, 0.222]], "asks": [[86629.8, 4.732], [86629.9, 0.015], [86630.6, 0.017], [86630.7, 0.018], [86630.8, 0.083], [86631.0, 0.002], [86631.4, 0.009], [86631.5, 0.002], [86631.6, 0.002], [86631.8, 0.002], [86631.9, 0.006], [86632.0, 0.002], [86632.1, 0.002], [86632.2, 0.059], [86632.3, 0.002], [86632.4, 0.003], [86632.6, 0.056], [86632.7, 0.005], [86632.9, 0.003], [86633.0, 0.002]], "timestamp": "2025-12-17T07:14:35.315268+00:00"}, {"symbol": "BTCUSDT", "bids": [[86639.3, 2.162], [86639.2, 0.041], [86638.9, 0.002], [86638.5, 0.002], [86638.3, 0.16], [86638.2, 1.0], [86638.0, 0.002], [86637.3, 0.003], [86637.2, 0.002], [86637.1, 0.002], [86636.6, 0.063], [86636.5, 0.003], [86636.4, 0.045], [86636.3, 0.061], [86636.0, 0.005], [86635.7, 0.003], [86635.5, 0.003], [86635.4, 0.002], [86635.3, 0.002], [86635.0, 0.002]], "asks": [[86639.4, 4.575], [86639.5, 0.006], [86639.7, 0.005], [86639.8, 0.004], [86639.9, 0.003], [86640.1, 0.006], [86640.2, 0.002], [86640.4, 0.003], [86640.5, 0.104], [86640.6, 0.005], [86640.7, 0.002], [86640.8, 0.002], [86640.9, 0.003], [86641.0, 0.002], [86641.2, 0.002], [86641.4, 0.008], [86641.7, 0.258], [86641.9, 0.129], [86642.1, 0.031], [86642.2, 0.002]], "timestamp": "2025-12-17T07:15:26.957952+00:00"}, {"symbol": "BTCUSDT", "bids": [[86663.0, 16.421], [86662.9, 0.012], [86662.8, 0.002], [86662.2, 0.104], [86661.9, 0.002], [86661.8, 0.064], [86661.7, 0.246], [86661.5, 0.004], [86661.2, 0.002], [86661.1, 0.005], [86661.0, 0.142], [86660.6, 0.002], [86660.5, 0.003], [86660.2, 0.003], [86660.1, 0.002], [86660.0, 0.002], [86659.9, 0.024], [86659.8, 0.011], [86659.5, 0.116], [86659.2, 0.002]], "asks": [[86663.1, 0.028], [86663.2, 0.024], [86663.6, 0.004], [86663.7, 0.003], [86663.8, 0.002], [86664.0, 0.002], [86664.3, 0.003], [86664.6, 0.002], [86664.8, 0.003], [86664.9, 0.002], [86665.0, 0.002], [86665.2, 0.003], [86665.3, 0.003], [86665.4, 0.002], [86665.7, 0.002], [86665.8, 0.002], [86665.9, 0.002], [86666.0, 0.006], [86666.2, 0.003], [86666.3, 0.002]], "timestamp": "2025-12-17T07:16:18.485742+00:00"}, {"symbol": "BTCUSDT", "bids": [[86633.2, 11.693], [86633.1, 0.079], [86633.0, 0.003], [86632.9, 0.396], [86632.8, 0.003], [86632.7, 0.009], [86632.6, 0.005], [86632.5, 0.119], [86632.4, 0.011], [86632.3, 0.003], [86632.1, 0.002], [86632.0, 0.004], [86631.9, 0.004], [86631.7, 0.116], [86631.6, 0.002], [86631.4, 0.04], [86631.3, 0.037], [86631.2, 0.003], [86631.1, 0.002], [86630.8, 0.003]], "asks": [[86633.3, 2.92], [86633.4, 0.009], [86633.6, 0.002], [86634.0, 0.002], [86634.1, 0.005], [86634.6, 0.005], [86634.8, 0.002], [86635.0, 0.002], [86635.2, 0.005], [86635.3, 0.003], [86635.4, 0.017], [86635.7, 0.003], [86635.8, 0.005], [86636.0, 0.009], [86636.1, 0.104], [86636.3, 0.002], [86636.4, 0.006], [86636.6, 0.006], [86636.8, 0.005], [86636.9, 0.003]], "timestamp": "2025-12-17T07:17:10.157362+00:00"}, {"symbol": "BTCUSDT", "bids": [[86644.7, 5.068], [86644.6, 0.169], [86644.5, 0.028], [86644.4, 0.003], [86644.3, 0.003], [86644.2, 0.003], [86644.1, 0.003], [86644.0, 0.003], [86643.9, 0.003], [86643.8, 0.003], [86643.7, 0.005], [86643.2, 0.002], [86643.0, 0.002], [86642.8, 0.003], [86642.6, 0.116], [86642.5, 0.003], [86642.4, 0.004], [86642.3, 0.003], [86642.0, 0.002], [86641.9, 0.116]], "asks": [[86644.8, 2.455], [86644.9, 0.006], [86645.0, 0.004], [86645.1, 0.003], [86645.3, 0.006], [86645.4, 0.002], [86645.5, 0.171], [86645.6, 0.003], [86645.7, 0.002], [86646.0, 0.08], [86646.1, 0.005], [86646.5, 0.006], [86646.6, 0.006], [86647.1, 0.002], [86647.3, 0.006], [86647.4, 0.002], [86647.6, 0.002], [86648.1, 0.009], [86648.2, 0.022], [86648.5, 0.003]], "timestamp": "2025-12-17T07:18:01.533223+00:00"}, {"symbol": "BTCUSDT", "bids": [[86593.3, 3.461], [86593.2, 0.002], [86593.1, 0.003], [86593.0, 0.009], [86592.8, 0.004], [86592.6, 0.031], [86592.5, 0.041], [86592.2, 0.002], [86592.1, 0.003], [86592.0, 0.002], [86591.9, 0.004], [86591.7, 0.003], [86591.6, 0.017], [86591.3, 0.005], [86591.1, 0.005], [86590.7, 0.002], [86590.6, 0.006], [86590.4, 0.007], [86590.3, 0.023], [86590.1, 0.003]], "asks": [[86593.4, 7.393], [86593.5, 0.09], [86594.1, 0.002], [86594.2, 0.003], [86594.4, 0.013], [86594.5, 0.002], [86594.6, 0.086], [86594.7, 0.057], [86595.2, 0.002], [86595.4, 0.003], [86595.5, 0.003], [86595.6, 0.002], [86595.8, 0.006], [86596.0, 0.027], [86596.2, 0.003], [86596.4, 0.002], [86596.5, 0.003], [86596.6, 0.28], [86597.0, 0.006], [86597.5, 0.121]], "timestamp": "2025-12-17T07:18:53.182972+00:00"}, {"symbol": "BTCUSDT", "bids": [[86567.1, 7.422], [86567.0, 0.048], [86566.9, 0.005], [86566.3, 0.004], [86565.9, 0.002], [86565.1, 0.003], [86565.0, 0.004], [86564.6, 0.111], [86564.4, 0.005], [86564.3, 0.002], [86564.1, 0.011], [86563.8, 0.057], [86563.6, 0.003], [86563.4, 0.002], [86563.3, 0.002], [86563.1, 0.005], [86563.0, 0.003], [86562.6, 0.026], [86562.3, 0.003], [86562.1, 0.134]], "asks": [[86567.2, 4.933], [86567.3, 0.002], [86567.5, 0.005], [86567.6, 0.002], [86568.0, 0.055], [86568.1, 0.002], [86568.4, 0.012], [86568.5, 0.006], [86568.9, 0.019], [86569.0, 0.002], [86569.1, 0.003], [86569.2, 0.03], [86569.3, 0.002], [86569.5, 0.002], [86569.6, 0.005], [86569.7, 0.104], [86569.8, 0.008], [86570.0, 0.003], [86570.1, 0.082], [86570.2, 0.116]], "timestamp": "2025-12-17T07:19:44.543792+00:00"}, {"symbol": "BTCUSDT", "bids": [[86585.3, 0.75], [86585.2, 0.002], [86585.0, 0.002], [86584.8, 0.002], [86584.7, 0.002], [86584.1, 0.002], [86583.8, 0.002], [86583.6, 0.057], [86583.3, 0.003], [86583.2, 0.002], [86582.6, 0.002], [86582.3, 0.007], [86582.2, 0.003], [86582.1, 0.018], [86581.6, 0.004], [86581.5, 0.006], [86581.3, 0.002], [86580.9, 0.006], [86580.6, 0.002], [86580.5, 0.002]], "asks": [[86585.4, 6.703], [86585.5, 0.005], [86585.8, 0.003], [86586.0, 0.003], [86586.2, 0.038], [86586.3, 0.121], [86586.5, 0.003], [86586.6, 0.002], [86586.9, 0.002], [86587.0, 0.007], [86587.4, 0.163], [86587.5, 0.121], [86587.6, 0.08], [86587.8, 0.093], [86588.0, 0.005], [86588.1, 0.011], [86588.3, 0.116], [86588.4, 0.005], [86588.8, 0.121], [86588.9, 0.303]], "timestamp": "2025-12-17T07:20:36.341944+00:00"}, {"symbol": "BTCUSDT", "bids": [[86587.5, 13.04], [86587.4, 0.967], [86587.3, 0.006], [86586.9, 0.003], [86586.5, 0.002], [86586.4, 0.015], [86586.3, 0.008], [86585.9, 0.01], [86585.8, 0.002], [86585.7, 0.002], [86585.5, 0.039], [86585.4, 0.03], [86585.2, 0.006], [86585.0, 0.014], [86584.9, 0.005], [86584.8, 0.002], [86584.7, 0.002], [86584.6, 0.003], [86584.5, 0.011], [86584.4, 0.005]], "asks": [[86587.6, 0.224], [86587.7, 0.005], [86588.0, 0.002], [86588.4, 0.002], [86588.6, 0.003], [86588.9, 0.019], [86589.0, 0.002], [86589.1, 0.005], [86589.2, 0.002], [86589.3, 0.002], [86589.5, 0.003], [86589.7, 0.003], [86590.0, 0.003], [86590.1, 0.002], [86590.2, 0.003], [86590.5, 0.003], [86590.7, 0.121], [86590.8, 0.026], [86591.0, 0.082], [86591.1, 0.003]], "timestamp": "2025-12-17T07:21:28.134662+00:00"}, {"symbol": "BTCUSDT", "bids": [[86643.1, 9.44], [86643.0, 0.076], [86642.9, 0.14], [86642.7, 0.003], [86642.4, 0.002], [86642.3, 0.006], [86642.2, 0.003], [86641.7, 0.003], [86641.6, 0.116], [86641.5, 0.283], [86641.2, 0.003], [86641.1, 0.005], [86640.9, 0.002], [86640.8, 0.116], [86640.6, 0.008], [86640.3, 0.003], [86640.0, 0.121], [86639.9, 0.053], [86639.8, 0.006], [86639.7, 0.077]], "asks": [[86643.2, 0.963], [86643.3, 0.004], [86643.4, 0.024], [86643.9, 0.003], [86644.0, 0.002], [86644.5, 0.005], [86644.7, 0.002], [86645.0, 0.008], [86645.2, 0.005], [86645.6, 0.002], [86645.7, 0.006], [86646.0, 0.005], [86646.1, 0.003], [86646.4, 0.005], [86646.5, 0.002], [86646.7, 0.086], [86646.8, 0.003], [86646.9, 0.005], [86647.3, 0.002], [86647.6, 0.009]], "timestamp": "2025-12-17T07:22:19.504328+00:00"}, {"symbol": "BTCUSDT", "bids": [[86673.4, 6.529], [86673.3, 0.097], [86673.2, 0.01], [86672.8, 0.046], [86672.7, 0.005], [86672.6, 0.006], [86672.3, 0.024], [86672.1, 0.003], [86672.0, 0.01], [86671.9, 0.002], [86671.8, 0.206], [86671.7, 0.173], [86671.6, 0.005], [86671.3, 0.003], [86671.1, 0.003], [86670.9, 1.221], [86670.8, 0.002], [86670.7, 0.116], [86670.5, 0.03], [86670.0, 0.159]], "asks": [[86673.5, 0.146], [86673.6, 0.012], [86673.9, 0.003], [86674.1, 0.002], [86674.4, 0.005], [86674.5, 0.004], [86674.9, 0.003], [86675.0, 0.006], [86675.1, 0.017], [86675.3, 0.002], [86675.4, 0.003], [86675.7, 0.002], [86675.8, 0.014], [86675.9, 0.066], [86676.0, 0.036], [86676.1, 0.072], [86676.2, 0.09], [86676.3, 0.14], [86676.4, 0.051], [86676.5, 0.056]], "timestamp": "2025-12-17T07:23:11.274390+00:00"}, {"symbol": "BTCUSDT", "bids": [[86664.7, 2.778], [86664.6, 0.008], [86664.2, 0.005], [86663.4, 0.003], [86663.3, 0.002], [86663.2, 0.004], [86663.0, 0.002], [86662.9, 0.003], [86662.7, 0.007], [86662.6, 0.004], [86662.4, 0.005], [86662.3, 0.003], [86662.2, 0.004], [86662.0, 0.002], [86661.9, 0.006], [86661.8, 0.002], [86661.6, 0.006], [86661.5, 0.002], [86661.4, 0.003], [86661.2, 0.003]], "asks": [[86664.8, 7.243], [86664.9, 0.172], [86665.0, 0.002], [86665.3, 0.003], [86665.5, 0.011], [86665.7, 0.116], [86665.8, 0.002], [86666.0, 0.003], [86666.1, 0.08], [86666.4, 0.023], [86666.5, 0.011], [86666.8, 0.116], [86666.9, 0.141], [86667.0, 0.003], [86667.3, 0.002], [86667.5, 0.119], [86667.6, 0.005], [86667.7, 0.003], [86667.9, 0.36], [86668.1, 0.005]], "timestamp": "2025-12-17T07:24:02.927527+00:00"}, {"symbol": "BTCUSDT", "bids": [[86673.4, 5.389], [86673.3, 0.063], [86672.9, 0.003], [86672.7, 0.002], [86672.6, 0.035], [86672.5, 0.002], [86672.3, 0.003], [86672.2, 0.005], [86672.1, 0.006], [86672.0, 0.005], [86671.9, 0.01], [86671.8, 0.02], [86671.7, 0.011], [86671.6, 0.005], [86671.4, 0.002], [86671.0, 0.006], [86670.9, 0.008], [86670.8, 0.002], [86670.6, 0.002], [86670.4, 0.005]], "asks": [[86673.5, 0.119], [86673.6, 0.012], [86674.1, 0.01], [86674.4, 0.002], [86674.5, 0.017], [86674.6, 0.006], [86674.9, 0.002], [86675.1, 0.002], [86675.4, 0.003], [86675.5, 0.003], [86675.9, 0.003], [86676.4, 0.006], [86676.5, 0.002], [86676.7, 0.002], [86677.0, 0.003], [86677.2, 0.003], [86677.3, 0.08], [86677.4, 0.002], [86677.5, 0.005], [86677.9, 0.037]], "timestamp": "2025-12-17T07:24:54.419294+00:00"}, {"symbol": "BTCUSDT", "bids": [[86666.5, 3.729], [86666.4, 0.004], [86666.3, 0.059], [86666.0, 0.003], [86665.5, 0.003], [86665.0, 0.011], [86664.6, 0.002], [86664.5, 0.003], [86664.4, 0.003], [86664.1, 0.002], [86664.0, 0.006], [86663.9, 0.002], [86663.6, 0.014], [86663.5, 0.003], [86663.2, 0.002], [86663.0, 0.003], [86662.9, 0.002], [86662.8, 0.003], [86662.7, 0.002], [86662.5, 0.005]], "asks": [[86666.6, 5.087], [86666.7, 0.082], [86667.1, 0.005], [86667.2, 0.116], [86667.5, 0.002], [86667.7, 0.003], [86667.8, 0.074], [86667.9, 0.033], [86668.0, 0.004], [86668.2, 0.003], [86668.3, 0.118], [86668.4, 0.028], [86668.6, 0.003], [86668.8, 0.002], [86669.0, 0.123], [86669.2, 0.005], [86669.4, 0.002], [86669.5, 0.002], [86669.6, 0.003], [86669.7, 0.002]], "timestamp": "2025-12-17T07:25:45.919905+00:00"}, {"symbol": "BTCUSDT", "bids": [[86656.4, 5.734], [86656.3, 0.063], [86656.2, 0.003], [86656.1, 0.086], [86656.0, 0.392], [86655.9, 0.01], [86655.8, 0.016], [86655.7, 0.003], [86655.6, 0.034], [86655.4, 0.006], [86655.3, 0.116], [86655.2, 0.003], [86655.0, 0.006], [86654.9, 0.024], [86654.8, 0.002], [86654.7, 0.003], [86654.6, 0.116], [86654.5, 0.002], [86654.4, 0.003], [86654.1, 0.003]], "asks": [[86656.5, 0.598], [86656.6, 0.012], [86656.7, 0.002], [86657.0, 0.003], [86657.5, 0.003], [86657.9, 0.004], [86658.0, 0.011], [86658.4, 0.029], [86658.5, 0.003], [86658.6, 0.012], [86658.8, 0.002], [86659.2, 0.003], [86659.3, 0.005], [86659.4, 0.017], [86659.5, 0.003], [86659.6, 0.002], [86659.8, 0.003], [86659.9, 0.002], [86660.0, 0.005], [86660.3, 0.003]], "timestamp": "2025-12-17T07:26:37.448073+00:00"}, {"symbol": "BTCUSDT", "bids": [[86708.6, 5.444], [86708.5, 0.004], [86708.1, 0.005], [86707.8, 0.002], [86707.6, 0.013], [86706.8, 0.003], [86706.6, 0.003], [86706.4, 0.002], [86706.1, 0.005], [86706.0, 0.002], [86705.8, 0.005], [86705.6, 0.003], [86705.3, 0.103], [86705.2, 0.826], [86705.1, 0.239], [86705.0, 0.008], [86704.7, 0.002], [86704.6, 0.006], [86704.2, 0.009], [86704.1, 0.059]], "asks": [[86708.7, 3.566], [86708.8, 0.009], [86709.0, 0.003], [86709.5, 0.004], [86709.6, 0.057], [86709.7, 0.002], [86709.9, 0.003], [86710.0, 0.118], [86710.3, 0.125], [86710.4, 0.102], [86710.5, 0.025], [86710.6, 0.002], [86710.8, 0.116], [86711.0, 0.003], [86711.1, 0.006], [86711.4, 0.029], [86711.5, 0.002], [86711.6, 0.116], [86711.8, 0.003], [86711.9, 0.003]], "timestamp": "2025-12-17T07:27:29.176589+00:00"}, {"symbol": "BTCUSDT", "bids": [[86694.7, 2.583], [86694.6, 0.002], [86694.5, 0.002], [86694.4, 0.002], [86694.1, 0.003], [86694.0, 0.002], [86693.7, 0.005], [86693.6, 0.003], [86693.3, 0.059], [86693.2, 0.002], [86693.1, 0.003], [86692.8, 0.002], [86692.5, 0.008], [86692.3, 0.044], [86691.9, 0.005], [86691.8, 0.002], [86691.7, 0.005], [86691.6, 0.015], [86691.5, 0.002], [86691.4, 0.003]], "asks": [[86694.8, 9.747], [86694.9, 0.015], [86695.2, 1.022], [86695.3, 0.08], [86695.8, 0.002], [86696.0, 0.003], [86696.2, 0.002], [86696.3, 0.285], [86696.5, 1.003], [86696.6, 1.027], [86696.7, 0.008], [86696.8, 0.003], [86697.0, 0.007], [86697.1, 0.116], [86697.2, 0.8], [86697.3, 0.006], [86697.4, 0.002], [86697.5, 0.002], [86697.6, 0.003], [86697.7, 0.003]], "timestamp": "2025-12-17T07:28:20.865287+00:00"}, {"symbol": "BTCUSDT", "bids": [[86685.6, 4.434], [86685.5, 0.009], [86685.0, 0.059], [86684.8, 0.003], [86684.7, 0.006], [86684.6, 0.005], [86684.3, 0.003], [86684.2, 0.002], [86684.1, 0.002], [86684.0, 0.002], [86683.7, 0.002], [86683.6, 0.003], [86683.5, 0.003], [86683.3, 0.002], [86683.2, 0.002], [86683.1, 0.003], [86683.0, 0.004], [86682.8, 0.003], [86682.6, 0.004], [86682.5, 0.005]], "asks": [[86685.7, 10.062], [86685.8, 0.008], [86686.1, 0.195], [86686.2, 0.004], [86686.3, 0.016], [86686.6, 0.002], [86686.7, 0.118], [86687.4, 0.006], [86687.5, 0.003], [86687.7, 0.003], [86687.8, 1.0], [86687.9, 0.082], [86688.0, 0.064], [86688.1, 0.922], [86688.2, 0.002], [86688.3, 0.005], [86688.4, 0.01], [86688.5, 0.002], [86688.6, 0.003], [86688.7, 0.003]], "timestamp": "2025-12-17T07:29:12.477375+00:00"}, {"symbol": "BTCUSDT", "bids": [[86690.8, 4.567], [86690.7, 0.004], [86690.6, 0.044], [86690.5, 0.003], [86690.0, 0.003], [86689.8, 0.013], [86689.7, 0.002], [86689.6, 0.004], [86689.5, 0.003], [86689.3, 0.02], [86689.2, 0.002], [86689.1, 0.003], [86688.9, 0.002], [86688.8, 0.06], [86688.7, 0.003], [86688.4, 0.002], [86688.2, 0.002], [86688.1, 0.005], [86688.0, 0.044], [86687.9, 0.003]], "asks": [[86690.9, 7.562], [86691.0, 0.568], [86691.4, 0.016], [86691.6, 0.002], [86691.8, 0.802], [86691.9, 0.002], [86692.3, 0.002], [86692.5, 0.005], [86692.6, 0.119], [86693.0, 0.003], [86693.1, 0.003], [86693.5, 0.003], [86693.6, 0.772], [86693.7, 0.002], [86693.8, 0.003], [86693.9, 0.003], [86694.3, 0.008], [86694.5, 0.002], [86694.6, 0.006], [86694.9, 0.118]], "timestamp": "2025-12-17T07:30:03.964308+00:00"}, {"symbol": "BTCUSDT", "bids": [[86762.7, 10.365], [86762.6, 0.15], [86762.1, 0.003], [86761.9, 0.002], [86761.8, 0.002], [86761.6, 0.003], [86761.5, 0.002], [86761.2, 0.002], [86761.1, 0.002], [86760.9, 0.002], [86760.8, 0.014], [86760.7, 0.006], [86760.6, 0.002], [86760.2, 0.002], [86760.0, 0.062], [86759.9, 0.119], [86759.7, 0.23], [86759.6, 0.038], [86759.3, 0.167], [86759.2, 0.173]], "asks": [[86762.8, 1.438], [86762.9, 0.007], [86763.2, 0.082], [86763.3, 0.02], [86763.4, 0.014], [86763.7, 0.002], [86763.9, 0.011], [86764.0, 0.002], [86764.1, 0.084], [86764.2, 0.008], [86764.3, 0.002], [86764.4, 0.003], [86764.5, 0.024], [86764.6, 0.208], [86764.7, 0.064], [86764.8, 0.002], [86764.9, 0.003], [86765.0, 0.004], [86765.1, 0.003], [86765.2, 0.005]], "timestamp": "2025-12-17T07:30:55.323122+00:00"}, {"symbol": "BTCUSDT", "bids": [[86821.3, 12.385], [86821.2, 0.015], [86821.0, 0.002], [86820.6, 0.005], [86820.4, 0.116], [86820.1, 0.006], [86819.9, 0.107], [86819.8, 0.181], [86819.7, 0.002], [86819.5, 0.003], [86819.3, 0.124], [86818.8, 0.002], [86818.5, 0.181], [86818.4, 0.002], [86818.2, 0.193], [86818.1, 0.002], [86818.0, 0.004], [86817.9, 0.003], [86817.8, 0.119], [86817.5, 0.002]], "asks": [[86821.4, 1.304], [86821.5, 0.002], [86821.6, 0.002], [86821.7, 0.004], [86821.8, 0.007], [86821.9, 0.003], [86822.3, 0.08], [86822.4, 0.009], [86822.7, 0.002], [86822.9, 0.003], [86823.0, 0.002], [86823.1, 0.002], [86823.4, 0.073], [86823.5, 0.06], [86823.6, 0.002], [86823.8, 0.003], [86823.9, 0.018], [86824.0, 0.121], [86824.4, 0.009], [86824.6, 0.003]], "timestamp": "2025-12-17T07:31:47.849148+00:00"}, {"symbol": "BTCUSDT", "bids": [[86803.5, 0.137], [86803.4, 0.01], [86803.3, 0.012], [86803.2, 0.002], [86802.9, 0.003], [86802.8, 0.004], [86802.6, 0.003], [86802.4, 0.003], [86801.9, 0.003], [86801.8, 0.003], [86801.7, 0.002], [86801.4, 0.003], [86801.2, 0.005], [86801.1, 0.002], [86801.0, 0.008], [86800.9, 0.003], [86800.6, 0.004], [86800.5, 0.08], [86800.4, 0.003], [86800.2, 0.003]], "asks": [[86803.6, 11.13], [86803.7, 1.352], [86803.8, 1.0], [86803.9, 0.002], [86804.1, 0.002], [86804.4, 0.006], [86804.5, 0.367], [86804.6, 0.02], [86804.7, 1.0], [86804.8, 0.375], [86804.9, 0.002], [86805.0, 0.164], [86805.1, 0.005], [86805.2, 0.116], [86805.5, 0.008], [86805.6, 0.053], [86806.6, 0.002], [86806.8, 0.006], [86807.1, 0.15], [86807.3, 0.003]], "timestamp": "2025-12-17T07:32:40.534990+00:00"}, {"symbol": "BTCUSDT", "bids": [[86846.1, 26.069], [86846.0, 0.205], [86845.9, 0.124], [86845.8, 0.002], [86845.7, 0.005], [86845.5, 0.022], [86845.4, 0.002], [86845.1, 0.005], [86844.9, 0.002], [86844.6, 0.003], [86844.1, 0.002], [86843.9, 0.119], [86843.8, 0.003], [86843.3, 0.003], [86843.1, 0.003], [86842.9, 0.002], [86842.8, 0.009], [86842.3, 0.006], [86842.0, 0.002], [86841.9, 0.006]], "asks": [[86846.2, 0.011], [86846.3, 0.002], [86846.7, 0.003], [86847.1, 0.002], [86847.2, 0.003], [86847.7, 0.003], [86847.8, 0.002], [86848.0, 0.003], [86848.2, 0.003], [86848.7, 0.003], [86848.8, 0.003], [86849.0, 0.008], [86849.1, 0.002], [86849.3, 0.003], [86849.4, 0.003], [86849.5, 0.006], [86849.7, 0.002], [86849.8, 0.006], [86849.9, 0.002], [86850.0, 0.084]], "timestamp": "2025-12-17T07:33:31.928187+00:00"}, {"symbol": "BTCUSDT", "bids": [[86910.0, 3.199], [86909.9, 0.009], [86909.7, 0.032], [86909.6, 0.05], [86909.4, 0.003], [86909.2, 0.002], [86909.0, 0.004], [86908.9, 0.003], [86908.8, 0.052], [86908.5, 0.057], [86908.4, 0.002], [86908.2, 0.003], [86908.0, 0.003], [86907.9, 0.002], [86907.8, 0.003], [86907.7, 0.007], [86907.6, 0.007], [86907.5, 0.002], [86907.4, 0.002], [86907.2, 0.003]], "asks": [[86910.1, 3.324], [86910.2, 0.09], [86910.4, 0.002], [86910.9, 0.086], [86911.0, 0.142], [86911.5, 0.002], [86911.7, 0.002], [86911.9, 0.117], [86912.1, 0.005], [86912.3, 0.013], [86912.9, 0.003], [86913.0, 0.004], [86913.2, 0.049], [86913.3, 0.065], [86913.4, 0.002], [86913.5, 0.002], [86913.7, 0.003], [86913.9, 0.07], [86914.1, 0.002], [86914.4, 0.002]], "timestamp": "2025-12-17T07:34:23.686508+00:00"}, {"symbol": "BTCUSDT", "bids": [[87037.1, 10.731], [87037.0, 4.819], [87036.9, 2.648], [87036.7, 3.607], [87036.6, 2.444], [87036.5, 2.633], [87036.4, 9.167], [87036.3, 3.761], [87036.1, 2.438], [87035.9, 1.297], [87035.8, 1.199], [87035.6, 0.242], [87035.5, 0.254], [87035.3, 2.596], [87035.2, 5.222], [87034.9, 0.149], [87034.8, 0.003], [87034.7, 0.149], [87034.6, 0.16], [87034.4, 2.69]], "asks": [[87037.2, 0.229], [87037.4, 2.521], [87037.6, 0.015], [87037.7, 1.157], [87038.0, 0.334], [87038.1, 0.002], [87038.2, 0.406], [87038.3, 0.1], [87038.4, 0.642], [87038.5, 0.005], [87038.7, 0.003], [87038.9, 0.289], [87039.0, 0.017], [87039.4, 0.003], [87039.5, 0.003], [87039.6, 0.178], [87039.7, 0.005], [87039.9, 0.003], [87040.0, 0.006], [87040.3, 0.003]], "timestamp": "2025-12-17T07:35:15.006301+00:00"}, {"symbol": "BTCUSDT", "bids": [[87002.4, 15.355], [87002.3, 3.305], [87002.2, 0.149], [87002.1, 1.415], [87002.0, 4.093], [87001.8, 0.192], [87001.6, 0.699], [87001.5, 1.849], [87001.4, 0.003], [87001.3, 1.662], [87001.2, 0.279], [87001.1, 1.523], [87001.0, 1.523], [87000.9, 0.003], [87000.8, 0.12], [87000.6, 1.735], [87000.5, 2.192], [87000.4, 0.118], [87000.3, 1.013], [87000.0, 1.687]], "asks": [[87002.5, 0.716], [87003.0, 0.007], [87003.2, 0.003], [87003.3, 0.004], [87003.4, 0.057], [87003.5, 0.003], [87003.9, 0.003], [87004.0, 0.002], [87004.3, 0.003], [87004.7, 0.003], [87004.8, 0.002], [87005.0, 0.004], [87005.2, 0.006], [87005.7, 0.003], [87005.8, 0.002], [87006.0, 0.003], [87006.2, 0.003], [87006.3, 0.004], [87006.4, 0.002], [87006.5, 0.014]], "timestamp": "2025-12-17T07:36:06.448589+00:00"}, {"symbol": "BTCUSDT", "bids": [[86981.4, 0.151], [86981.3, 0.005], [86981.1, 0.003], [86980.7, 0.003], [86980.6, 0.006], [86980.5, 0.009], [86980.4, 0.009], [86980.3, 0.003], [86980.0, 0.005], [86979.7, 0.002], [86979.2, 0.484], [86979.0, 0.01], [86978.8, 0.014], [86978.6, 0.002], [86978.5, 0.006], [86978.4, 0.002], [86978.3, 0.007], [86978.2, 0.002], [86978.0, 2.773], [86977.9, 0.004]], "asks": [[86981.5, 15.286], [86981.6, 0.008], [86981.7, 0.002], [86981.8, 0.298], [86983.0, 0.005], [86983.1, 1.0], [86983.2, 0.075], [86983.4, 0.003], [86983.5, 0.003], [86983.6, 0.002], [86983.8, 0.035], [86984.0, 0.016], [86984.1, 0.011], [86984.3, 0.395], [86984.4, 1.598], [86984.5, 0.004], [86984.6, 0.023], [86984.7, 1.0], [86984.8, 0.038], [86985.0, 0.122]], "timestamp": "2025-12-17T07:36:58.373659+00:00"}, {"symbol": "BTCUSDT", "bids": [[86952.6, 0.296], [86952.5, 0.002], [86952.3, 0.003], [86952.2, 0.01], [86951.9, 0.019], [86951.8, 0.007], [86951.3, 0.003], [86951.0, 0.004], [86950.8, 0.003], [86950.7, 0.005], [86950.6, 0.003], [86950.3, 0.007], [86950.1, 0.142], [86950.0, 0.602], [86949.8, 0.006], [86949.7, 0.023], [86949.6, 0.002], [86949.4, 0.002], [86949.3, 0.003], [86949.2, 0.002]], "asks": [[86952.7, 11.922], [86952.8, 0.01], [86953.0, 0.002], [86953.1, 0.002], [86953.3, 0.003], [86953.5, 0.061], [86953.6, 0.002], [86953.8, 0.005], [86953.9, 0.004], [86954.0, 0.003], [86954.3, 0.002], [86954.4, 0.035], [86954.6, 0.002], [86954.7, 0.005], [86954.9, 0.003], [86955.0, 0.002], [86955.2, 0.058], [86955.3, 0.034], [86955.4, 0.003], [86955.6, 0.167]], "timestamp": "2025-12-17T07:37:49.905272+00:00"}, {"symbol": "BTCUSDT", "bids": [[86949.9, 3.745], [86949.8, 0.002], [86949.7, 0.003], [86949.6, 0.008], [86949.3, 0.019], [86949.2, 0.029], [86949.1, 0.003], [86949.0, 0.002], [86948.8, 0.002], [86948.7, 0.001], [86948.5, 0.003], [86948.4, 0.002], [86948.1, 0.002], [86948.0, 0.003], [86947.9, 0.003], [86947.5, 0.005], [86947.1, 0.003], [86946.9, 0.002], [86946.8, 0.005], [86946.6, 0.002]], "asks": [[86950.0, 4.131], [86950.1, 0.005], [86950.4, 0.002], [86950.5, 0.002], [86950.6, 0.003], [86950.9, 0.002], [86951.1, 0.005], [86951.4, 0.005], [86951.7, 0.02], [86951.8, 0.002], [86951.9, 0.014], [86952.0, 0.003], [86952.1, 0.005], [86952.2, 0.116], [86952.3, 0.002], [86952.5, 0.002], [86952.6, 0.197], [86952.7, 0.12], [86952.8, 0.002], [86952.9, 0.007]], "timestamp": "2025-12-17T07:38:41.236125+00:00"}, {"symbol": "BTCUSDT", "bids": [[86977.9, 2.904], [86977.8, 0.512], [86977.5, 0.512], [86977.4, 0.512], [86977.3, 0.78], [86976.8, 0.531], [86976.7, 1.109], [86976.6, 0.749], [86976.5, 3.205], [86976.4, 0.011], [86976.3, 0.131], [86976.2, 1.059], [86976.1, 1.059], [86976.0, 3.875], [86975.9, 0.013], [86975.8, 0.172], [86975.7, 0.207], [86975.6, 0.003], [86975.5, 0.026], [86975.4, 0.263]], "asks": [[86978.0, 0.002], [86978.2, 0.005], [86978.3, 0.003], [86978.4, 0.011], [86978.6, 0.028], [86978.7, 0.002], [86978.8, 0.003], [86979.0, 0.228], [86979.3, 0.003], [86979.5, 0.025], [86979.6, 0.021], [86979.7, 0.011], [86979.8, 0.016], [86979.9, 0.053], [86980.0, 0.014], [86980.3, 0.003], [86980.4, 0.006], [86980.5, 0.002], [86980.6, 0.011], [86980.8, 0.007]], "timestamp": "2025-12-17T07:39:33.427607+00:00"}, {"symbol": "BTCUSDT", "bids": [[86980.0, 3.25], [86979.9, 0.015], [86979.5, 0.002], [86979.4, 0.059], [86979.2, 0.052], [86979.1, 0.003], [86979.0, 0.003], [86978.8, 0.002], [86978.5, 0.003], [86978.4, 0.05], [86978.3, 0.002], [86978.2, 0.052], [86978.1, 0.005], [86977.9, 0.005], [86977.8, 0.044], [86977.6, 0.011], [86977.4, 0.008], [86977.2, 0.004], [86977.1, 0.003], [86977.0, 0.004]], "asks": [[86980.1, 4.85], [86980.2, 0.02], [86980.5, 0.115], [86980.6, 0.003], [86980.7, 0.017], [86981.1, 0.003], [86981.3, 0.115], [86981.6, 0.003], [86981.7, 0.229], [86981.8, 0.168], [86982.1, 0.006], [86982.2, 0.115], [86982.3, 0.059], [86982.6, 0.003], [86982.9, 0.003], [86983.0, 0.002], [86983.1, 0.198], [86983.5, 0.002], [86983.6, 0.005], [86983.7, 0.003]], "timestamp": "2025-12-17T07:40:24.962248+00:00"}, {"symbol": "BTCUSDT", "bids": [[86993.0, 3.972], [86992.9, 0.013], [86992.5, 0.003], [86992.2, 0.002], [86991.9, 0.003], [86991.8, 0.002], [86991.3, 0.005], [86991.2, 0.002], [86991.0, 0.003], [86990.8, 0.006], [86990.7, 0.007], [86990.2, 0.006], [86990.1, 0.002], [86990.0, 0.004], [86989.5, 0.003], [86989.4, 0.003], [86989.2, 0.012], [86989.1, 0.008], [86989.0, 0.002], [86988.9, 0.17]], "asks": [[86993.1, 4.832], [86993.2, 0.006], [86993.3, 0.002], [86993.4, 0.002], [86993.5, 1.869], [86993.9, 0.003], [86994.0, 0.728], [86994.1, 0.002], [86994.3, 0.002], [86994.5, 0.005], [86994.6, 0.005], [86995.0, 0.005], [86995.1, 0.115], [86995.2, 0.003], [86995.5, 0.005], [86995.6, 0.003], [86995.7, 0.002], [86996.0, 0.005], [86996.1, 0.242], [86996.2, 0.117]], "timestamp": "2025-12-17T07:41:16.494397+00:00"}, {"symbol": "BTCUSDT", "bids": [[87009.6, 10.024], [87009.5, 0.036], [87009.4, 0.004], [87009.1, 0.003], [87008.9, 0.006], [87008.8, 0.05], [87008.6, 0.003], [87008.3, 0.059], [87008.1, 0.003], [87007.6, 0.018], [87007.5, 0.002], [87007.4, 0.02], [87007.1, 0.003], [87006.8, 0.003], [87006.6, 0.234], [87006.5, 0.003], [87006.2, 0.005], [87006.0, 0.003], [87005.7, 0.117], [87005.6, 0.011]], "asks": [[87009.7, 2.906], [87009.8, 0.006], [87010.0, 0.052], [87010.2, 0.003], [87010.4, 0.024], [87010.5, 0.002], [87011.1, 0.003], [87011.3, 0.012], [87011.6, 0.002], [87011.7, 0.003], [87011.8, 0.004], [87011.9, 0.049], [87012.0, 0.005], [87012.2, 0.003], [87012.5, 0.003], [87012.8, 0.005], [87013.1, 0.003], [87013.3, 0.006], [87013.4, 0.002], [87013.5, 0.002]], "timestamp": "2025-12-17T07:42:08.052783+00:00"}, {"symbol": "BTCUSDT", "bids": [[86995.7, 1.858], [86995.6, 0.007], [86995.4, 0.002], [86995.1, 0.003], [86994.8, 0.002], [86994.5, 0.04], [86994.4, 0.12], [86994.3, 0.002], [86994.0, 0.01], [86993.8, 0.002], [86993.7, 0.118], [86993.6, 0.007], [86993.5, 0.002], [86993.4, 0.002], [86993.3, 0.002], [86993.1, 0.005], [86992.9, 0.118], [86992.6, 0.003], [86992.5, 0.011], [86992.4, 0.003]], "asks": [[86995.8, 3.846], [86995.9, 0.088], [86996.1, 0.003], [86996.5, 0.002], [86996.6, 0.049], [86996.7, 0.002], [86997.1, 0.003], [86997.2, 0.023], [86997.3, 0.002], [86997.6, 0.005], [86997.7, 0.002], [86997.8, 0.003], [86998.2, 0.112], [86998.3, 0.135], [86998.4, 0.004], [86998.5, 0.057], [86998.6, 0.003], [86998.8, 0.003], [86998.9, 0.023], [86999.0, 0.002]], "timestamp": "2025-12-17T07:42:59.741740+00:00"}, {"symbol": "BTCUSDT", "bids": [[87007.4, 2.693], [87007.3, 0.002], [87007.1, 0.003], [87007.0, 0.004], [87006.8, 0.003], [87006.6, 0.002], [87006.5, 0.002], [87006.4, 0.002], [87006.3, 0.003], [87006.2, 0.005], [87005.9, 0.004], [87005.8, 0.003], [87005.7, 0.002], [87005.5, 0.003], [87005.3, 0.005], [87005.2, 0.006], [87005.1, 0.092], [87005.0, 0.408], [87004.9, 0.003], [87004.8, 0.003]], "asks": [[87007.5, 4.038], [87007.6, 0.006], [87008.0, 0.022], [87008.4, 0.034], [87008.6, 0.003], [87009.1, 0.003], [87009.4, 0.002], [87009.5, 0.003], [87009.6, 0.003], [87010.0, 0.012], [87010.1, 0.003], [87010.2, 0.004], [87010.3, 0.003], [87010.5, 0.002], [87010.6, 0.003], [87011.1, 0.015], [87011.2, 0.172], [87011.4, 0.004], [87011.5, 0.002], [87011.7, 0.035]], "timestamp": "2025-12-17T07:43:51.238660+00:00"}, {"symbol": "BTCUSDT", "bids": [[86965.8, 6.435], [86965.7, 0.01], [86965.3, 0.002], [86965.0, 0.105], [86964.9, 0.663], [86964.8, 0.002], [86964.6, 0.003], [86964.4, 0.003], [86963.9, 0.003], [86963.8, 0.003], [86963.5, 0.002], [86963.4, 0.003], [86963.2, 0.002], [86963.1, 0.157], [86963.0, 0.261], [86962.8, 0.003], [86962.7, 0.346], [86962.5, 0.003], [86962.2, 0.002], [86962.1, 0.002]], "asks": [[86965.9, 14.627], [86966.0, 0.006], [86966.1, 0.022], [86966.3, 0.097], [86966.6, 0.003], [86966.7, 0.02], [86966.9, 0.002], [86967.0, 0.004], [86967.1, 0.003], [86967.4, 0.117], [86967.5, 0.031], [86967.6, 0.005], [86967.7, 0.007], [86967.8, 0.004], [86967.9, 0.01], [86968.0, 0.002], [86968.2, 0.002], [86968.4, 0.003], [86968.6, 0.003], [86968.7, 0.002]], "timestamp": "2025-12-17T07:44:43.342005+00:00"}, {"symbol": "BTCUSDT", "bids": [[86969.5, 4.129], [86969.4, 0.004], [86969.2, 0.009], [86969.1, 0.004], [86968.9, 0.002], [86968.8, 0.008], [86968.7, 0.002], [86968.6, 0.003], [86968.5, 0.01], [86968.3, 0.002], [86968.2, 0.003], [86968.1, 0.003], [86968.0, 0.01], [86967.9, 0.002], [86967.8, 0.014], [86967.6, 0.118], [86967.5, 0.002], [86967.4, 0.002], [86967.2, 0.003], [86967.0, 0.042]], "asks": [[86969.6, 3.057], [86969.7, 0.004], [86969.8, 0.025], [86970.4, 0.052], [86970.5, 0.003], [86970.6, 0.017], [86970.7, 0.118], [86970.9, 0.002], [86971.0, 0.003], [86971.1, 0.174], [86971.3, 0.002], [86971.4, 0.002], [86971.5, 0.003], [86971.6, 0.003], [86971.7, 0.002], [86971.8, 0.002], [86972.0, 0.003], [86972.3, 0.017], [86972.4, 0.057], [86972.6, 0.002]], "timestamp": "2025-12-17T07:45:35.811452+00:00"}, {"symbol": "BTCUSDT", "bids": [[86973.7, 0.798], [86973.6, 0.002], [86973.1, 0.003], [86972.6, 0.005], [86972.5, 0.002], [86971.9, 0.003], [86971.7, 0.002], [86971.6, 0.002], [86971.5, 0.022], [86971.4, 0.006], [86971.0, 0.042], [86970.9, 0.058], [86970.8, 0.002], [86970.4, 0.005], [86970.3, 0.005], [86970.0, 0.006], [86969.9, 0.014], [86969.7, 0.002], [86969.6, 0.008], [86969.5, 0.005]], "asks": [[86973.8, 9.687], [86973.9, 0.126], [86974.1, 0.016], [86974.2, 0.057], [86974.4, 0.003], [86975.0, 0.003], [86975.1, 0.002], [86975.4, 0.285], [86975.6, 0.126], [86975.7, 0.023], [86975.8, 0.023], [86976.0, 0.002], [86976.1, 0.559], [86976.2, 0.032], [86976.4, 0.115], [86976.5, 1.216], [86976.6, 0.006], [86976.9, 0.049], [86977.0, 0.004], [86977.1, 0.003]], "timestamp": "2025-12-17T07:46:27.513970+00:00"}, {"symbol": "BTCUSDT", "bids": [[86962.7, 3.302], [86962.6, 0.087], [86962.5, 0.17], [86962.4, 0.017], [86962.2, 0.205], [86961.9, 0.002], [86961.8, 0.005], [86961.5, 0.01], [86961.4, 0.002], [86961.3, 0.003], [86961.2, 0.011], [86961.0, 0.004], [86960.9, 0.004], [86960.8, 0.005], [86960.6, 0.003], [86960.5, 0.055], [86960.2, 0.002], [86960.1, 0.005], [86960.0, 0.002], [86959.8, 0.045]], "asks": [[86962.8, 2.493], [86962.9, 0.096], [86963.0, 0.084], [86963.1, 0.055], [86963.2, 0.048], [86963.3, 0.046], [86963.4, 0.045], [86963.5, 0.044], [86963.6, 0.009], [86963.7, 0.032], [86963.9, 0.002], [86964.0, 0.003], [86964.3, 0.059], [86964.5, 0.016], [86964.6, 0.005], [86964.8, 0.005], [86965.0, 0.005], [86965.1, 0.003], [86965.2, 0.013], [86965.5, 0.138]], "timestamp": "2025-12-17T07:47:19.233501+00:00"}, {"symbol": "BTCUSDT", "bids": [[86907.7, 5.333], [86907.6, 0.44], [86907.5, 0.395], [86907.4, 0.005], [86907.3, 0.002], [86906.6, 0.002], [86906.0, 0.002], [86905.8, 0.002], [86905.7, 0.003], [86905.6, 0.002], [86905.5, 0.002], [86905.3, 0.002], [86905.2, 0.003], [86905.0, 0.002], [86904.9, 0.002], [86904.8, 0.002], [86904.7, 1.542], [86904.6, 0.105], [86904.5, 0.003], [86904.4, 0.044]], "asks": [[86907.8, 2.147], [86907.9, 0.002], [86908.0, 0.053], [86908.3, 0.038], [86908.5, 0.003], [86908.7, 0.008], [86908.8, 0.05], [86909.0, 0.005], [86909.1, 0.002], [86909.2, 0.002], [86909.4, 0.005], [86909.5, 0.005], [86909.6, 0.002], [86909.8, 0.005], [86910.0, 0.004], [86910.2, 0.008], [86910.3, 0.209], [86910.4, 0.002], [86910.5, 0.004], [86910.7, 0.011]], "timestamp": "2025-12-17T07:48:10.645354+00:00"}, {"symbol": "BTCUSDT", "bids": [[86907.3, 7.336], [86907.1, 3.226], [86907.0, 4.601], [86906.8, 0.804], [86906.6, 0.003], [86906.2, 0.004], [86906.0, 0.004], [86905.9, 0.005], [86905.8, 0.305], [86905.3, 0.002], [86905.2, 0.805], [86905.1, 0.468], [86905.0, 0.183], [86904.9, 0.006], [86904.7, 0.003], [86904.6, 0.059], [86904.3, 0.28], [86904.2, 0.154], [86904.1, 0.076], [86904.0, 0.004]], "asks": [[86907.4, 2.136], [86907.9, 0.003], [86908.0, 0.003], [86908.1, 1.436], [86908.8, 0.003], [86909.0, 0.002], [86909.2, 0.002], [86909.3, 0.003], [86909.8, 0.003], [86910.0, 0.013], [86910.3, 0.003], [86910.4, 0.002], [86910.5, 0.004], [86910.7, 0.005], [86910.8, 0.003], [86911.1, 0.005], [86911.3, 0.002], [86911.6, 0.005], [86911.8, 0.002], [86912.1, 0.003]], "timestamp": "2025-12-17T07:49:02.218964+00:00"}, {"symbol": "BTCUSDT", "bids": [[86926.8, 7.73], [86926.7, 0.006], [86926.5, 0.002], [86926.2, 0.002], [86925.8, 0.002], [86925.3, 0.003], [86925.2, 0.023], [86925.1, 0.03], [86925.0, 0.004], [86924.9, 0.002], [86924.8, 0.006], [86924.6, 0.11], [86924.5, 0.002], [86924.4, 0.002], [86924.3, 0.003], [86924.1, 0.002], [86924.0, 0.003], [86923.8, 0.007], [86923.7, 0.118], [86923.6, 0.002]], "asks": [[86926.9, 0.998], [86927.0, 0.002], [86927.1, 0.003], [86927.3, 0.002], [86927.4, 0.059], [86927.6, 0.003], [86927.7, 0.002], [86927.8, 0.002], [86928.1, 0.003], [86928.3, 0.011], [86928.4, 0.004], [86928.6, 0.003], [86928.8, 0.002], [86928.9, 0.005], [86929.0, 0.002], [86929.1, 0.006], [86929.2, 0.039], [86929.5, 0.046], [86929.6, 0.018], [86929.7, 0.036]], "timestamp": "2025-12-17T07:49:53.809860+00:00"}