[{"id": "3019738689", "price": 86045.5, "amount": 0.117, "side": "buy", "timestamp": 1766014876397}, {"id": "3019738690", "price": 86045.6, "amount": 0.002, "side": "buy", "timestamp": 1766014876397}, {"id": "3019738691", "price": 86045.7, "amount": 0.015, "side": "buy", "timestamp": 1766014876397}, {"id": "3019738692", "price": 86045.8, "amount": 0.002, "side": "buy", "timestamp": 1766014876397}, {"id": "3019738693", "price": 86045.9, "amount": 0.003, "side": "buy", "timestamp": 1766014876397}, {"id": "3019738694", "price": 86046.0, "amount": 0.002, "side": "buy", "timestamp": 1766014876397}, {"id": "3019738695", "price": 86046.3, "amount": 0.117, "side": "buy", "timestamp": 1766014876397}, {"id": "3019738696", "price": 86046.5, "amount": 0.002, "side": "buy", "timestamp": 1766014876397}, {"id": "3019738697", "price": 86046.7, "amount": 0.024, "side": "buy", "timestamp": 1766014876397}, {"id": "3019738698", "price": 86046.8, "amount": 0.004, "side": "buy", "timestamp": 1766014876397}, {"id": "3019738699", "price": 86046.9, "amount": 0.002, "side": "buy", "timestamp": 1766014876397}, {"id": "3019738700", "price": 86047.0, "amount": 0.125, "side": "buy", "timestamp": 1766014876397}, {"id": "3019738701", "price": 86047.1, "amount": 0.003, "side": "buy", "timestamp": 1766014876397}, {"id": "3019738702", "price": 86047.3, "amount": 0.002, "side": "buy", "timestamp": 1766014876397}, {"id": "3019738703", "price": 86047.4, "amount": 0.005, "side": "buy", "timestamp": 1766014876397}, {"id": "3019738704", "price": 86047.5, "amount": 0.002, "side": "buy", "timestamp": 1766014876397}, {"id": "3019738705", "price": 86047.6, "amount": 0.004, "side": "buy", "timestamp": 1766014876397}, {"id": "3019738706", "price": 86047.7, "amount": 0.006, "side": "buy", "timestamp": 1766014876397}, {"id": "3019738707", "price": 86047.8, "amount": 0.002, "side": "buy", "timestamp": 1766014876397}, {"id": "3019738708", "price": 86047.9, "amount": 0.003, "side": "buy", "timestamp": 1766014876397}, {"id": "3019738709", "price": 86048.0, "amount": 0.117, "side": "buy", "timestamp": 1766014876397}, {"id": "3019738710", "price": 86048.1, "amount": 0.06, "side": "buy", "timestamp": 1766014876397}, {"id": "3019738711", "price": 86048.2, "amount": 0.002, "side": "buy", "timestamp": 1766014876397}, {"id": "3019738712", "price": 86048.3, "amount": 0.002, "side": "buy", "timestamp": 1766014876397}, {"id": "3019738713", "price": 86048.5, "amount": 0.02, "side": "buy", "timestamp": 1766014876397}, {"id": "3019738714", "price": 86048.6, "amount": 0.006, "side": "buy", "timestamp": 1766014876397}, {"id": "3019738715", "price": 86048.7, "amount": 0.132, "side": "buy", "timestamp": 1766014876397}, {"id": "3019738716", "price": 86048.8, "amount": 0.002, "side": "buy", "timestamp": 1766014876397}, {"id": "3019738717", "price": 86048.9, "amount": 0.371, "side": "buy", "timestamp": 1766014876397}, {"id": "3019738718", "price": 86049.0, "amount": 0.037, "side": "buy", "timestamp": 1766014876397}, {"id": "3019738719", "price": 86049.1, "amount": 0.179, "side": "buy", "timestamp": 1766014876397}, {"id": "3019738720", "price": 86049.2, "amount": 0.872, "side": "buy", "timestamp": 1766014876397}, {"id": "3019738721", "price": 86049.3, "amount": 0.003, "side": "buy", "timestamp": 1766014876397}, {"id": "3019738722", "price": 86049.4, "amount": 0.35, "side": "buy", "timestamp": 1766014876397}, {"id": "3019738723", "price": 86049.5, "amount": 0.002, "side": "buy", "timestamp": 1766014876397}, {"id": "3019738724", "price": 86049.6, "amount": 0.02, "side": "buy", "timestamp": 1766014876397}, {"id": "3019738725", "price": 86049.7, "amount": 0.027, "side": "buy", "timestamp": 1766014876397}, {"id": "3019738726", "price": 86049.8, "amount": 0.03, "side": "buy", "timestamp": 1766014876397}, {"id": "3019738727", "price": 86049.9, "amount": 0.133, "side": "buy", "timestamp": 1766014876397}, {"id": "3019738728", "price": 86050.0, "amount": 0.032, "side": "buy", "timestamp": 1766014876397}, {"id": "3019738729", "price": 86050.1, "amount": 0.177, "side": "buy", "timestamp": 1766014876397}, {"id": "3019738730", "price": 86050.2, "amount": 0.002, "side": "buy", "timestamp": 1766014876397}, {"id": "3019738731", "price": 86050.3, "amount": 0.078, "side": "buy", "timestamp": 1766014876397}, {"id": "3019738732", "price": 86050.4, "amount": 0.1, "side": "buy", "timestamp": 1766014876397}, {"id": "3019738733", "price": 86050.5, "amount": 0.103, "side": "buy", "timestamp": 1766014876397}, {"id": "3019738734", "price": 86050.6, "amount": 0.114, "side": "buy", "timestamp": 1766014876397}, {"id": "3019738735", "price": 86050.8, "amount": 0.035, "side": "buy", "timestamp": 1766014876397}, {"id": "3019738736", "price": 86050.7, "amount": 0.008, "side": "sell", "timestamp": 1766014876464}, {"id": "3019738737", "price": 86050.7, "amount": 0.006, "side": "sell", "timestamp": 1766014876843}, {"id": "3019738738", "price": 86050.8, "amount": 0.004, "side": "buy", "timestamp": 1766014877232}, {"id": "3019739197", "price": 86058.1, "amount": 0.004, "side": "buy", "timestamp": 1766014929149}, {"id": "3019739198", "price": 86058.3, "amount": 0.002, "side": "buy", "timestamp": 1766014929149}, {"id": "3019739199", "price": 86058.4, "amount": 1.0, "side": "buy", "timestamp": 1766014929149}, {"id": "3019739200", "price": 86058.5, "amount": 0.809, "side": "buy", "timestamp": 1766014929149}, {"id": "3019739201", "price": 86058.6, "amount": 0.301, "side": "buy", "timestamp": 1766014929149}, {"id": "3019739202", "price": 86058.5, "amount": 0.01, "side": "sell", "timestamp": 1766014929213}, {"id": "3019739203", "price": 86058.5, "amount": 1.448, "side": "sell", "timestamp": 1766014929371}, {"id": "3019739204", "price": 86058.4, "amount": 0.004, "side": "sell", "timestamp": 1766014929374}, {"id": "3019739205", "price": 86058.3, "amount": 0.002, "side": "sell", "timestamp": 1766014929374}, {"id": "3019739206", "price": 86058.0, "amount": 0.002, "side": "sell", "timestamp": 1766014929374}, {"id": "3019739207", "price": 86057.9, "amount": 0.002, "side": "sell", "timestamp": 1766014929374}, {"id": "3019739208", "price": 86057.8, "amount": 0.002, "side": "sell", "timestamp": 1766014929374}, {"id": "3019739209", "price": 86057.4, "amount": 0.002, "side": "sell", "timestamp": 1766014929374}, {"id": "3019739210", "price": 86057.3, "amount": 0.002, "side": "sell", "timestamp": 1766014929374}, {"id": "3019739211", "price": 86057.1, "amount": 0.008, "side": "sell", "timestamp": 1766014929593}, {"id": "3019739212", "price": 86057.2, "amount": 0.058, "side": "buy", "timestamp": 1766014930502}, {"id": "3019739213", "price": 86057.2, "amount": 5.501, "side": "buy", "timestamp": 1766014931604}, {"id": "3019739214", "price": 86057.3, "amount": 0.007, "side": "buy", "timestamp": 1766014931629}, {"id": "3019739215", "price": 86057.3, "amount": 0.002, "side": "buy", "timestamp": 1766014931787}, {"id": "3019739216", "price": 86057.3, "amount": 0.002, "side": "buy", "timestamp": 1766014932619}, {"id": "3019739217", "price": 86057.2, "amount": 0.038, "side": "sell", "timestamp": 1766014933496}, {"id": "3019739218", "price": 86057.3, "amount": 0.069, "side": "buy", "timestamp": 1766014934157}, {"id": "3019739219", "price": 86057.2, "amount": 0.604, "side": "sell", "timestamp": 1766014934593}, {"id": "3019739220", "price": 86057.3, "amount": 0.116, "side": "buy", "timestamp": 1766014934939}, {"id": "3019739221", "price": 86057.3, "amount": 0.165, "side": "buy", "timestamp": 1766014935203}, {"id": "3019739222", "price": 86057.3, "amount": 0.002, "side": "buy", "timestamp": 1766014935409}, {"id": "3019739223", "price": 86057.2, "amount": 0.14, "side": "sell", "timestamp": 1766014935792}, {"id": "3019739224", "price": 86057.3, "amount": 0.178, "side": "buy", "timestamp": 1766014936317}, {"id": "3019739225", "price": 86057.4, "amount": 0.004, "side": "buy", "timestamp": 1766014936317}, {"id": "3019739226", "price": 86057.8, "amount": 0.002, "side": "buy", "timestamp": 1766014936317}, {"id": "3019739227", "price": 86058.0, "amount": 0.002, "side": "buy", "timestamp": 1766014936317}, {"id": "3019739228", "price": 86058.3, "amount": 0.002, "side": "buy", "timestamp": 1766014936317}, {"id": "3019739229", "price": 86058.5, "amount": 0.8, "side": "buy", "timestamp": 1766014936317}, {"id": "3019739230", "price": 86058.6, "amount": 0.499, "side": "buy", "timestamp": 1766014936317}, {"id": "3019739231", "price": 86058.7, "amount": 0.206, "side": "buy", "timestamp": 1766014936317}, {"id": "3019739232", "price": 86058.8, "amount": 0.077, "side": "buy", "timestamp": 1766014936318}, {"id": "3019739233", "price": 86059.0, "amount": 0.04, "side": "buy", "timestamp": 1766014936325}, {"id": "3019739234", "price": 86059.3, "amount": 0.008, "side": "buy", "timestamp": 1766014936330}, {"id": "3019739235", "price": 86059.2, "amount": 0.01, "side": "sell", "timestamp": 1766014936547}, {"id": "3019739236", "price": 86059.3, "amount": 0.055, "side": "buy", "timestamp": 1766014936893}, {"id": "3019739237", "price": 86059.2, "amount": 0.156, "side": "sell", "timestamp": 1766014937139}, {"id": "3019739238", "price": 86059.1, "amount": 0.006, "side": "sell", "timestamp": 1766014937140}, {"id": "3019739239", "price": 86059.0, "amount": 0.002, "side": "sell", "timestamp": 1766014937140}, {"id": "3019739240", "price": 86058.5, "amount": 0.002, "side": "sell", "timestamp": 1766014937142}, {"id": "3019739241", "price": 86058.3, "amount": 0.003, "side": "sell", "timestamp": 1766014937142}, {"id": "3019739242", "price": 86058.0, "amount": 0.002, "side": "sell", "timestamp": 1766014937142}, {"id": "3019739243", "price": 86057.7, "amount": 0.002, "side": "sell", "timestamp": 1766014937142}, {"id": "3019739244", "price": 86057.2, "amount": 0.018, "side": "sell", "timestamp": 1766014937155}, {"id": "3019739245", "price": 86057.1, "amount": 0.002, "side": "sell", "timestamp": 1766014937155}, {"id": "3019739246", "price": 86056.6, "amount": 0.002, "side": "sell", "timestamp": 1766014937175}, {"id": "3019739468", "price": 86080.0, "amount": 0.003, "side": "buy", "timestamp": 1766014976283}, {"id": "3019739469", "price": 86080.0, "amount": 0.006, "side": "buy", "timestamp": 1766014976690}, {"id": "3019739470", "price": 86080.0, "amount": 0.003, "side": "buy", "timestamp": 1766014976842}, {"id": "3019739471", "price": 86079.9, "amount": 0.002, "side": "sell", "timestamp": 1766014977129}, {"id": "3019739472", "price": 86080.0, "amount": 0.003, "side": "buy", "timestamp": 1766014977162}, {"id": "3019739473", "price": 86080.0, "amount": 0.009, "side": "buy", "timestamp": 1766014977468}, {"id": "3019739474", "price": 86080.0, "amount": 0.802, "side": "buy", "timestamp": 1766014978279}, {"id": "3019739475", "price": 86079.9, "amount": 0.007, "side": "sell", "timestamp": 1766014978697}, {"id": "3019739476", "price": 86080.0, "amount": 0.033, "side": "buy", "timestamp": 1766014978930}, {"id": "3019739477", "price": 86079.9, "amount": 0.002, "side": "sell", "timestamp": 1766014979097}, {"id": "3019739478", "price": 86080.0, "amount": 0.041, "side": "buy", "timestamp": 1766014979248}, {"id": "3019739479", "price": 86080.0, "amount": 0.027, "side": "buy", "timestamp": 1766014979816}, {"id": "3019739480", "price": 86080.0, "amount": 0.046, "side": "buy", "timestamp": 1766014980100}, {"id": "3019739481", "price": 86080.0, "amount": 0.052, "side": "buy", "timestamp": 1766014980359}, {"id": "3019739482", "price": 86080.0, "amount": 0.064, "side": "buy", "timestamp": 1766014980575}, {"id": "3019739483", "price": 86079.9, "amount": 0.011, "side": "sell", "timestamp": 1766014980892}, {"id": "3019739484", "price": 86079.9, "amount": 0.169, "side": "sell", "timestamp": 1766014981274}, {"id": "3019739485", "price": 86080.0, "amount": 0.004, "side": "buy", "timestamp": 1766014981440}, {"id": "3019739486", "price": 86080.0, "amount": 0.061, "side": "buy", "timestamp": 1766014981547}, {"id": "3019739487", "price": 86080.0, "amount": 0.139, "side": "buy", "timestamp": 1766014981807}, {"id": "3019739488", "price": 86080.0, "amount": 0.149, "side": "buy", "timestamp": 1766014982665}, {"id": "3019739489", "price": 86079.9, "amount": 0.004, "side": "sell", "timestamp": 1766014984043}, {"id": "3019739490", "price": 86079.9, "amount": 0.005, "side": "sell", "timestamp": 1766014984949}, {"id": "3019739491", "price": 86079.9, "amount": 0.303, "side": "sell", "timestamp": 1766014985781}, {"id": "3019739492", "price": 86079.9, "amount": 0.055, "side": "sell", "timestamp": 1766014986043}, {"id": "3019739493", "price": 86080.0, "amount": 0.007, "side": "buy", "timestamp": 1766014986091}, {"id": "3019739494", "price": 86080.0, "amount": 0.078, "side": "buy", "timestamp": 1766014986563}, {"id": "3019739495", "price": 86080.0, "amount": 0.042, "side": "buy", "timestamp": 1766014986792}, {"id": "3019739496", "price": 86080.0, "amount": 0.02, "side": "buy", "timestamp": 1766014987234}, {"id": "3019739497", "price": 86079.9, "amount": 0.005, "side": "sell", "timestamp": 1766014987406}, {"id": "3019739498", "price": 86080.0, "amount": 0.005, "side": "buy", "timestamp": 1766014987559}, {"id": "3019739499", "price": 86080.0, "amount": 0.059, "side": "buy", "timestamp": 1766014987763}, {"id": "3019739500", "price": 86080.0, "amount": 0.072, "side": "buy", "timestamp": 1766014989097}, {"id": "3019739501", "price": 86080.0, "amount": 0.125, "side": "buy", "timestamp": 1766014989629}, {"id": "3019739502", "price": 86079.9, "amount": 0.002, "side": "sell", "timestamp": 1766014989688}, {"id": "3019739503", "price": 86080.0, "amount": 0.07, "side": "buy", "timestamp": 1766014990116}, {"id": "3019739504", "price": 86080.0, "amount": 0.07, "side": "buy", "timestamp": 1766014991105}, {"id": "3019739505", "price": 86080.0, "amount": 0.029, "side": "buy", "timestamp": 1766014991486}, {"id": "3019739506", "price": 86080.0, "amount": 0.386, "side": "buy", "timestamp": 1766014991991}, {"id": "3019739507", "price": 86080.0, "amount": 0.003, "side": "buy", "timestamp": 1766014992146}, {"id": "3019739508", "price": 86080.0, "amount": 0.002, "side": "buy", "timestamp": 1766014992410}, {"id": "3019739509", "price": 86080.0, "amount": 0.069, "side": "buy", "timestamp": 1766014993043}, {"id": "3019739510", "price": 86079.9, "amount": 0.006, "side": "sell", "timestamp": 1766014993301}, {"id": "3019739511", "price": 86080.0, "amount": 0.003, "side": "buy", "timestamp": 1766014993485}, {"id": "3019739512", "price": 86080.0, "amount": 0.088, "side": "buy", "timestamp": 1766014994040}, {"id": "3019739513", "price": 86080.0, "amount": 0.165, "side": "buy", "timestamp": 1766014994642}, {"id": "3019739514", "price": 86080.0, "amount": 0.068, "side": "buy", "timestamp": 1766014995153}, {"id": "3019739515", "price": 86080.0, "amount": 0.002, "side": "buy", "timestamp": 1766014995304}, {"id": "3019739516", "price": 86079.9, "amount": 0.002, "side": "sell", "timestamp": 1766014995800}, {"id": "3019739517", "price": 86080.0, "amount": 0.038, "side": "buy", "timestamp": 1766014995831}, {"id": "3019739954", "price": 86062.5, "amount": 0.002, "side": "sell", "timestamp": 1766015051084}, {"id": "3019739955", "price": 86062.4, "amount": 0.005, "side": "sell", "timestamp": 1766015051084}, {"id": "3019739956", "price": 86062.2, "amount": 0.002, "side": "sell", "timestamp": 1766015051084}, {"id": "3019739957", "price": 86062.0, "amount": 0.005, "side": "sell", "timestamp": 1766015051084}, {"id": "3019739958", "price": 86061.6, "amount": 0.002, "side": "sell", "timestamp": 1766015051084}, {"id": "3019739959", "price": 86061.5, "amount": 0.003, "side": "sell", "timestamp": 1766015051084}, {"id": "3019739960", "price": 86061.3, "amount": 0.002, "side": "sell", "timestamp": 1766015051084}, {"id": "3019739961", "price": 86061.2, "amount": 0.016, "side": "sell", "timestamp": 1766015051084}, {"id": "3019739962", "price": 86061.0, "amount": 0.003, "side": "sell", "timestamp": 1766015051084}, {"id": "3019739963", "price": 86060.8, "amount": 0.005, "side": "sell", "timestamp": 1766015051084}, {"id": "3019739964", "price": 86060.7, "amount": 0.002, "side": "sell", "timestamp": 1766015051084}, {"id": "3019739965", "price": 86060.6, "amount": 0.003, "side": "sell", "timestamp": 1766015051084}, {"id": "3019739966", "price": 86060.4, "amount": 0.004, "side": "sell", "timestamp": 1766015051084}, {"id": "3019739967", "price": 86060.2, "amount": 0.005, "side": "sell", "timestamp": 1766015051084}, {"id": "3019739968", "price": 86060.0, "amount": 0.006, "side": "sell", "timestamp": 1766015051084}, {"id": "3019739969", "price": 86059.9, "amount": 0.007, "side": "sell", "timestamp": 1766015051084}, {"id": "3019739970", "price": 86059.7, "amount": 0.005, "side": "sell", "timestamp": 1766015051084}, {"id": "3019739971", "price": 86059.6, "amount": 0.004, "side": "sell", "timestamp": 1766015051084}, {"id": "3019739972", "price": 86059.5, "amount": 0.002, "side": "sell", "timestamp": 1766015051084}, {"id": "3019739973", "price": 86059.4, "amount": 0.002, "side": "sell", "timestamp": 1766015051084}, {"id": "3019739974", "price": 86059.3, "amount": 0.019, "side": "sell", "timestamp": 1766015051084}, {"id": "3019739975", "price": 86059.2, "amount": 0.002, "side": "sell", "timestamp": 1766015051084}, {"id": "3019739976", "price": 86059.1, "amount": 0.003, "side": "sell", "timestamp": 1766015051084}, {"id": "3019739977", "price": 86059.0, "amount": 0.004, "side": "sell", "timestamp": 1766015051084}, {"id": "3019739978", "price": 86058.9, "amount": 0.004, "side": "sell", "timestamp": 1766015051084}, {"id": "3019739979", "price": 86058.8, "amount": 0.002, "side": "sell", "timestamp": 1766015051084}, {"id": "3019739980", "price": 86058.7, "amount": 0.006, "side": "sell", "timestamp": 1766015051084}, {"id": "3019739981", "price": 86058.5, "amount": 0.003, "side": "sell", "timestamp": 1766015051084}, {"id": "3019739982", "price": 86058.4, "amount": 0.058, "side": "sell", "timestamp": 1766015051084}, {"id": "3019739983", "price": 86058.1, "amount": 0.002, "side": "sell", "timestamp": 1766015051084}, {"id": "3019739984", "price": 86058.0, "amount": 0.006, "side": "sell", "timestamp": 1766015051084}, {"id": "3019739985", "price": 86057.9, "amount": 0.007, "side": "sell", "timestamp": 1766015051084}, {"id": "3019739986", "price": 86057.8, "amount": 0.003, "side": "sell", "timestamp": 1766015051084}, {"id": "3019739987", "price": 86057.7, "amount": 0.004, "side": "sell", "timestamp": 1766015051084}, {"id": "3019739988", "price": 86057.6, "amount": 0.002, "side": "sell", "timestamp": 1766015051084}, {"id": "3019739989", "price": 86057.5, "amount": 0.003, "side": "sell", "timestamp": 1766015051084}, {"id": "3019739990", "price": 86057.4, "amount": 0.002, "side": "sell", "timestamp": 1766015051084}, {"id": "3019739991", "price": 86057.1, "amount": 0.016, "side": "sell", "timestamp": 1766015051084}, {"id": "3019739992", "price": 86057.0, "amount": 0.004, "side": "sell", "timestamp": 1766015051084}, {"id": "3019739993", "price": 86056.9, "amount": 0.002, "side": "sell", "timestamp": 1766015051084}, {"id": "3019739994", "price": 86056.5, "amount": 0.005, "side": "sell", "timestamp": 1766015051084}, {"id": "3019739995", "price": 86056.4, "amount": 0.005, "side": "sell", "timestamp": 1766015051084}, {"id": "3019739996", "price": 86056.1, "amount": 0.273, "side": "sell", "timestamp": 1766015051084}, {"id": "3019739997", "price": 86055.9, "amount": 0.011, "side": "sell", "timestamp": 1766015051084}, {"id": "3019739998", "price": 86055.8, "amount": 0.023, "side": "sell", "timestamp": 1766015051084}, {"id": "3019739999", "price": 86055.7, "amount": 0.007, "side": "sell", "timestamp": 1766015051084}, {"id": "3019740000", "price": 86055.4, "amount": 0.251, "side": "sell", "timestamp": 1766015051084}, {"id": "3019740001", "price": 86055.3, "amount": 0.274, "side": "sell", "timestamp": 1766015051084}, {"id": "3019740002", "price": 86055.2, "amount": 0.126, "side": "sell", "timestamp": 1766015051084}, {"id": "3019740003", "price": 86064.5, "amount": 2.007, "side": "buy", "timestamp": 1766015051084}, {"id": "3019740343", "price": 86071.4, "amount": 0.015, "side": "buy", "timestamp": 1766015103385}, {"id": "3019740344", "price": 86071.4, "amount": 0.368, "side": "buy", "timestamp": 1766015103653}, {"id": "3019740345", "price": 86071.3, "amount": 0.001, "side": "sell", "timestamp": 1766015103972}, {"id": "3019740346", "price": 86071.4, "amount": 0.076, "side": "buy", "timestamp": 1766015104113}, {"id": "3019740347", "price": 86071.5, "amount": 0.035, "side": "buy", "timestamp": 1766015104113}, {"id": "3019740348", "price": 86071.7, "amount": 0.002, "side": "buy", "timestamp": 1766015104113}, {"id": "3019740349", "price": 86072.2, "amount": 0.002, "side": "buy", "timestamp": 1766015104113}, {"id": "3019740350", "price": 86072.4, "amount": 0.102, "side": "buy", "timestamp": 1766015104113}, {"id": "3019740351", "price": 86072.6, "amount": 0.002, "side": "buy", "timestamp": 1766015104113}, {"id": "3019740352", "price": 86072.8, "amount": 0.002, "side": "buy", "timestamp": 1766015104113}, {"id": "3019740353", "price": 86073.0, "amount": 0.004, "side": "buy", "timestamp": 1766015104113}, {"id": "3019740354", "price": 86073.1, "amount": 0.002, "side": "buy", "timestamp": 1766015104113}, {"id": "3019740355", "price": 86073.3, "amount": 0.003, "side": "buy", "timestamp": 1766015104113}, {"id": "3019740356", "price": 86073.4, "amount": 0.002, "side": "buy", "timestamp": 1766015104113}, {"id": "3019740357", "price": 86073.5, "amount": 0.002, "side": "buy", "timestamp": 1766015104113}, {"id": "3019740358", "price": 86073.7, "amount": 0.003, "side": "buy", "timestamp": 1766015104113}, {"id": "3019740359", "price": 86073.9, "amount": 0.002, "side": "buy", "timestamp": 1766015104113}, {"id": "3019740360", "price": 86074.0, "amount": 0.002, "side": "buy", "timestamp": 1766015104113}, {"id": "3019740361", "price": 86074.4, "amount": 0.003, "side": "buy", "timestamp": 1766015104113}, {"id": "3019740362", "price": 86074.5, "amount": 0.002, "side": "buy", "timestamp": 1766015104113}, {"id": "3019740363", "price": 86074.7, "amount": 0.002, "side": "buy", "timestamp": 1766015104113}, {"id": "3019740364", "price": 86074.9, "amount": 0.005, "side": "buy", "timestamp": 1766015104113}, {"id": "3019740365", "price": 86075.0, "amount": 0.004, "side": "buy", "timestamp": 1766015104113}, {"id": "3019740366", "price": 86075.1, "amount": 0.002, "side": "buy", "timestamp": 1766015104113}, {"id": "3019740367", "price": 86075.2, "amount": 0.002, "side": "buy", "timestamp": 1766015104113}, {"id": "3019740368", "price": 86075.6, "amount": 0.009, "side": "buy", "timestamp": 1766015104113}, {"id": "3019740369", "price": 86075.7, "amount": 0.002, "side": "buy", "timestamp": 1766015104113}, {"id": "3019740370", "price": 86075.9, "amount": 0.002, "side": "buy", "timestamp": 1766015104113}, {"id": "3019740371", "price": 86076.0, "amount": 0.002, "side": "buy", "timestamp": 1766015104113}, {"id": "3019740372", "price": 86076.1, "amount": 0.003, "side": "buy", "timestamp": 1766015104113}, {"id": "3019740373", "price": 86076.2, "amount": 0.004, "side": "buy", "timestamp": 1766015104113}, {"id": "3019740374", "price": 86076.3, "amount": 0.002, "side": "buy", "timestamp": 1766015104113}, {"id": "3019740375", "price": 86076.4, "amount": 0.005, "side": "buy", "timestamp": 1766015104113}, {"id": "3019740376", "price": 86076.6, "amount": 0.002, "side": "buy", "timestamp": 1766015104113}, {"id": "3019740377", "price": 86076.7, "amount": 0.03, "side": "buy", "timestamp": 1766015104113}, {"id": "3019740378", "price": 86076.8, "amount": 0.003, "side": "buy", "timestamp": 1766015104113}, {"id": "3019740379", "price": 86076.9, "amount": 0.058, "side": "buy", "timestamp": 1766015104113}, {"id": "3019740380", "price": 86077.0, "amount": 0.002, "side": "buy", "timestamp": 1766015104113}, {"id": "3019740381", "price": 86077.2, "amount": 0.002, "side": "buy", "timestamp": 1766015104113}, {"id": "3019740382", "price": 86077.4, "amount": 0.006, "side": "buy", "timestamp": 1766015104113}, {"id": "3019740383", "price": 86077.4, "amount": 0.002, "side": "sell", "timestamp": 1766015104182}, {"id": "3019740384", "price": 86077.5, "amount": 0.018, "side": "buy", "timestamp": 1766015105318}, {"id": "3019740385", "price": 86077.5, "amount": 0.005, "side": "buy", "timestamp": 1766015105510}, {"id": "3019740386", "price": 86077.5, "amount": 0.012, "side": "buy", "timestamp": 1766015105650}, {"id": "3019740387", "price": 86077.5, "amount": 0.01, "side": "buy", "timestamp": 1766015105852}, {"id": "3019740388", "price": 86077.5, "amount": 0.005, "side": "buy", "timestamp": 1766015106722}, {"id": "3019740389", "price": 86077.5, "amount": 0.1, "side": "buy", "timestamp": 1766015106930}, {"id": "3019740390", "price": 86077.4, "amount": 0.011, "side": "sell", "timestamp": 1766015107158}, {"id": "3019740391", "price": 86077.5, "amount": 0.005, "side": "buy", "timestamp": 1766015107240}, {"id": "3019740392", "price": 86077.4, "amount": 0.121, "side": "sell", "timestamp": 1766015107894}, {"id": "3019740765", "price": 86086.9, "amount": 0.002, "side": "sell", "timestamp": 1766015165930}, {"id": "3019740766", "price": 86086.6, "amount": 0.103, "side": "sell", "timestamp": 1766015165932}, {"id": "3019740767", "price": 86086.4, "amount": 0.002, "side": "sell", "timestamp": 1766015165932}, {"id": "3019740768", "price": 86086.3, "amount": 0.039, "side": "sell", "timestamp": 1766015165946}, {"id": "3019740769", "price": 86086.2, "amount": 0.002, "side": "sell", "timestamp": 1766015165946}, {"id": "3019740770", "price": 86086.0, "amount": 0.023, "side": "sell", "timestamp": 1766015165949}, {"id": "3019740771", "price": 86085.7, "amount": 0.006, "side": "sell", "timestamp": 1766015165952}, {"id": "3019740772", "price": 86085.6, "amount": 0.02, "side": "sell", "timestamp": 1766015165955}, {"id": "3019740773", "price": 86085.4, "amount": 0.009, "side": "sell", "timestamp": 1766015165958}, {"id": "3019740774", "price": 86085.2, "amount": 0.012, "side": "sell", "timestamp": 1766015165958}, {"id": "3019740775", "price": 86085.1, "amount": 0.005, "side": "sell", "timestamp": 1766015165961}, {"id": "3019740776", "price": 86085.0, "amount": 0.053, "side": "sell", "timestamp": 1766015165966}, {"id": "3019740777", "price": 86084.6, "amount": 0.002, "side": "sell", "timestamp": 1766015165968}, {"id": "3019740778", "price": 86084.4, "amount": 0.003, "side": "sell", "timestamp": 1766015165968}, {"id": "3019740779", "price": 86084.2, "amount": 0.003, "side": "sell", "timestamp": 1766015165968}, {"id": "3019740780", "price": 86084.0, "amount": 0.002, "side": "sell", "timestamp": 1766015165968}, {"id": "3019740781", "price": 86083.7, "amount": 0.004, "side": "sell", "timestamp": 1766015165969}, {"id": "3019740782", "price": 86083.5, "amount": 0.005, "side": "sell", "timestamp": 1766015165973}, {"id": "3019740783", "price": 86083.4, "amount": 0.01, "side": "sell", "timestamp": 1766015165975}, {"id": "3019740784", "price": 86083.3, "amount": 0.004, "side": "sell", "timestamp": 1766015165975}, {"id": "3019740785", "price": 86082.8, "amount": 0.004, "side": "sell", "timestamp": 1766015165975}, {"id": "3019740786", "price": 86082.6, "amount": 0.005, "side": "sell", "timestamp": 1766015165975}, {"id": "3019740787", "price": 86082.1, "amount": 0.001, "side": "sell", "timestamp": 1766015165975}, {"id": "3019740788", "price": 86082.0, "amount": 0.005, "side": "sell", "timestamp": 1766015165989}, {"id": "3019740789", "price": 86082.1, "amount": 0.222, "side": "buy", "timestamp": 1766015166970}, {"id": "3019740790", "price": 86082.0, "amount": 0.087, "side": "sell", "timestamp": 1766015167094}, {"id": "3019740791", "price": 86081.9, "amount": 0.002, "side": "sell", "timestamp": 1766015167094}, {"id": "3019740792", "price": 86081.7, "amount": 0.002, "side": "sell", "timestamp": 1766015167094}, {"id": "3019740793", "price": 86081.4, "amount": 0.002, "side": "sell", "timestamp": 1766015167094}, {"id": "3019740794", "price": 86081.3, "amount": 0.002, "side": "sell", "timestamp": 1766015167094}, {"id": "3019740795", "price": 86081.1, "amount": 0.004, "side": "sell", "timestamp": 1766015167094}, {"id": "3019740796", "price": 86081.0, "amount": 0.002, "side": "sell", "timestamp": 1766015167094}, {"id": "3019740797", "price": 86080.9, "amount": 0.002, "side": "sell", "timestamp": 1766015167094}, {"id": "3019740798", "price": 86080.8, "amount": 0.004, "side": "sell", "timestamp": 1766015167094}, {"id": "3019740799", "price": 86080.6, "amount": 0.005, "side": "sell", "timestamp": 1766015167094}, {"id": "3019740800", "price": 86080.2, "amount": 0.004, "side": "sell", "timestamp": 1766015167094}, {"id": "3019740801", "price": 86080.0, "amount": 0.502, "side": "sell", "timestamp": 1766015167094}, {"id": "3019740802", "price": 86079.9, "amount": 0.003, "side": "sell", "timestamp": 1766015167094}, {"id": "3019740803", "price": 86079.8, "amount": 0.005, "side": "sell", "timestamp": 1766015167094}, {"id": "3019740804", "price": 86079.7, "amount": 0.002, "side": "sell", "timestamp": 1766015167094}, {"id": "3019740805", "price": 86079.5, "amount": 0.002, "side": "sell", "timestamp": 1766015167094}, {"id": "3019740806", "price": 86079.3, "amount": 0.005, "side": "sell", "timestamp": 1766015167099}, {"id": "3019740807", "price": 86079.1, "amount": 0.002, "side": "sell", "timestamp": 1766015167099}, {"id": "3019740808", "price": 86078.6, "amount": 0.003, "side": "sell", "timestamp": 1766015167099}, {"id": "3019740809", "price": 86078.5, "amount": 0.002, "side": "sell", "timestamp": 1766015167099}, {"id": "3019740810", "price": 86078.4, "amount": 0.005, "side": "sell", "timestamp": 1766015167099}, {"id": "3019740811", "price": 86078.2, "amount": 0.002, "side": "sell", "timestamp": 1766015167099}, {"id": "3019740812", "price": 86078.0, "amount": 0.002, "side": "sell", "timestamp": 1766015167099}, {"id": "3019740813", "price": 86077.9, "amount": 0.002, "side": "sell", "timestamp": 1766015167099}, {"id": "3019740814", "price": 86077.8, "amount": 0.006, "side": "sell", "timestamp": 1766015167099}, {"id": "3019741223", "price": 86118.3, "amount": 0.003, "side": "buy", "timestamp": 1766015216944}, {"id": "3019741224", "price": 86118.4, "amount": 0.002, "side": "buy", "timestamp": 1766015216944}, {"id": "3019741225", "price": 86118.5, "amount": 0.009, "side": "buy", "timestamp": 1766015216944}, {"id": "3019741226", "price": 86118.6, "amount": 0.075, "side": "buy", "timestamp": 1766015216944}, {"id": "3019741227", "price": 86118.8, "amount": 0.007, "side": "buy", "timestamp": 1766015216944}, {"id": "3019741228", "price": 86119.0, "amount": 0.017, "side": "buy", "timestamp": 1766015216944}, {"id": "3019741229", "price": 86119.1, "amount": 0.002, "side": "buy", "timestamp": 1766015216944}, {"id": "3019741230", "price": 86119.6, "amount": 0.004, "side": "buy", "timestamp": 1766015216944}, {"id": "3019741231", "price": 86119.8, "amount": 0.009, "side": "buy", "timestamp": 1766015216944}, {"id": "3019741232", "price": 86119.9, "amount": 5.982, "side": "buy", "timestamp": 1766015216944}, {"id": "3019741233", "price": 86120.0, "amount": 10.467, "side": "buy", "timestamp": 1766015216944}, {"id": "3019741234", "price": 86120.0, "amount": 0.028, "side": "buy", "timestamp": 1766015217134}, {"id": "3019741235", "price": 86120.0, "amount": 0.004, "side": "buy", "timestamp": 1766015217310}, {"id": "3019741236", "price": 86120.0, "amount": 0.134, "side": "buy", "timestamp": 1766015218254}, {"id": "3019741237", "price": 86120.0, "amount": 0.091, "side": "buy", "timestamp": 1766015218861}, {"id": "3019741238", "price": 86119.9, "amount": 0.327, "side": "sell", "timestamp": 1766015219270}, {"id": "3019741239", "price": 86119.8, "amount": 0.004, "side": "sell", "timestamp": 1766015219271}, {"id": "3019741240", "price": 86119.7, "amount": 0.001, "side": "sell", "timestamp": 1766015219271}, {"id": "3019741241", "price": 86119.5, "amount": 0.003, "side": "sell", "timestamp": 1766015219273}, {"id": "3019741242", "price": 86119.4, "amount": 0.002, "side": "sell", "timestamp": 1766015219273}, {"id": "3019741243", "price": 86119.0, "amount": 0.005, "side": "sell", "timestamp": 1766015219277}, {"id": "3019741244", "price": 86118.9, "amount": 0.002, "side": "sell", "timestamp": 1766015219277}, {"id": "3019741245", "price": 86118.4, "amount": 0.002, "side": "sell", "timestamp": 1766015219277}, {"id": "3019741246", "price": 86118.1, "amount": 0.004, "side": "sell", "timestamp": 1766015219277}, {"id": "3019741247", "price": 86117.9, "amount": 0.005, "side": "sell", "timestamp": 1766015219280}, {"id": "3019741248", "price": 86117.3, "amount": 0.002, "side": "sell", "timestamp": 1766015219280}, {"id": "3019741249", "price": 86117.2, "amount": 0.002, "side": "sell", "timestamp": 1766015219280}, {"id": "3019741250", "price": 86117.1, "amount": 0.003, "side": "sell", "timestamp": 1766015219280}, {"id": "3019741251", "price": 86117.0, "amount": 0.002, "side": "sell", "timestamp": 1766015219280}, {"id": "3019741252", "price": 86116.6, "amount": 0.002, "side": "sell", "timestamp": 1766015219280}, {"id": "3019741253", "price": 86116.1, "amount": 0.004, "side": "sell", "timestamp": 1766015219282}, {"id": "3019741254", "price": 86116.0, "amount": 0.059, "side": "sell", "timestamp": 1766015219288}, {"id": "3019741255", "price": 86115.9, "amount": 0.003, "side": "sell", "timestamp": 1766015219288}, {"id": "3019741256", "price": 86115.6, "amount": 0.004, "side": "sell", "timestamp": 1766015219290}, {"id": "3019741257", "price": 86115.5, "amount": 0.003, "side": "sell", "timestamp": 1766015219290}, {"id": "3019741258", "price": 86115.1, "amount": 0.002, "side": "sell", "timestamp": 1766015219290}, {"id": "3019741259", "price": 86114.7, "amount": 0.008, "side": "sell", "timestamp": 1766015219295}, {"id": "3019741260", "price": 86114.6, "amount": 0.002, "side": "sell", "timestamp": 1766015219517}, {"id": "3019741261", "price": 86114.7, "amount": 0.061, "side": "buy", "timestamp": 1766015219919}, {"id": "3019741262", "price": 86114.7, "amount": 0.005, "side": "buy", "timestamp": 1766015220164}, {"id": "3019741263", "price": 86114.7, "amount": 0.656, "side": "buy", "timestamp": 1766015220989}, {"id": "3019741264", "price": 86114.6, "amount": 0.005, "side": "sell", "timestamp": 1766015221227}, {"id": "3019741265", "price": 86114.7, "amount": 0.016, "side": "buy", "timestamp": 1766015221260}, {"id": "3019741266", "price": 86114.6, "amount": 0.035, "side": "sell", "timestamp": 1766015221493}, {"id": "3019741267", "price": 86114.7, "amount": 0.013, "side": "buy", "timestamp": 1766015221583}, {"id": "3019741268", "price": 86114.7, "amount": 0.002, "side": "buy", "timestamp": 1766015221723}, {"id": "3019741269", "price": 86114.7, "amount": 0.003, "side": "buy", "timestamp": 1766015221840}, {"id": "3019741270", "price": 86114.6, "amount": 0.005, "side": "sell", "timestamp": 1766015222353}, {"id": "3019741271", "price": 86114.7, "amount": 0.88, "side": "buy", "timestamp": 1766015222655}, {"id": "3019741272", "price": 86114.7, "amount": 0.194, "side": "buy", "timestamp": 1766015222914}, {"id": "3019741456", "price": 86110.3, "amount": 0.004, "side": "buy", "timestamp": 1766015275643}, {"id": "3019741457", "price": 86110.4, "amount": 0.019, "side": "buy", "timestamp": 1766015275643}, {"id": "3019741458", "price": 86110.5, "amount": 0.034, "side": "buy", "timestamp": 1766015275643}, {"id": "3019741459", "price": 86110.6, "amount": 0.002, "side": "buy", "timestamp": 1766015275643}, {"id": "3019741460", "price": 86110.8, "amount": 0.003, "side": "buy", "timestamp": 1766015275643}, {"id": "3019741461", "price": 86111.1, "amount": 0.007, "side": "buy", "timestamp": 1766015275643}, {"id": "3019741462", "price": 86111.2, "amount": 0.002, "side": "buy", "timestamp": 1766015275643}, {"id": "3019741463", "price": 86111.5, "amount": 0.016, "side": "buy", "timestamp": 1766015275643}, {"id": "3019741464", "price": 86111.6, "amount": 0.002, "side": "buy", "timestamp": 1766015275643}, {"id": "3019741465", "price": 86111.7, "amount": 0.039, "side": "buy", "timestamp": 1766015275643}, {"id": "3019741466", "price": 86111.8, "amount": 0.002, "side": "buy", "timestamp": 1766015275643}, {"id": "3019741467", "price": 86111.9, "amount": 0.003, "side": "buy", "timestamp": 1766015275643}, {"id": "3019741468", "price": 86112.0, "amount": 0.006, "side": "buy", "timestamp": 1766015275643}, {"id": "3019741469", "price": 86112.2, "amount": 0.006, "side": "buy", "timestamp": 1766015275643}, {"id": "3019741470", "price": 86112.3, "amount": 0.002, "side": "buy", "timestamp": 1766015275643}, {"id": "3019741471", "price": 86112.4, "amount": 0.003, "side": "buy", "timestamp": 1766015275643}, {"id": "3019741472", "price": 86112.6, "amount": 0.024, "side": "buy", "timestamp": 1766015275643}, {"id": "3019741473", "price": 86112.7, "amount": 0.004, "side": "buy", "timestamp": 1766015275643}, {"id": "3019741474", "price": 86112.9, "amount": 0.002, "side": "buy", "timestamp": 1766015275643}, {"id": "3019741475", "price": 86113.0, "amount": 0.06, "side": "buy", "timestamp": 1766015275643}, {"id": "3019741476", "price": 86113.1, "amount": 0.002, "side": "buy", "timestamp": 1766015275643}, {"id": "3019741477", "price": 86113.2, "amount": 0.005, "side": "buy", "timestamp": 1766015275643}, {"id": "3019741478", "price": 86113.3, "amount": 0.005, "side": "buy", "timestamp": 1766015275643}, {"id": "3019741479", "price": 86113.4, "amount": 0.189, "side": "buy", "timestamp": 1766015275643}, {"id": "3019741480", "price": 86113.3, "amount": 0.232, "side": "sell", "timestamp": 1766015275928}, {"id": "3019741481", "price": 86113.2, "amount": 0.002, "side": "sell", "timestamp": 1766015275998}, {"id": "3019741482", "price": 86113.0, "amount": 0.002, "side": "sell", "timestamp": 1766015275998}, {"id": "3019741483", "price": 86112.8, "amount": 0.002, "side": "sell", "timestamp": 1766015275998}, {"id": "3019741484", "price": 86112.3, "amount": 0.002, "side": "sell", "timestamp": 1766015275998}, {"id": "3019741485", "price": 86112.0, "amount": 0.002, "side": "sell", "timestamp": 1766015275998}, {"id": "3019741486", "price": 86111.8, "amount": 0.004, "side": "sell", "timestamp": 1766015275998}, {"id": "3019741487", "price": 86111.5, "amount": 0.002, "side": "sell", "timestamp": 1766015275998}, {"id": "3019741488", "price": 86111.3, "amount": 0.005, "side": "sell", "timestamp": 1766015275998}, {"id": "3019741489", "price": 86110.8, "amount": 0.002, "side": "sell", "timestamp": 1766015275998}, {"id": "3019741490", "price": 86110.5, "amount": 0.003, "side": "sell", "timestamp": 1766015275998}, {"id": "3019741491", "price": 86110.3, "amount": 0.006, "side": "sell", "timestamp": 1766015275998}, {"id": "3019741492", "price": 86110.0, "amount": 0.002, "side": "sell", "timestamp": 1766015275998}, {"id": "3019741493", "price": 86109.7, "amount": 0.003, "side": "sell", "timestamp": 1766015275998}, {"id": "3019741494", "price": 86109.5, "amount": 0.002, "side": "sell", "timestamp": 1766015275998}, {"id": "3019741495", "price": 86109.4, "amount": 0.002, "side": "sell", "timestamp": 1766015275998}, {"id": "3019741496", "price": 86109.1, "amount": 0.005, "side": "sell", "timestamp": 1766015275998}, {"id": "3019741497", "price": 86109.0, "amount": 0.015, "side": "sell", "timestamp": 1766015276187}, {"id": "3019741498", "price": 86109.1, "amount": 0.132, "side": "buy", "timestamp": 1766015276581}, {"id": "3019741499", "price": 86109.0, "amount": 0.002, "side": "sell", "timestamp": 1766015277172}, {"id": "3019741500", "price": 86109.1, "amount": 0.002, "side": "buy", "timestamp": 1766015278505}, {"id": "3019741501", "price": 86109.1, "amount": 0.023, "side": "buy", "timestamp": 1766015278667}, {"id": "3019741502", "price": 86109.0, "amount": 0.006, "side": "sell", "timestamp": 1766015278708}, {"id": "3019741503", "price": 86109.0, "amount": 0.005, "side": "sell", "timestamp": 1766015279286}, {"id": "3019741504", "price": 86109.0, "amount": 0.925, "side": "sell", "timestamp": 1766015279429}, {"id": "3019741505", "price": 86109.0, "amount": 0.003, "side": "sell", "timestamp": 1766015279810}, {"id": "3019741695", "price": 86103.8, "amount": 0.058, "side": "buy", "timestamp": 1766015330675}, {"id": "3019741696", "price": 86103.9, "amount": 0.002, "side": "buy", "timestamp": 1766015330675}, {"id": "3019741697", "price": 86104.1, "amount": 0.005, "side": "buy", "timestamp": 1766015330675}, {"id": "3019741698", "price": 86104.3, "amount": 0.002, "side": "buy", "timestamp": 1766015330675}, {"id": "3019741699", "price": 86104.5, "amount": 0.002, "side": "buy", "timestamp": 1766015330675}, {"id": "3019741700", "price": 86104.9, "amount": 0.003, "side": "buy", "timestamp": 1766015330675}, {"id": "3019741701", "price": 86105.0, "amount": 0.038, "side": "buy", "timestamp": 1766015330675}, {"id": "3019741702", "price": 86105.1, "amount": 0.026, "side": "buy", "timestamp": 1766015330675}, {"id": "3019741703", "price": 86105.2, "amount": 0.019, "side": "buy", "timestamp": 1766015330675}, {"id": "3019741704", "price": 86105.4, "amount": 0.002, "side": "buy", "timestamp": 1766015330683}, {"id": "3019741705", "price": 86105.6, "amount": 0.005, "side": "buy", "timestamp": 1766015330887}, {"id": "3019741706", "price": 86105.6, "amount": 0.059, "side": "buy", "timestamp": 1766015331153}, {"id": "3019741707", "price": 86105.7, "amount": 0.002, "side": "buy", "timestamp": 1766015331153}, {"id": "3019741708", "price": 86105.9, "amount": 0.002, "side": "buy", "timestamp": 1766015331153}, {"id": "3019741709", "price": 86106.4, "amount": 0.002, "side": "buy", "timestamp": 1766015331153}, {"id": "3019741710", "price": 86106.7, "amount": 0.029, "side": "buy", "timestamp": 1766015331153}, {"id": "3019741711", "price": 86106.8, "amount": 0.002, "side": "buy", "timestamp": 1766015331153}, {"id": "3019741712", "price": 86106.9, "amount": 0.002, "side": "buy", "timestamp": 1766015331153}, {"id": "3019741713", "price": 86107.3, "amount": 0.002, "side": "buy", "timestamp": 1766015331153}, {"id": "3019741714", "price": 86107.5, "amount": 0.013, "side": "buy", "timestamp": 1766015331153}, {"id": "3019741715", "price": 86107.6, "amount": 0.003, "side": "buy", "timestamp": 1766015331153}, {"id": "3019741716", "price": 86107.8, "amount": 0.002, "side": "buy", "timestamp": 1766015331153}, {"id": "3019741717", "price": 86108.1, "amount": 0.004, "side": "buy", "timestamp": 1766015331153}, {"id": "3019741718", "price": 86108.3, "amount": 0.002, "side": "buy", "timestamp": 1766015331153}, {"id": "3019741719", "price": 86108.7, "amount": 0.061, "side": "buy", "timestamp": 1766015331153}, {"id": "3019741720", "price": 86108.8, "amount": 0.004, "side": "buy", "timestamp": 1766015331153}, {"id": "3019741721", "price": 86108.9, "amount": 0.002, "side": "buy", "timestamp": 1766015331153}, {"id": "3019741722", "price": 86109.0, "amount": 0.006, "side": "buy", "timestamp": 1766015331401}, {"id": "3019741723", "price": 86109.0, "amount": 0.003, "side": "buy", "timestamp": 1766015332303}, {"id": "3019741724", "price": 86109.0, "amount": 0.014, "side": "buy", "timestamp": 1766015332523}, {"id": "3019741725", "price": 86108.9, "amount": 0.011, "side": "sell", "timestamp": 1766015332598}, {"id": "3019741726", "price": 86108.9, "amount": 0.011, "side": "sell", "timestamp": 1766015332901}, {"id": "3019741727", "price": 86109.0, "amount": 0.05, "side": "buy", "timestamp": 1766015332930}, {"id": "3019741728", "price": 86108.9, "amount": 0.069, "side": "sell", "timestamp": 1766015334276}, {"id": "3019741729", "price": 86109.0, "amount": 0.001, "side": "buy", "timestamp": 1766015335350}, {"id": "3019741730", "price": 86109.0, "amount": 0.01, "side": "buy", "timestamp": 1766015335594}, {"id": "3019741731", "price": 86109.0, "amount": 0.021, "side": "buy", "timestamp": 1766015335948}, {"id": "3019741732", "price": 86108.9, "amount": 0.003, "side": "sell", "timestamp": 1766015336458}, {"id": "3019741733", "price": 86109.0, "amount": 0.056, "side": "buy", "timestamp": 1766015336475}, {"id": "3019741734", "price": 86108.9, "amount": 0.114, "side": "sell", "timestamp": 1766015336932}, {"id": "3019741735", "price": 86108.9, "amount": 0.004, "side": "sell", "timestamp": 1766015337074}, {"id": "3019741736", "price": 86109.0, "amount": 0.239, "side": "buy", "timestamp": 1766015337963}, {"id": "3019741737", "price": 86109.1, "amount": 1.227, "side": "buy", "timestamp": 1766015337963}, {"id": "3019741738", "price": 86109.0, "amount": 0.004, "side": "sell", "timestamp": 1766015338522}, {"id": "3019741739", "price": 86109.1, "amount": 0.042, "side": "buy", "timestamp": 1766015338787}, {"id": "3019741740", "price": 86109.1, "amount": 0.052, "side": "buy", "timestamp": 1766015339361}, {"id": "3019741741", "price": 86109.1, "amount": 0.051, "side": "buy", "timestamp": 1766015339784}, {"id": "3019741742", "price": 86109.0, "amount": 0.014, "side": "sell", "timestamp": 1766015340504}, {"id": "3019741743", "price": 86109.1, "amount": 0.041, "side": "buy", "timestamp": 1766015340747}, {"id": "3019741744", "price": 86109.0, "amount": 0.004, "side": "sell", "timestamp": 1766015340869}, {"id": "3019742191", "price": 86102.6, "amount": 0.039, "side": "buy", "timestamp": 1766015380984}, {"id": "3019742192", "price": 86102.7, "amount": 0.002, "side": "buy", "timestamp": 1766015380984}, {"id": "3019742193", "price": 86103.0, "amount": 0.01, "side": "buy", "timestamp": 1766015380984}, {"id": "3019742194", "price": 86103.2, "amount": 0.002, "side": "buy", "timestamp": 1766015380984}, {"id": "3019742195", "price": 86103.4, "amount": 0.004, "side": "buy", "timestamp": 1766015380984}, {"id": "3019742196", "price": 86103.7, "amount": 0.037, "side": "buy", "timestamp": 1766015380984}, {"id": "3019742197", "price": 86104.4, "amount": 0.004, "side": "buy", "timestamp": 1766015380984}, {"id": "3019742198", "price": 86104.6, "amount": 0.003, "side": "buy", "timestamp": 1766015380984}, {"id": "3019742199", "price": 86105.0, "amount": 0.004, "side": "buy", "timestamp": 1766015380984}, {"id": "3019742200", "price": 86105.4, "amount": 0.003, "side": "buy", "timestamp": 1766015380984}, {"id": "3019742201", "price": 86105.5, "amount": 0.002, "side": "buy", "timestamp": 1766015380984}, {"id": "3019742202", "price": 86105.6, "amount": 0.002, "side": "buy", "timestamp": 1766015380984}, {"id": "3019742203", "price": 86106.0, "amount": 0.002, "side": "buy", "timestamp": 1766015380984}, {"id": "3019742204", "price": 86106.2, "amount": 0.003, "side": "buy", "timestamp": 1766015380984}, {"id": "3019742205", "price": 86106.4, "amount": 0.002, "side": "buy", "timestamp": 1766015380984}, {"id": "3019742206", "price": 86106.5, "amount": 0.002, "side": "buy", "timestamp": 1766015380984}, {"id": "3019742207", "price": 86106.7, "amount": 0.054, "side": "buy", "timestamp": 1766015382614}, {"id": "3019742208", "price": 86106.7, "amount": 0.001, "side": "buy", "timestamp": 1766015383995}, {"id": "3019742209", "price": 86106.6, "amount": 0.006, "side": "sell", "timestamp": 1766015384168}, {"id": "3019742210", "price": 86106.7, "amount": 0.335, "side": "buy", "timestamp": 1766015384674}, {"id": "3019742211", "price": 86106.8, "amount": 0.002, "side": "buy", "timestamp": 1766015384674}, {"id": "3019742212", "price": 86106.9, "amount": 0.004, "side": "buy", "timestamp": 1766015384674}, {"id": "3019742213", "price": 86107.0, "amount": 0.002, "side": "buy", "timestamp": 1766015384674}, {"id": "3019742214", "price": 86107.1, "amount": 0.002, "side": "buy", "timestamp": 1766015384674}, {"id": "3019742215", "price": 86107.5, "amount": 0.002, "side": "buy", "timestamp": 1766015384674}, {"id": "3019742216", "price": 86107.7, "amount": 0.002, "side": "buy", "timestamp": 1766015384674}, {"id": "3019742217", "price": 86107.8, "amount": 0.005, "side": "buy", "timestamp": 1766015384674}, {"id": "3019742218", "price": 86108.1, "amount": 0.002, "side": "buy", "timestamp": 1766015384674}, {"id": "3019742219", "price": 86108.3, "amount": 0.009, "side": "sell", "timestamp": 1766015385038}, {"id": "3019742220", "price": 86108.3, "amount": 0.005, "side": "sell", "timestamp": 1766015385439}, {"id": "3019742221", "price": 86108.4, "amount": 0.003, "side": "buy", "timestamp": 1766015385766}, {"id": "3019742222", "price": 86108.4, "amount": 0.017, "side": "buy", "timestamp": 1766015386332}, {"id": "3019742223", "price": 86108.3, "amount": 0.002, "side": "sell", "timestamp": 1766015387291}, {"id": "3019742224", "price": 86108.4, "amount": 0.346, "side": "buy", "timestamp": 1766015387564}, {"id": "3019742225", "price": 86108.3, "amount": 0.019, "side": "sell", "timestamp": 1766015387668}, {"id": "3019742226", "price": 86108.4, "amount": 0.005, "side": "buy", "timestamp": 1766015388369}, {"id": "3019742227", "price": 86108.3, "amount": 0.005, "side": "sell", "timestamp": 1766015388642}, {"id": "3019742228", "price": 86108.4, "amount": 0.02, "side": "buy", "timestamp": 1766015389953}, {"id": "3019742229", "price": 86108.4, "amount": 0.025, "side": "buy", "timestamp": 1766015390235}, {"id": "3019742230", "price": 86108.3, "amount": 0.026, "side": "sell", "timestamp": 1766015390569}, {"id": "3019742231", "price": 86108.3, "amount": 0.002, "side": "sell", "timestamp": 1766015390814}, {"id": "3019742232", "price": 86108.3, "amount": 0.005, "side": "sell", "timestamp": 1766015391084}, {"id": "3019742233", "price": 86108.4, "amount": 0.087, "side": "buy", "timestamp": 1766015391321}, {"id": "3019742234", "price": 86108.4, "amount": 0.021, "side": "buy", "timestamp": 1766015391806}, {"id": "3019742235", "price": 86108.4, "amount": 0.002, "side": "buy", "timestamp": 1766015391921}, {"id": "3019742236", "price": 86108.3, "amount": 0.033, "side": "sell", "timestamp": 1766015392422}, {"id": "3019742237", "price": 86108.3, "amount": 0.004, "side": "sell", "timestamp": 1766015392576}, {"id": "3019742238", "price": 86108.4, "amount": 0.007, "side": "buy", "timestamp": 1766015394260}, {"id": "3019742239", "price": 86108.4, "amount": 0.005, "side": "buy", "timestamp": 1766015396017}, {"id": "3019742240", "price": 86108.4, "amount": 0.05, "side": "buy", "timestamp": 1766015396188}, {"id": "3019742585", "price": 86127.2, "amount": 0.006, "side": "buy", "timestamp": 1766015448317}, {"id": "3019742586", "price": 86127.6, "amount": 0.004, "side": "buy", "timestamp": 1766015448317}, {"id": "3019742587", "price": 86128.1, "amount": 0.002, "side": "buy", "timestamp": 1766015448317}, {"id": "3019742588", "price": 86128.4, "amount": 0.002, "side": "buy", "timestamp": 1766015448317}, {"id": "3019742589", "price": 86128.6, "amount": 0.002, "side": "buy", "timestamp": 1766015448317}, {"id": "3019742590", "price": 86128.8, "amount": 0.003, "side": "buy", "timestamp": 1766015448317}, {"id": "3019742591", "price": 86128.9, "amount": 0.335, "side": "buy", "timestamp": 1766015448317}, {"id": "3019742592", "price": 86129.0, "amount": 1.905, "side": "buy", "timestamp": 1766015448317}, {"id": "3019742593", "price": 86129.1, "amount": 0.061, "side": "buy", "timestamp": 1766015448317}, {"id": "3019742594", "price": 86129.0, "amount": 0.337, "side": "sell", "timestamp": 1766015448422}, {"id": "3019742595", "price": 86129.1, "amount": 0.042, "side": "buy", "timestamp": 1766015448866}, {"id": "3019742596", "price": 86129.0, "amount": 2.539, "side": "sell", "timestamp": 1766015449038}, {"id": "3019742597", "price": 86128.9, "amount": 0.008, "side": "sell", "timestamp": 1766015449038}, {"id": "3019742598", "price": 86128.5, "amount": 0.002, "side": "sell", "timestamp": 1766015449038}, {"id": "3019742599", "price": 86128.4, "amount": 0.002, "side": "sell", "timestamp": 1766015449038}, {"id": "3019742600", "price": 86127.8, "amount": 0.004, "side": "sell", "timestamp": 1766015449038}, {"id": "3019742601", "price": 86127.6, "amount": 0.002, "side": "sell", "timestamp": 1766015449038}, {"id": "3019742602", "price": 86127.2, "amount": 0.002, "side": "sell", "timestamp": 1766015449038}, {"id": "3019742603", "price": 86127.0, "amount": 0.071, "side": "sell", "timestamp": 1766015449038}, {"id": "3019742604", "price": 86126.9, "amount": 0.06, "side": "sell", "timestamp": 1766015449038}, {"id": "3019742605", "price": 86126.8, "amount": 0.002, "side": "sell", "timestamp": 1766015449038}, {"id": "3019742606", "price": 86126.7, "amount": 0.003, "side": "sell", "timestamp": 1766015449038}, {"id": "3019742607", "price": 86126.4, "amount": 0.002, "side": "sell", "timestamp": 1766015449038}, {"id": "3019742608", "price": 86126.2, "amount": 0.003, "side": "sell", "timestamp": 1766015449038}, {"id": "3019742609", "price": 86126.1, "amount": 0.064, "side": "sell", "timestamp": 1766015449038}, {"id": "3019742610", "price": 86126.0, "amount": 0.002, "side": "sell", "timestamp": 1766015449038}, {"id": "3019742611", "price": 86125.9, "amount": 0.123, "side": "sell", "timestamp": 1766015449038}, {"id": "3019742612", "price": 86125.8, "amount": 0.058, "side": "sell", "timestamp": 1766015449038}, {"id": "3019742613", "price": 86125.5, "amount": 0.014, "side": "sell", "timestamp": 1766015449038}, {"id": "3019742614", "price": 86125.4, "amount": 0.06, "side": "sell", "timestamp": 1766015449038}, {"id": "3019742615", "price": 86125.2, "amount": 0.005, "side": "sell", "timestamp": 1766015449038}, {"id": "3019742616", "price": 86125.0, "amount": 0.008, "side": "sell", "timestamp": 1766015449038}, {"id": "3019742617", "price": 86124.9, "amount": 0.004, "side": "sell", "timestamp": 1766015449038}, {"id": "3019742618", "price": 86124.8, "amount": 0.002, "side": "sell", "timestamp": 1766015449038}, {"id": "3019742619", "price": 86124.7, "amount": 0.047, "side": "sell", "timestamp": 1766015449038}, {"id": "3019742620", "price": 86124.6, "amount": 0.019, "side": "sell", "timestamp": 1766015449038}, {"id": "3019742621", "price": 86124.5, "amount": 0.038, "side": "sell", "timestamp": 1766015449038}, {"id": "3019742622", "price": 86124.6, "amount": 0.013, "side": "buy", "timestamp": 1766015449090}, {"id": "3019742623", "price": 86124.5, "amount": 0.004, "side": "sell", "timestamp": 1766015449419}, {"id": "3019742624", "price": 86124.6, "amount": 0.01, "side": "buy", "timestamp": 1766015449898}, {"id": "3019742625", "price": 86124.5, "amount": 0.004, "side": "sell", "timestamp": 1766015450178}, {"id": "3019742626", "price": 86124.6, "amount": 0.002, "side": "buy", "timestamp": 1766015450779}, {"id": "3019742627", "price": 86124.5, "amount": 0.484, "side": "sell", "timestamp": 1766015450781}, {"id": "3019742628", "price": 86124.5, "amount": 0.002, "side": "sell", "timestamp": 1766015450928}, {"id": "3019742629", "price": 86124.6, "amount": 5.0, "side": "buy", "timestamp": 1766015451045}, {"id": "3019742630", "price": 86124.6, "amount": 0.045, "side": "buy", "timestamp": 1766015451185}, {"id": "3019742631", "price": 86124.6, "amount": 0.002, "side": "buy", "timestamp": 1766015451563}, {"id": "3019742632", "price": 86124.6, "amount": 0.01, "side": "buy", "timestamp": 1766015451975}, {"id": "3019742633", "price": 86124.6, "amount": 0.01, "side": "buy", "timestamp": 1766015452458}, {"id": "3019742634", "price": 86124.6, "amount": 0.116, "side": "buy", "timestamp": 1766015453615}, {"id": "3019743541", "price": 86064.2, "amount": 0.002, "side": "buy", "timestamp": 1766015504802}, {"id": "3019743542", "price": 86064.4, "amount": 0.003, "side": "buy", "timestamp": 1766015504802}, {"id": "3019743543", "price": 86064.5, "amount": 0.002, "side": "buy", "timestamp": 1766015504802}, {"id": "3019743544", "price": 86064.6, "amount": 0.004, "side": "buy", "timestamp": 1766015504802}, {"id": "3019743545", "price": 86064.7, "amount": 0.002, "side": "buy", "timestamp": 1766015504802}, {"id": "3019743546", "price": 86064.8, "amount": 0.029, "side": "buy", "timestamp": 1766015504802}, {"id": "3019743547", "price": 86064.9, "amount": 0.008, "side": "buy", "timestamp": 1766015504802}, {"id": "3019743548", "price": 86065.0, "amount": 0.004, "side": "buy", "timestamp": 1766015504802}, {"id": "3019743549", "price": 86065.1, "amount": 0.003, "side": "buy", "timestamp": 1766015504802}, {"id": "3019743550", "price": 86065.2, "amount": 0.006, "side": "buy", "timestamp": 1766015504802}, {"id": "3019743551", "price": 86065.4, "amount": 0.007, "side": "buy", "timestamp": 1766015504802}, {"id": "3019743552", "price": 86065.5, "amount": 0.007, "side": "buy", "timestamp": 1766015504802}, {"id": "3019743553", "price": 86065.6, "amount": 0.002, "side": "buy", "timestamp": 1766015504802}, {"id": "3019743554", "price": 86065.7, "amount": 0.005, "side": "buy", "timestamp": 1766015504802}, {"id": "3019743555", "price": 86065.8, "amount": 0.002, "side": "buy", "timestamp": 1766015504802}, {"id": "3019743556", "price": 86065.9, "amount": 0.003, "side": "buy", "timestamp": 1766015504802}, {"id": "3019743557", "price": 86066.1, "amount": 0.004, "side": "buy", "timestamp": 1766015504802}, {"id": "3019743558", "price": 86066.3, "amount": 0.177, "side": "buy", "timestamp": 1766015504802}, {"id": "3019743559", "price": 86066.4, "amount": 0.007, "side": "buy", "timestamp": 1766015504802}, {"id": "3019743560", "price": 86066.5, "amount": 0.004, "side": "buy", "timestamp": 1766015504802}, {"id": "3019743561", "price": 86066.6, "amount": 0.363, "side": "buy", "timestamp": 1766015504802}, {"id": "3019743562", "price": 86066.7, "amount": 0.872, "side": "buy", "timestamp": 1766015504802}, {"id": "3019743563", "price": 86066.9, "amount": 0.002, "side": "buy", "timestamp": 1766015504802}, {"id": "3019743564", "price": 86067.0, "amount": 0.004, "side": "buy", "timestamp": 1766015504802}, {"id": "3019743565", "price": 86067.1, "amount": 0.005, "side": "buy", "timestamp": 1766015504802}, {"id": "3019743566", "price": 86067.2, "amount": 0.002, "side": "buy", "timestamp": 1766015504802}, {"id": "3019743567", "price": 86067.5, "amount": 0.017, "side": "buy", "timestamp": 1766015504802}, {"id": "3019743568", "price": 86067.7, "amount": 0.119, "side": "buy", "timestamp": 1766015504802}, {"id": "3019743569", "price": 86067.8, "amount": 0.006, "side": "buy", "timestamp": 1766015504802}, {"id": "3019743570", "price": 86067.9, "amount": 0.002, "side": "buy", "timestamp": 1766015504802}, {"id": "3019743571", "price": 86068.0, "amount": 0.005, "side": "buy", "timestamp": 1766015504802}, {"id": "3019743572", "price": 86068.1, "amount": 0.009, "side": "buy", "timestamp": 1766015504802}, {"id": "3019743573", "price": 86068.4, "amount": 0.119, "side": "buy", "timestamp": 1766015504802}, {"id": "3019743574", "price": 86068.5, "amount": 0.002, "side": "buy", "timestamp": 1766015504802}, {"id": "3019743575", "price": 86068.6, "amount": 0.118, "side": "buy", "timestamp": 1766015504802}, {"id": "3019743576", "price": 86068.7, "amount": 0.004, "side": "buy", "timestamp": 1766015504802}, {"id": "3019743577", "price": 86068.8, "amount": 0.399, "side": "buy", "timestamp": 1766015504802}, {"id": "3019743578", "price": 86068.9, "amount": 0.025, "side": "buy", "timestamp": 1766015504864}, {"id": "3019743579", "price": 86068.8, "amount": 0.002, "side": "sell", "timestamp": 1766015504874}, {"id": "3019743580", "price": 86068.8, "amount": 0.016, "side": "sell", "timestamp": 1766015505636}, {"id": "3019743581", "price": 86068.8, "amount": 0.006, "side": "sell", "timestamp": 1766015505957}, {"id": "3019743582", "price": 86068.8, "amount": 0.002, "side": "sell", "timestamp": 1766015506103}, {"id": "3019743583", "price": 86068.9, "amount": 0.002, "side": "buy", "timestamp": 1766015506156}, {"id": "3019743584", "price": 86068.8, "amount": 0.014, "side": "sell", "timestamp": 1766015506247}, {"id": "3019743585", "price": 86068.8, "amount": 0.002, "side": "sell", "timestamp": 1766015507002}, {"id": "3019743586", "price": 86068.8, "amount": 0.016, "side": "sell", "timestamp": 1766015507124}, {"id": "3019743587", "price": 86068.8, "amount": 0.004, "side": "sell", "timestamp": 1766015507772}, {"id": "3019743588", "price": 86068.8, "amount": 0.006, "side": "sell", "timestamp": 1766015508400}, {"id": "3019743589", "price": 86068.8, "amount": 0.113, "side": "sell", "timestamp": 1766015508961}, {"id": "3019743590", "price": 86068.9, "amount": 0.005, "side": "buy", "timestamp": 1766015509453}, {"id": "3019743934", "price": 86062.5, "amount": 0.002, "side": "sell", "timestamp": 1766015558136}, {"id": "3019743935", "price": 86062.2, "amount": 0.002, "side": "sell", "timestamp": 1766015558136}, {"id": "3019743936", "price": 86062.1, "amount": 0.002, "side": "sell", "timestamp": 1766015558136}, {"id": "3019743937", "price": 86061.6, "amount": 0.002, "side": "sell", "timestamp": 1766015558136}, {"id": "3019743938", "price": 86061.2, "amount": 0.003, "side": "sell", "timestamp": 1766015558136}, {"id": "3019743939", "price": 86061.1, "amount": 0.009, "side": "sell", "timestamp": 1766015558136}, {"id": "3019743940", "price": 86061.0, "amount": 0.031, "side": "sell", "timestamp": 1766015558588}, {"id": "3019743941", "price": 86061.0, "amount": 0.024, "side": "sell", "timestamp": 1766015558691}, {"id": "3019743942", "price": 86060.9, "amount": 0.005, "side": "sell", "timestamp": 1766015558691}, {"id": "3019743943", "price": 86060.5, "amount": 0.002, "side": "sell", "timestamp": 1766015558693}, {"id": "3019743944", "price": 86060.4, "amount": 0.007, "side": "sell", "timestamp": 1766015558693}, {"id": "3019743945", "price": 86060.3, "amount": 0.008, "side": "sell", "timestamp": 1766015558693}, {"id": "3019743946", "price": 86060.2, "amount": 0.002, "side": "sell", "timestamp": 1766015558693}, {"id": "3019743947", "price": 86060.0, "amount": 0.006, "side": "sell", "timestamp": 1766015558693}, {"id": "3019743948", "price": 86059.6, "amount": 0.006, "side": "sell", "timestamp": 1766015558696}, {"id": "3019743949", "price": 86059.5, "amount": 0.002, "side": "sell", "timestamp": 1766015558697}, {"id": "3019743950", "price": 86059.2, "amount": 0.002, "side": "sell", "timestamp": 1766015558697}, {"id": "3019743951", "price": 86059.0, "amount": 0.007, "side": "sell", "timestamp": 1766015558699}, {"id": "3019743952", "price": 86058.5, "amount": 0.002, "side": "sell", "timestamp": 1766015558699}, {"id": "3019743953", "price": 86058.3, "amount": 0.007, "side": "sell", "timestamp": 1766015558699}, {"id": "3019743954", "price": 86058.0, "amount": 0.004, "side": "sell", "timestamp": 1766015558701}, {"id": "3019743955", "price": 86057.7, "amount": 0.081, "side": "buy", "timestamp": 1766015559043}, {"id": "3019743956", "price": 86057.6, "amount": 0.053, "side": "sell", "timestamp": 1766015559408}, {"id": "3019743957", "price": 86057.5, "amount": 0.004, "side": "sell", "timestamp": 1766015559408}, {"id": "3019743958", "price": 86057.4, "amount": 0.005, "side": "sell", "timestamp": 1766015559408}, {"id": "3019743959", "price": 86057.0, "amount": 0.006, "side": "sell", "timestamp": 1766015559408}, {"id": "3019743960", "price": 86056.8, "amount": 0.005, "side": "sell", "timestamp": 1766015559408}, {"id": "3019743961", "price": 86056.7, "amount": 0.002, "side": "sell", "timestamp": 1766015559408}, {"id": "3019743962", "price": 86056.6, "amount": 0.003, "side": "sell", "timestamp": 1766015559408}, {"id": "3019743963", "price": 86056.3, "amount": 0.002, "side": "sell", "timestamp": 1766015559408}, {"id": "3019743964", "price": 86056.2, "amount": 0.002, "side": "sell", "timestamp": 1766015559408}, {"id": "3019743965", "price": 86056.1, "amount": 0.002, "side": "sell", "timestamp": 1766015559408}, {"id": "3019743966", "price": 86055.9, "amount": 0.032, "side": "sell", "timestamp": 1766015559408}, {"id": "3019743967", "price": 86055.8, "amount": 0.015, "side": "sell", "timestamp": 1766015559408}, {"id": "3019743968", "price": 86055.9, "amount": 0.003, "side": "buy", "timestamp": 1766015559546}, {"id": "3019743969", "price": 86055.8, "amount": 0.005, "side": "sell", "timestamp": 1766015559905}, {"id": "3019743970", "price": 86055.8, "amount": 0.047, "side": "sell", "timestamp": 1766015560447}, {"id": "3019743971", "price": 86055.8, "amount": 0.005, "side": "sell", "timestamp": 1766015561336}, {"id": "3019743972", "price": 86055.9, "amount": 0.005, "side": "buy", "timestamp": 1766015561878}, {"id": "3019743973", "price": 86055.8, "amount": 0.1, "side": "sell", "timestamp": 1766015561933}, {"id": "3019743974", "price": 86055.9, "amount": 0.001, "side": "buy", "timestamp": 1766015563028}, {"id": "3019743975", "price": 86055.8, "amount": 0.145, "side": "sell", "timestamp": 1766015563042}, {"id": "3019743976", "price": 86055.8, "amount": 0.1, "side": "sell", "timestamp": 1766015565160}, {"id": "3019743977", "price": 86055.8, "amount": 0.002, "side": "sell", "timestamp": 1766015565517}, {"id": "3019743978", "price": 86055.9, "amount": 0.002, "side": "buy", "timestamp": 1766015565603}, {"id": "3019743979", "price": 86055.9, "amount": 0.005, "side": "buy", "timestamp": 1766015565854}, {"id": "3019743980", "price": 86055.8, "amount": 0.133, "side": "sell", "timestamp": 1766015565980}, {"id": "3019743981", "price": 86055.8, "amount": 0.002, "side": "sell", "timestamp": 1766015566504}, {"id": "3019743982", "price": 86055.8, "amount": 0.187, "side": "sell", "timestamp": 1766015566827}, {"id": "3019743983", "price": 86055.9, "amount": 0.108, "side": "buy", "timestamp": 1766015566929}, {"id": "3019744046", "price": 86055.7, "amount": 0.002, "side": "sell", "timestamp": 1766015593029}, {"id": "3019744047", "price": 86055.7, "amount": 0.164, "side": "sell", "timestamp": 1766015593313}, {"id": "3019744048", "price": 86055.8, "amount": 0.018, "side": "buy", "timestamp": 1766015593918}, {"id": "3019744049", "price": 86055.8, "amount": 0.385, "side": "buy", "timestamp": 1766015594670}, {"id": "3019744050", "price": 86055.7, "amount": 0.5, "side": "sell", "timestamp": 1766015595772}, {"id": "3019744051", "price": 86055.7, "amount": 0.004, "side": "sell", "timestamp": 1766015596198}, {"id": "3019744052", "price": 86055.8, "amount": 0.002, "side": "buy", "timestamp": 1766015597497}, {"id": "3019744053", "price": 86055.8, "amount": 0.004, "side": "buy", "timestamp": 1766015598404}, {"id": "3019744054", "price": 86055.8, "amount": 0.058, "side": "buy", "timestamp": 1766015598732}, {"id": "3019744055", "price": 86055.8, "amount": 0.002, "side": "buy", "timestamp": 1766015599009}, {"id": "3019744056", "price": 86055.8, "amount": 0.088, "side": "buy", "timestamp": 1766015599121}, {"id": "3019744057", "price": 86055.7, "amount": 0.006, "side": "sell", "timestamp": 1766015599646}, {"id": "3019744058", "price": 86055.7, "amount": 0.003, "side": "sell", "timestamp": 1766015599869}, {"id": "3019744059", "price": 86055.8, "amount": 0.004, "side": "buy", "timestamp": 1766015602024}, {"id": "3019744060", "price": 86055.7, "amount": 0.002, "side": "sell", "timestamp": 1766015602285}, {"id": "3019744061", "price": 86055.7, "amount": 0.009, "side": "sell", "timestamp": 1766015603556}, {"id": "3019744062", "price": 86055.8, "amount": 0.034, "side": "buy", "timestamp": 1766015604164}, {"id": "3019744063", "price": 86055.8, "amount": 0.058, "side": "buy", "timestamp": 1766015604323}, {"id": "3019744064", "price": 86055.7, "amount": 0.005, "side": "sell", "timestamp": 1766015604350}, {"id": "3019744065", "price": 86055.8, "amount": 0.835, "side": "buy", "timestamp": 1766015604685}, {"id": "3019744066", "price": 86055.9, "amount": 0.157, "side": "buy", "timestamp": 1766015604685}, {"id": "3019744067", "price": 86056.0, "amount": 0.008, "side": "buy", "timestamp": 1766015604685}, {"id": "3019744068", "price": 86056.0, "amount": 0.056, "side": "buy", "timestamp": 1766015605306}, {"id": "3019744069", "price": 86056.0, "amount": 0.087, "side": "buy", "timestamp": 1766015606243}, {"id": "3019744070", "price": 86055.9, "amount": 0.009, "side": "sell", "timestamp": 1766015606649}, {"id": "3019744071", "price": 86056.0, "amount": 0.059, "side": "buy", "timestamp": 1766015607322}, {"id": "3019744072", "price": 86056.0, "amount": 0.002, "side": "buy", "timestamp": 1766015608437}, {"id": "3019744073", "price": 86056.0, "amount": 0.05, "side": "buy", "timestamp": 1766015608538}, {"id": "3019744074", "price": 86056.0, "amount": 0.006, "side": "buy", "timestamp": 1766015609689}, {"id": "3019744075", "price": 86056.0, "amount": 0.013, "side": "buy", "timestamp": 1766015609958}, {"id": "3019744076", "price": 86056.0, "amount": 0.007, "side": "buy", "timestamp": 1766015610348}, {"id": "3019744077", "price": 86055.9, "amount": 0.006, "side": "sell", "timestamp": 1766015610395}, {"id": "3019744078", "price": 86056.0, "amount": 0.005, "side": "buy", "timestamp": 1766015611865}, {"id": "3019744079", "price": 86055.9, "amount": 0.005, "side": "sell", "timestamp": 1766015611897}, {"id": "3019744080", "price": 86056.0, "amount": 0.78, "side": "buy", "timestamp": 1766015612271}, {"id": "3019744081", "price": 86056.1, "amount": 0.053, "side": "buy", "timestamp": 1766015612274}, {"id": "3019744082", "price": 86056.1, "amount": 0.001, "side": "buy", "timestamp": 1766015612814}, {"id": "3019744083", "price": 86056.0, "amount": 0.1, "side": "sell", "timestamp": 1766015613284}, {"id": "3019744084", "price": 86056.0, "amount": 0.051, "side": "sell", "timestamp": 1766015614036}, {"id": "3019744085", "price": 86056.1, "amount": 0.023, "side": "buy", "timestamp": 1766015614598}, {"id": "3019744086", "price": 86056.1, "amount": 0.005, "side": "buy", "timestamp": 1766015614966}, {"id": "3019744087", "price": 86056.0, "amount": 0.006, "side": "sell", "timestamp": 1766015615452}, {"id": "3019744088", "price": 86056.0, "amount": 0.808, "side": "sell", "timestamp": 1766015615688}, {"id": "3019744089", "price": 86056.0, "amount": 0.003, "side": "sell", "timestamp": 1766015617003}, {"id": "3019744090", "price": 86056.1, "amount": 0.002, "side": "buy", "timestamp": 1766015617277}, {"id": "3019744091", "price": 86056.0, "amount": 0.009, "side": "sell", "timestamp": 1766015617437}, {"id": "3019744092", "price": 86056.0, "amount": 0.027, "side": "sell", "timestamp": 1766015618299}, {"id": "3019744093", "price": 86056.1, "amount": 0.017, "side": "buy", "timestamp": 1766015618348}, {"id": "3019744094", "price": 86056.1, "amount": 0.003, "side": "buy", "timestamp": 1766015619531}, {"id": "3019744095", "price": 86056.0, "amount": 0.002, "side": "sell", "timestamp": 1766015621296}, {"id": "3019744332", "price": 86040.5, "amount": 0.058, "side": "sell", "timestamp": 1766015667034}, {"id": "3019744333", "price": 86040.4, "amount": 0.017, "side": "sell", "timestamp": 1766015667113}, {"id": "3019744334", "price": 86040.3, "amount": 0.003, "side": "sell", "timestamp": 1766015667113}, {"id": "3019744335", "price": 86040.0, "amount": 0.002, "side": "sell", "timestamp": 1766015667113}, {"id": "3019744336", "price": 86039.8, "amount": 0.006, "side": "sell", "timestamp": 1766015667113}, {"id": "3019744337", "price": 86039.7, "amount": 0.003, "side": "sell", "timestamp": 1766015667113}, {"id": "3019744338", "price": 86039.7, "amount": 0.002, "side": "buy", "timestamp": 1766015667755}, {"id": "3019744339", "price": 86039.6, "amount": 0.002, "side": "sell", "timestamp": 1766015668203}, {"id": "3019744340", "price": 86039.6, "amount": 0.002, "side": "sell", "timestamp": 1766015668947}, {"id": "3019744341", "price": 86039.7, "amount": 4.643, "side": "buy", "timestamp": 1766015669151}, {"id": "3019744342", "price": 86039.8, "amount": 0.004, "side": "buy", "timestamp": 1766015669151}, {"id": "3019744343", "price": 86039.9, "amount": 0.066, "side": "buy", "timestamp": 1766015669151}, {"id": "3019744344", "price": 86040.0, "amount": 0.094, "side": "buy", "timestamp": 1766015669151}, {"id": "3019744345", "price": 86040.1, "amount": 0.006, "side": "buy", "timestamp": 1766015669151}, {"id": "3019744346", "price": 86040.4, "amount": 0.175, "side": "buy", "timestamp": 1766015669151}, {"id": "3019744347", "price": 86040.5, "amount": 0.004, "side": "buy", "timestamp": 1766015669151}, {"id": "3019744348", "price": 86040.6, "amount": 0.008, "side": "buy", "timestamp": 1766015669151}, {"id": "3019744349", "price": 86040.5, "amount": 0.013, "side": "sell", "timestamp": 1766015669308}, {"id": "3019744350", "price": 86040.5, "amount": 0.108, "side": "sell", "timestamp": 1766015669461}, {"id": "3019744351", "price": 86040.4, "amount": 0.002, "side": "sell", "timestamp": 1766015669461}, {"id": "3019744352", "price": 86040.0, "amount": 0.002, "side": "sell", "timestamp": 1766015669461}, {"id": "3019744353", "price": 86039.8, "amount": 0.002, "side": "sell", "timestamp": 1766015669461}, {"id": "3019744354", "price": 86039.6, "amount": 0.062, "side": "sell", "timestamp": 1766015669461}, {"id": "3019744355", "price": 86039.5, "amount": 0.002, "side": "sell", "timestamp": 1766015669461}, {"id": "3019744356", "price": 86039.3, "amount": 0.002, "side": "sell", "timestamp": 1766015669461}, {"id": "3019744357", "price": 86039.2, "amount": 0.002, "side": "sell", "timestamp": 1766015669461}, {"id": "3019744358", "price": 86039.0, "amount": 0.063, "side": "sell", "timestamp": 1766015669461}, {"id": "3019744359", "price": 86038.9, "amount": 0.028, "side": "sell", "timestamp": 1766015669461}, {"id": "3019744360", "price": 86038.8, "amount": 0.002, "side": "sell", "timestamp": 1766015669461}, {"id": "3019744361", "price": 86038.7, "amount": 0.002, "side": "sell", "timestamp": 1766015669461}, {"id": "3019744362", "price": 86038.3, "amount": 0.011, "side": "sell", "timestamp": 1766015669461}, {"id": "3019744363", "price": 86038.3, "amount": 0.005, "side": "sell", "timestamp": 1766015669913}, {"id": "3019744364", "price": 86038.3, "amount": 0.002, "side": "sell", "timestamp": 1766015670049}, {"id": "3019744365", "price": 86038.3, "amount": 0.013, "side": "sell", "timestamp": 1766015670163}, {"id": "3019744366", "price": 86038.4, "amount": 0.026, "side": "buy", "timestamp": 1766015670292}, {"id": "3019744367", "price": 86038.3, "amount": 0.012, "side": "sell", "timestamp": 1766015670582}, {"id": "3019744368", "price": 86038.4, "amount": 0.039, "side": "buy", "timestamp": 1766015671128}, {"id": "3019744369", "price": 86038.3, "amount": 0.019, "side": "sell", "timestamp": 1766015671369}, {"id": "3019744370", "price": 86038.3, "amount": 0.02, "side": "sell", "timestamp": 1766015671910}, {"id": "3019744371", "price": 86038.3, "amount": 1.048, "side": "sell", "timestamp": 1766015672685}, {"id": "3019744372", "price": 86038.3, "amount": 0.005, "side": "sell", "timestamp": 1766015673302}, {"id": "3019744373", "price": 86038.3, "amount": 0.004, "side": "sell", "timestamp": 1766015673713}, {"id": "3019744374", "price": 86038.4, "amount": 0.013, "side": "buy", "timestamp": 1766015674933}, {"id": "3019744375", "price": 86038.3, "amount": 0.031, "side": "sell", "timestamp": 1766015675237}, {"id": "3019744376", "price": 86038.3, "amount": 0.007, "side": "sell", "timestamp": 1766015675603}, {"id": "3019744377", "price": 86038.3, "amount": 0.029, "side": "sell", "timestamp": 1766015675868}, {"id": "3019744378", "price": 86038.4, "amount": 0.004, "side": "buy", "timestamp": 1766015676954}, {"id": "3019744379", "price": 86038.3, "amount": 0.004, "side": "sell", "timestamp": 1766015676987}, {"id": "3019744380", "price": 86038.3, "amount": 0.003, "side": "sell", "timestamp": 1766015677839}, {"id": "3019744381", "price": 86038.4, "amount": 0.007, "side": "buy", "timestamp": 1766015677897}, {"id": "3019744651", "price": 86026.2, "amount": 0.006, "side": "sell", "timestamp": 1766015730870}, {"id": "3019744652", "price": 86026.1, "amount": 0.016, "side": "sell", "timestamp": 1766015730870}, {"id": "3019744653", "price": 86025.9, "amount": 0.005, "side": "sell", "timestamp": 1766015730870}, {"id": "3019744654", "price": 86025.8, "amount": 0.004, "side": "sell", "timestamp": 1766015730870}, {"id": "3019744655", "price": 86025.7, "amount": 0.045, "side": "sell", "timestamp": 1766015730870}, {"id": "3019744656", "price": 86025.6, "amount": 0.521, "side": "sell", "timestamp": 1766015730870}, {"id": "3019744657", "price": 86025.5, "amount": 0.124, "side": "sell", "timestamp": 1766015730870}, {"id": "3019744658", "price": 86025.3, "amount": 0.002, "side": "sell", "timestamp": 1766015730870}, {"id": "3019744659", "price": 86025.2, "amount": 0.01, "side": "sell", "timestamp": 1766015730870}, {"id": "3019744660", "price": 86025.1, "amount": 0.005, "side": "sell", "timestamp": 1766015730870}, {"id": "3019744661", "price": 86025.0, "amount": 0.01, "side": "sell", "timestamp": 1766015730870}, {"id": "3019744662", "price": 86024.9, "amount": 0.002, "side": "sell", "timestamp": 1766015730870}, {"id": "3019744663", "price": 86024.8, "amount": 0.191, "side": "sell", "timestamp": 1766015730870}, {"id": "3019744664", "price": 86024.7, "amount": 0.161, "side": "sell", "timestamp": 1766015730870}, {"id": "3019744665", "price": 86024.6, "amount": 0.046, "side": "sell", "timestamp": 1766015730870}, {"id": "3019744666", "price": 86024.5, "amount": 0.002, "side": "sell", "timestamp": 1766015730870}, {"id": "3019744667", "price": 86024.3, "amount": 0.009, "side": "sell", "timestamp": 1766015730870}, {"id": "3019744668", "price": 86024.2, "amount": 0.022, "side": "sell", "timestamp": 1766015730870}, {"id": "3019744669", "price": 86024.1, "amount": 0.003, "side": "sell", "timestamp": 1766015730870}, {"id": "3019744670", "price": 86023.9, "amount": 0.289, "side": "sell", "timestamp": 1766015730870}, {"id": "3019744671", "price": 86023.8, "amount": 0.021, "side": "sell", "timestamp": 1766015730874}, {"id": "3019744672", "price": 86024.0, "amount": 0.748, "side": "buy", "timestamp": 1766015730962}, {"id": "3019744673", "price": 86024.1, "amount": 0.002, "side": "buy", "timestamp": 1766015730974}, {"id": "3019744674", "price": 86024.3, "amount": 0.002, "side": "buy", "timestamp": 1766015730974}, {"id": "3019744675", "price": 86024.8, "amount": 0.083, "side": "buy", "timestamp": 1766015730984}, {"id": "3019744676", "price": 86024.9, "amount": 0.002, "side": "buy", "timestamp": 1766015731075}, {"id": "3019744677", "price": 86025.3, "amount": 0.002, "side": "buy", "timestamp": 1766015731075}, {"id": "3019744678", "price": 86025.8, "amount": 0.004, "side": "buy", "timestamp": 1766015731075}, {"id": "3019744679", "price": 86026.0, "amount": 0.002, "side": "buy", "timestamp": 1766015731075}, {"id": "3019744680", "price": 86026.2, "amount": 0.003, "side": "buy", "timestamp": 1766015731076}, {"id": "3019744681", "price": 86026.3, "amount": 0.003, "side": "buy", "timestamp": 1766015731076}, {"id": "3019744682", "price": 86026.4, "amount": 0.003, "side": "buy", "timestamp": 1766015731076}, {"id": "3019744683", "price": 86026.5, "amount": 0.005, "side": "buy", "timestamp": 1766015731076}, {"id": "3019744684", "price": 86026.6, "amount": 0.003, "side": "buy", "timestamp": 1766015731080}, {"id": "3019744685", "price": 86026.8, "amount": 0.003, "side": "buy", "timestamp": 1766015731080}, {"id": "3019744686", "price": 86026.9, "amount": 0.003, "side": "buy", "timestamp": 1766015731080}, {"id": "3019744687", "price": 86027.0, "amount": 0.01, "side": "buy", "timestamp": 1766015731080}, {"id": "3019744688", "price": 86027.5, "amount": 0.002, "side": "buy", "timestamp": 1766015731084}, {"id": "3019744689", "price": 86028.1, "amount": 0.02, "side": "sell", "timestamp": 1766015731134}, {"id": "3019744690", "price": 86028.2, "amount": 0.003, "side": "buy", "timestamp": 1766015731311}, {"id": "3019744691", "price": 86028.1, "amount": 0.005, "side": "sell", "timestamp": 1766015731888}, {"id": "3019744692", "price": 86028.2, "amount": 0.012, "side": "buy", "timestamp": 1766015732168}, {"id": "3019744693", "price": 86028.1, "amount": 0.003, "side": "sell", "timestamp": 1766015732823}, {"id": "3019744694", "price": 86028.1, "amount": 3.0, "side": "sell", "timestamp": 1766015733227}, {"id": "3019744695", "price": 86028.2, "amount": 0.004, "side": "buy", "timestamp": 1766015733356}, {"id": "3019744696", "price": 86028.2, "amount": 0.002, "side": "buy", "timestamp": 1766015733632}, {"id": "3019744697", "price": 86028.2, "amount": 0.028, "side": "buy", "timestamp": 1766015734246}, {"id": "3019744698", "price": 86028.2, "amount": 0.011, "side": "buy", "timestamp": 1766015735168}, {"id": "3019744699", "price": 86028.2, "amount": 0.02, "side": "buy", "timestamp": 1766015735380}, {"id": "3019744700", "price": 86028.1, "amount": 0.017, "side": "sell", "timestamp": 1766015735420}, {"id": "3019745398", "price": 86095.3, "amount": 0.003, "side": "sell", "timestamp": 1766015789276}, {"id": "3019745399", "price": 86095.1, "amount": 0.002, "side": "sell", "timestamp": 1766015789276}, {"id": "3019745400", "price": 86095.0, "amount": 0.002, "side": "sell", "timestamp": 1766015789276}, {"id": "3019745401", "price": 86094.6, "amount": 0.002, "side": "sell", "timestamp": 1766015789276}, {"id": "3019745402", "price": 86094.5, "amount": 0.005, "side": "sell", "timestamp": 1766015789276}, {"id": "3019745403", "price": 86094.3, "amount": 0.004, "side": "sell", "timestamp": 1766015789276}, {"id": "3019745404", "price": 86094.1, "amount": 0.004, "side": "sell", "timestamp": 1766015789276}, {"id": "3019745405", "price": 86094.0, "amount": 0.002, "side": "sell", "timestamp": 1766015789276}, {"id": "3019745406", "price": 86093.8, "amount": 0.002, "side": "sell", "timestamp": 1766015789276}, {"id": "3019745407", "price": 86093.5, "amount": 0.002, "side": "sell", "timestamp": 1766015789276}, {"id": "3019745408", "price": 86093.3, "amount": 0.002, "side": "sell", "timestamp": 1766015789276}, {"id": "3019745409", "price": 86093.1, "amount": 0.002, "side": "sell", "timestamp": 1766015789276}, {"id": "3019745410", "price": 86092.8, "amount": 0.073, "side": "sell", "timestamp": 1766015789276}, {"id": "3019745411", "price": 86092.3, "amount": 0.004, "side": "sell", "timestamp": 1766015789276}, {"id": "3019745412", "price": 86091.9, "amount": 0.002, "side": "sell", "timestamp": 1766015789276}, {"id": "3019745413", "price": 86091.8, "amount": 0.004, "side": "sell", "timestamp": 1766015789276}, {"id": "3019745414", "price": 86091.3, "amount": 0.004, "side": "sell", "timestamp": 1766015789276}, {"id": "3019745415", "price": 86090.8, "amount": 0.004, "side": "sell", "timestamp": 1766015789276}, {"id": "3019745416", "price": 86090.7, "amount": 0.002, "side": "sell", "timestamp": 1766015789276}, {"id": "3019745417", "price": 86090.4, "amount": 0.114, "side": "sell", "timestamp": 1766015789276}, {"id": "3019745418", "price": 86090.3, "amount": 0.004, "side": "sell", "timestamp": 1766015789276}, {"id": "3019745419", "price": 86090.2, "amount": 0.464, "side": "sell", "timestamp": 1766015789276}, {"id": "3019745420", "price": 86090.1, "amount": 0.512, "side": "sell", "timestamp": 1766015789276}, {"id": "3019745421", "price": 86090.0, "amount": 0.002, "side": "sell", "timestamp": 1766015789276}, {"id": "3019745422", "price": 86089.9, "amount": 0.002, "side": "sell", "timestamp": 1766015789276}, {"id": "3019745423", "price": 86089.8, "amount": 0.002, "side": "sell", "timestamp": 1766015789276}, {"id": "3019745424", "price": 86089.5, "amount": 0.004, "side": "sell", "timestamp": 1766015789276}, {"id": "3019745425", "price": 86089.4, "amount": 0.002, "side": "sell", "timestamp": 1766015789276}, {"id": "3019745426", "price": 86089.2, "amount": 0.008, "side": "sell", "timestamp": 1766015789276}, {"id": "3019745427", "price": 86089.0, "amount": 0.004, "side": "sell", "timestamp": 1766015789276}, {"id": "3019745428", "price": 86088.8, "amount": 0.006, "side": "sell", "timestamp": 1766015789278}, {"id": "3019745429", "price": 86088.7, "amount": 0.066, "side": "sell", "timestamp": 1766015789278}, {"id": "3019745430", "price": 86088.6, "amount": 0.002, "side": "sell", "timestamp": 1766015789278}, {"id": "3019745431", "price": 86088.5, "amount": 0.002, "side": "sell", "timestamp": 1766015789278}, {"id": "3019745432", "price": 86088.4, "amount": 0.002, "side": "sell", "timestamp": 1766015789278}, {"id": "3019745433", "price": 86088.3, "amount": 0.002, "side": "sell", "timestamp": 1766015789278}, {"id": "3019745434", "price": 86088.1, "amount": 0.512, "side": "sell", "timestamp": 1766015789278}, {"id": "3019745435", "price": 86088.0, "amount": 0.516, "side": "sell", "timestamp": 1766015789278}, {"id": "3019745436", "price": 86087.9, "amount": 0.002, "side": "sell", "timestamp": 1766015789278}, {"id": "3019745437", "price": 86087.8, "amount": 0.009, "side": "sell", "timestamp": 1766015789278}, {"id": "3019745438", "price": 86087.2, "amount": 0.002, "side": "sell", "timestamp": 1766015789278}, {"id": "3019745439", "price": 86087.1, "amount": 0.002, "side": "sell", "timestamp": 1766015789278}, {"id": "3019745440", "price": 86086.8, "amount": 0.002, "side": "sell", "timestamp": 1766015789278}, {"id": "3019745441", "price": 86086.7, "amount": 0.002, "side": "sell", "timestamp": 1766015789278}, {"id": "3019745442", "price": 86086.6, "amount": 0.002, "side": "sell", "timestamp": 1766015789278}, {"id": "3019745443", "price": 86091.9, "amount": 0.035, "side": "buy", "timestamp": 1766015789285}, {"id": "3019745444", "price": 86089.3, "amount": 0.031, "side": "sell", "timestamp": 1766015789312}, {"id": "3019745445", "price": 86089.4, "amount": 0.2, "side": "buy", "timestamp": 1766015789555}, {"id": "3019745446", "price": 86089.4, "amount": 0.029, "side": "buy", "timestamp": 1766015790048}, {"id": "3019745447", "price": 86089.4, "amount": 0.002, "side": "buy", "timestamp": 1766015790399}, {"id": "3019746101", "price": 86101.3, "amount": 0.106, "side": "sell", "timestamp": 1766015839804}, {"id": "3019746102", "price": 86100.9, "amount": 0.108, "side": "sell", "timestamp": 1766015839804}, {"id": "3019746103", "price": 86100.8, "amount": 0.002, "side": "sell", "timestamp": 1766015839804}, {"id": "3019746104", "price": 86100.7, "amount": 0.002, "side": "sell", "timestamp": 1766015839804}, {"id": "3019746105", "price": 86100.6, "amount": 0.116, "side": "sell", "timestamp": 1766015839804}, {"id": "3019746106", "price": 86100.5, "amount": 0.106, "side": "sell", "timestamp": 1766015839804}, {"id": "3019746107", "price": 86100.3, "amount": 0.002, "side": "sell", "timestamp": 1766015839804}, {"id": "3019746108", "price": 86100.2, "amount": 0.002, "side": "sell", "timestamp": 1766015839804}, {"id": "3019746109", "price": 86100.0, "amount": 0.002, "side": "sell", "timestamp": 1766015839804}, {"id": "3019746110", "price": 86099.9, "amount": 0.168, "side": "sell", "timestamp": 1766015839804}, {"id": "3019746111", "price": 86103.9, "amount": 0.002, "side": "buy", "timestamp": 1766015839805}, {"id": "3019746112", "price": 86103.2, "amount": 0.003, "side": "buy", "timestamp": 1766015839809}, {"id": "3019746113", "price": 86103.1, "amount": 0.009, "side": "sell", "timestamp": 1766015839942}, {"id": "3019746114", "price": 86103.2, "amount": 0.071, "side": "buy", "timestamp": 1766015840167}, {"id": "3019746115", "price": 86103.1, "amount": 0.032, "side": "sell", "timestamp": 1766015840217}, {"id": "3019746116", "price": 86103.2, "amount": 0.004, "side": "buy", "timestamp": 1766015840312}, {"id": "3019746117", "price": 86103.1, "amount": 0.016, "side": "sell", "timestamp": 1766015841269}, {"id": "3019746118", "price": 86103.2, "amount": 0.001, "side": "buy", "timestamp": 1766015841461}, {"id": "3019746119", "price": 86103.2, "amount": 0.011, "side": "buy", "timestamp": 1766015841575}, {"id": "3019746120", "price": 86103.2, "amount": 0.3, "side": "buy", "timestamp": 1766015841748}, {"id": "3019746121", "price": 86103.1, "amount": 0.011, "side": "sell", "timestamp": 1766015842945}, {"id": "3019746122", "price": 86103.2, "amount": 0.041, "side": "buy", "timestamp": 1766015843158}, {"id": "3019746123", "price": 86103.2, "amount": 0.007, "side": "buy", "timestamp": 1766015844125}, {"id": "3019746124", "price": 86103.1, "amount": 0.002, "side": "sell", "timestamp": 1766015844788}, {"id": "3019746125", "price": 86103.2, "amount": 2.353, "side": "buy", "timestamp": 1766015844942}, {"id": "3019746126", "price": 86103.3, "amount": 0.01, "side": "buy", "timestamp": 1766015844942}, {"id": "3019746127", "price": 86104.2, "amount": 0.004, "side": "buy", "timestamp": 1766015844942}, {"id": "3019746128", "price": 86104.7, "amount": 0.004, "side": "buy", "timestamp": 1766015844942}, {"id": "3019746129", "price": 86104.9, "amount": 0.002, "side": "buy", "timestamp": 1766015844942}, {"id": "3019746130", "price": 86105.0, "amount": 0.002, "side": "buy", "timestamp": 1766015844942}, {"id": "3019746131", "price": 86105.1, "amount": 0.002, "side": "buy", "timestamp": 1766015844942}, {"id": "3019746132", "price": 86105.2, "amount": 0.005, "side": "buy", "timestamp": 1766015844942}, {"id": "3019746133", "price": 86105.3, "amount": 0.002, "side": "buy", "timestamp": 1766015844942}, {"id": "3019746134", "price": 86105.7, "amount": 0.002, "side": "buy", "timestamp": 1766015844942}, {"id": "3019746135", "price": 86106.0, "amount": 0.003, "side": "buy", "timestamp": 1766015844942}, {"id": "3019746136", "price": 86106.1, "amount": 0.002, "side": "buy", "timestamp": 1766015844942}, {"id": "3019746137", "price": 86106.6, "amount": 0.027, "side": "buy", "timestamp": 1766015844942}, {"id": "3019746138", "price": 86106.7, "amount": 0.004, "side": "buy", "timestamp": 1766015844942}, {"id": "3019746139", "price": 86106.8, "amount": 0.008, "side": "buy", "timestamp": 1766015844942}, {"id": "3019746140", "price": 86106.9, "amount": 0.004, "side": "buy", "timestamp": 1766015844942}, {"id": "3019746141", "price": 86107.0, "amount": 0.007, "side": "buy", "timestamp": 1766015844942}, {"id": "3019746142", "price": 86107.1, "amount": 0.21, "side": "buy", "timestamp": 1766015844942}, {"id": "3019746143", "price": 86107.2, "amount": 0.349, "side": "buy", "timestamp": 1766015844942}, {"id": "3019746144", "price": 86103.2, "amount": 0.002, "side": "buy", "timestamp": 1766015845139}, {"id": "3019746145", "price": 86103.2, "amount": 0.005, "side": "buy", "timestamp": 1766015845867}, {"id": "3019746146", "price": 86103.1, "amount": 0.125, "side": "sell", "timestamp": 1766015845868}, {"id": "3019746147", "price": 86103.2, "amount": 0.071, "side": "buy", "timestamp": 1766015845944}, {"id": "3019746148", "price": 86103.1, "amount": 0.004, "side": "sell", "timestamp": 1766015846114}, {"id": "3019746149", "price": 86103.2, "amount": 0.007, "side": "buy", "timestamp": 1766015847870}, {"id": "3019746150", "price": 86103.1, "amount": 0.883, "side": "sell", "timestamp": 1766015847874}, {"id": "3019746279", "price": 86104.2, "amount": 0.05, "side": "buy", "timestamp": 1766015897922}, {"id": "3019746280", "price": 86104.1, "amount": 0.004, "side": "sell", "timestamp": 1766015898261}, {"id": "3019746281", "price": 86104.2, "amount": 0.002, "side": "buy", "timestamp": 1766015898412}, {"id": "3019746282", "price": 86104.2, "amount": 0.011, "side": "buy", "timestamp": 1766015898707}, {"id": "3019746283", "price": 86104.2, "amount": 0.005, "side": "buy", "timestamp": 1766015899121}, {"id": "3019746284", "price": 86104.2, "amount": 0.007, "side": "buy", "timestamp": 1766015899469}, {"id": "3019746285", "price": 86104.2, "amount": 0.002, "side": "buy", "timestamp": 1766015899715}, {"id": "3019746286", "price": 86104.2, "amount": 0.02, "side": "buy", "timestamp": 1766015900624}, {"id": "3019746287", "price": 86104.2, "amount": 0.131, "side": "buy", "timestamp": 1766015901340}, {"id": "3019746288", "price": 86104.2, "amount": 0.695, "side": "buy", "timestamp": 1766015901537}, {"id": "3019746289", "price": 86104.3, "amount": 0.014, "side": "buy", "timestamp": 1766015901538}, {"id": "3019746290", "price": 86104.8, "amount": 0.002, "side": "buy", "timestamp": 1766015901538}, {"id": "3019746291", "price": 86105.0, "amount": 0.002, "side": "buy", "timestamp": 1766015901538}, {"id": "3019746292", "price": 86105.6, "amount": 0.105, "side": "buy", "timestamp": 1766015901538}, {"id": "3019746293", "price": 86106.0, "amount": 0.003, "side": "buy", "timestamp": 1766015901554}, {"id": "3019746294", "price": 86106.1, "amount": 0.004, "side": "buy", "timestamp": 1766015901554}, {"id": "3019746295", "price": 86106.6, "amount": 0.002, "side": "buy", "timestamp": 1766015901554}, {"id": "3019746296", "price": 86106.8, "amount": 0.003, "side": "buy", "timestamp": 1766015901554}, {"id": "3019746297", "price": 86107.5, "amount": 0.005, "side": "buy", "timestamp": 1766015902247}, {"id": "3019746298", "price": 86107.4, "amount": 0.013, "side": "sell", "timestamp": 1766015902281}, {"id": "3019746299", "price": 86107.5, "amount": 0.014, "side": "buy", "timestamp": 1766015902948}, {"id": "3019746300", "price": 86107.6, "amount": 0.002, "side": "buy", "timestamp": 1766015902948}, {"id": "3019746301", "price": 86108.0, "amount": 0.01, "side": "buy", "timestamp": 1766015902948}, {"id": "3019746302", "price": 86108.1, "amount": 0.002, "side": "buy", "timestamp": 1766015902948}, {"id": "3019746303", "price": 86108.4, "amount": 0.01, "side": "buy", "timestamp": 1766015902948}, {"id": "3019746304", "price": 86108.5, "amount": 0.002, "side": "buy", "timestamp": 1766015902948}, {"id": "3019746305", "price": 86109.0, "amount": 0.004, "side": "buy", "timestamp": 1766015902957}, {"id": "3019746306", "price": 86109.2, "amount": 0.005, "side": "buy", "timestamp": 1766015902957}, {"id": "3019746307", "price": 86109.5, "amount": 0.002, "side": "buy", "timestamp": 1766015902957}, {"id": "3019746308", "price": 86110.0, "amount": 0.005, "side": "buy", "timestamp": 1766015902957}, {"id": "3019746309", "price": 86110.1, "amount": 0.002, "side": "buy", "timestamp": 1766015902957}, {"id": "3019746310", "price": 86110.5, "amount": 0.002, "side": "buy", "timestamp": 1766015902957}, {"id": "3019746311", "price": 86110.6, "amount": 0.002, "side": "buy", "timestamp": 1766015902957}, {"id": "3019746312", "price": 86110.8, "amount": 0.003, "side": "buy", "timestamp": 1766015902957}, {"id": "3019746313", "price": 86111.1, "amount": 0.037, "side": "buy", "timestamp": 1766015902968}, {"id": "3019746314", "price": 86111.6, "amount": 0.002, "side": "buy", "timestamp": 1766015902969}, {"id": "3019746315", "price": 86111.7, "amount": 0.016, "side": "buy", "timestamp": 1766015902977}, {"id": "3019746316", "price": 86111.8, "amount": 0.012, "side": "buy", "timestamp": 1766015902980}, {"id": "3019746317", "price": 86112.0, "amount": 0.002, "side": "buy", "timestamp": 1766015902980}, {"id": "3019746318", "price": 86112.1, "amount": 0.004, "side": "buy", "timestamp": 1766015902980}, {"id": "3019746319", "price": 86112.4, "amount": 0.006, "side": "buy", "timestamp": 1766015903005}, {"id": "3019746320", "price": 86112.5, "amount": 0.002, "side": "buy", "timestamp": 1766015903005}, {"id": "3019746321", "price": 86112.8, "amount": 0.002, "side": "buy", "timestamp": 1766015903005}, {"id": "3019746322", "price": 86113.0, "amount": 0.002, "side": "buy", "timestamp": 1766015903005}, {"id": "3019746323", "price": 86113.2, "amount": 0.003, "side": "buy", "timestamp": 1766015903005}, {"id": "3019746324", "price": 86113.5, "amount": 0.004, "side": "buy", "timestamp": 1766015903005}, {"id": "3019746325", "price": 86113.6, "amount": 0.002, "side": "buy", "timestamp": 1766015903005}, {"id": "3019746326", "price": 86113.7, "amount": 0.024, "side": "buy", "timestamp": 1766015903392}, {"id": "3019746327", "price": 86113.7, "amount": 0.02, "side": "buy", "timestamp": 1766015904038}, {"id": "3019746328", "price": 86113.6, "amount": 0.028, "side": "sell", "timestamp": 1766015904084}, {"id": "3019746619", "price": 86139.7, "amount": 0.249, "side": "buy", "timestamp": 1766015946690}, {"id": "3019746620", "price": 86139.7, "amount": 0.266, "side": "buy", "timestamp": 1766015946848}, {"id": "3019746621", "price": 86139.7, "amount": 0.04, "side": "buy", "timestamp": 1766015947104}, {"id": "3019746622", "price": 86139.7, "amount": 0.087, "side": "buy", "timestamp": 1766015947263}, {"id": "3019746623", "price": 86139.7, "amount": 0.059, "side": "buy", "timestamp": 1766015947364}, {"id": "3019746624", "price": 86139.7, "amount": 0.016, "side": "buy", "timestamp": 1766015947703}, {"id": "3019746625", "price": 86139.7, "amount": 0.002, "side": "buy", "timestamp": 1766015948048}, {"id": "3019746626", "price": 86139.7, "amount": 1.758, "side": "buy", "timestamp": 1766015948182}, {"id": "3019746627", "price": 86139.8, "amount": 0.391, "side": "buy", "timestamp": 1766015948183}, {"id": "3019746628", "price": 86139.9, "amount": 0.04, "side": "buy", "timestamp": 1766015948186}, {"id": "3019746629", "price": 86139.9, "amount": 0.008, "side": "buy", "timestamp": 1766015948610}, {"id": "3019746630", "price": 86139.8, "amount": 0.002, "side": "sell", "timestamp": 1766015948699}, {"id": "3019746631", "price": 86139.9, "amount": 0.122, "side": "buy", "timestamp": 1766015948784}, {"id": "3019746632", "price": 86139.9, "amount": 0.416, "side": "buy", "timestamp": 1766015948923}, {"id": "3019746633", "price": 86140.0, "amount": 0.206, "side": "buy", "timestamp": 1766015948950}, {"id": "3019746634", "price": 86140.0, "amount": 8.789, "side": "buy", "timestamp": 1766015949095}, {"id": "3019746635", "price": 86139.9, "amount": 1.453, "side": "sell", "timestamp": 1766015949102}, {"id": "3019746636", "price": 86140.0, "amount": 5.779, "side": "buy", "timestamp": 1766015949103}, {"id": "3019746637", "price": 86139.9, "amount": 0.208, "side": "sell", "timestamp": 1766015949119}, {"id": "3019746638", "price": 86140.0, "amount": 1.01, "side": "buy", "timestamp": 1766015949122}, {"id": "3019746639", "price": 86140.0, "amount": 0.002, "side": "buy", "timestamp": 1766015949238}, {"id": "3019746640", "price": 86139.9, "amount": 0.004, "side": "sell", "timestamp": 1766015949328}, {"id": "3019746641", "price": 86139.9, "amount": 0.297, "side": "sell", "timestamp": 1766015949450}, {"id": "3019746642", "price": 86140.0, "amount": 0.002, "side": "buy", "timestamp": 1766015950345}, {"id": "3019746643", "price": 86140.0, "amount": 0.388, "side": "buy", "timestamp": 1766015950599}, {"id": "3019746644", "price": 86140.0, "amount": 0.003, "side": "buy", "timestamp": 1766015951017}, {"id": "3019746645", "price": 86139.9, "amount": 0.011, "side": "sell", "timestamp": 1766015951040}, {"id": "3019746646", "price": 86140.0, "amount": 0.011, "side": "buy", "timestamp": 1766015951751}, {"id": "3019746647", "price": 86140.0, "amount": 0.102, "side": "buy", "timestamp": 1766015952521}, {"id": "3019746648", "price": 86139.9, "amount": 0.071, "side": "sell", "timestamp": 1766015952624}, {"id": "3019746649", "price": 86140.0, "amount": 0.01, "side": "buy", "timestamp": 1766015952648}, {"id": "3019746650", "price": 86140.0, "amount": 0.026, "side": "buy", "timestamp": 1766015953203}, {"id": "3019746651", "price": 86140.0, "amount": 0.005, "side": "buy", "timestamp": 1766015953385}, {"id": "3019746652", "price": 86140.0, "amount": 0.01, "side": "buy", "timestamp": 1766015953726}, {"id": "3019746653", "price": 86139.9, "amount": 0.022, "side": "sell", "timestamp": 1766015954181}, {"id": "3019746654", "price": 86139.9, "amount": 0.162, "side": "sell", "timestamp": 1766015954464}, {"id": "3019746655", "price": 86140.0, "amount": 0.007, "side": "buy", "timestamp": 1766015955028}, {"id": "3019746656", "price": 86140.0, "amount": 0.004, "side": "buy", "timestamp": 1766015955141}, {"id": "3019746657", "price": 86139.9, "amount": 0.002, "side": "sell", "timestamp": 1766015955707}, {"id": "3019746658", "price": 86139.9, "amount": 0.004, "side": "sell", "timestamp": 1766015955888}, {"id": "3019746659", "price": 86140.0, "amount": 0.005, "side": "buy", "timestamp": 1766015956541}, {"id": "3019746660", "price": 86140.0, "amount": 0.002, "side": "buy", "timestamp": 1766015956655}, {"id": "3019746661", "price": 86140.0, "amount": 0.179, "side": "buy", "timestamp": 1766015957474}, {"id": "3019746662", "price": 86139.9, "amount": 0.011, "side": "sell", "timestamp": 1766015957893}, {"id": "3019746663", "price": 86139.9, "amount": 0.005, "side": "sell", "timestamp": 1766015958024}, {"id": "3019746664", "price": 86140.0, "amount": 0.003, "side": "buy", "timestamp": 1766015958052}