[{"symbol": "BNBUSDT", "bids": [[897.11, 25.8], [897.1, 7.08], [897.09, 3.2], [897.08, 2.35], [897.07, 6.36], [897.06, 13.66], [897.05, 1.17], [897.04, 5.36], [897.03, 4.7], [897.02, 5.32], [897.01, 17.2], [897.0, 15.87], [896.99, 7.55], [896.98, 15.5], [896.97, 3.64], [896.96, 14.49], [896.95, 26.77], [896.94, 34.88], [896.93, 3.34], [896.92, 5.25]], "asks": [[897.12, 14.88], [897.13, 1.45], [897.14, 2.29], [897.15, 0.21], [897.16, 5.58], [897.17, 12.12], [897.18, 2.33], [897.19, 38.08], [897.2, 240.39], [897.21, 0.05], [897.22, 2.34], [897.23, 0.17], [897.24, 2.36], [897.25, 0.3], [897.26, 3.74], [897.27, 0.21], [897.28, 0.03], [897.29, 2.76], [897.3, 0.04], [897.31, 3.21]], "timestamp": "2025-12-14T08:49:36.070854+00:00"}, {"symbol": "BNBUSDT", "bids": [[897.42, 36.37], [897.41, 6.53], [897.4, 5.21], [897.39, 0.01], [897.38, 9.06], [897.37, 1.98], [897.36, 2.15], [897.35, 1.93], [897.34, 6.04], [897.33, 35.04], [897.32, 13.36], [897.31, 5.97], [897.3, 20.07], [897.29, 13.2], [897.28, 22.29], [897.27, 5.82], [897.26, 3.45], [897.25, 10.52], [897.24, 15.73], [897.23, 6.82]], "asks": [[897.43, 2.14], [897.44, 6.45], [897.48, 0.02], [897.49, 2.27], [897.5, 4.35], [897.51, 0.28], [897.52, 2.49], [897.53, 2.4], [897.54, 10.69], [897.55, 0.19], [897.56, 9.85], [897.57, 22.51], [897.58, 2.66], [897.59, 5.02], [897.6, 7.23], [897.61, 21.75], [897.62, 14.31], [897.63, 6.23], [897.64, 9.9], [897.65, 11.21]], "timestamp": "2025-12-14T08:50:28.748700+00:00"}, {"symbol": "BNBUSDT", "bids": [[897.56, 32.23], [897.55, 0.28], [897.53, 0.04], [897.52, 0.02], [897.51, 0.92], [897.5, 2.55], [897.49, 0.22], [897.48, 7.52], [897.47, 2.65], [897.46, 4.78], [897.45, 30.64], [897.44, 1.66], [897.43, 0.16], [897.42, 7.81], [897.41, 0.56], [897.4, 2.87], [897.39, 2.3], [897.38, 0.02], [897.37, 15.12], [897.36, 4.19]], "asks": [[897.57, 39.19], [897.58, 0.73], [897.59, 0.01], [897.6, 0.71], [897.61, 0.02], [897.62, 0.03], [897.63, 0.2], [897.64, 7.29], [897.65, 3.4], [897.66, 0.06], [897.67, 2.63], [897.68, 5.3], [897.69, 2.64], [897.7, 4.6], [897.71, 20.79], [897.72, 6.48], [897.73, 7.92], [897.74, 4.96], [897.75, 32.75], [897.76, 18.46]], "timestamp": "2025-12-14T08:51:21.748890+00:00"}, {"symbol": "BNBUSDT", "bids": [[897.45, 80.46], [897.44, 30.15], [897.43, 24.4], [897.42, 9.89], [897.41, 0.77], [897.4, 0.08], [897.39, 3.0], [897.38, 12.59], [897.37, 9.18], [897.36, 6.55], [897.35, 12.14], [897.34, 11.8], [897.33, 23.21], [897.32, 12.43], [897.31, 42.93], [897.3, 1.52], [897.29, 3.97], [897.28, 15.13], [897.27, 5.5], [897.26, 0.6]], "asks": [[897.46, 0.28], [897.47, 1.13], [897.48, 0.64], [897.49, 0.02], [897.5, 0.02], [897.51, 0.74], [897.52, 0.46], [897.54, 1.3], [897.55, 1.14], [897.56, 0.22], [897.57, 1.49], [897.58, 0.36], [897.59, 0.01], [897.6, 4.13], [897.61, 0.66], [897.62, 6.15], [897.63, 5.47], [897.64, 9.11], [897.65, 9.81], [897.66, 4.56]], "timestamp": "2025-12-14T08:52:14.804013+00:00"}, {"symbol": "BNBUSDT", "bids": [[897.46, 6.0], [897.45, 0.21], [897.44, 0.05], [897.43, 5.87], [897.42, 0.1], [897.41, 0.01], [897.4, 5.86], [897.39, 11.15], [897.38, 0.18], [897.37, 18.53], [897.36, 4.19], [897.35, 1.37], [897.34, 3.5], [897.33, 2.93], [897.32, 19.0], [897.31, 38.44], [897.3, 0.05], [897.29, 4.71], [897.28, 31.45], [897.27, 8.74]], "asks": [[897.47, 18.67], [897.48, 0.54], [897.49, 0.18], [897.5, 1.23], [897.51, 4.95], [897.52, 6.04], [897.53, 1.05], [897.54, 16.78], [897.55, 0.37], [897.56, 5.85], [897.57, 3.23], [897.58, 2.75], [897.59, 0.34], [897.6, 10.35], [897.61, 17.57], [897.62, 0.04], [897.63, 11.02], [897.64, 6.67], [897.65, 16.61], [897.66, 16.67]], "timestamp": "2025-12-14T08:53:08.260892+00:00"}, {"symbol": "BNBUSDT", "bids": [[897.5, 26.4], [897.49, 0.03], [897.48, 0.64], [897.47, 6.83], [897.46, 0.46], [897.45, 2.11], [897.44, 1.15], [897.43, 1.49], [897.42, 0.62], [897.41, 6.11], [897.4, 8.47], [897.39, 12.27], [897.38, 5.68], [897.37, 8.92], [897.36, 23.04], [897.35, 9.07], [897.34, 24.73], [897.33, 0.06], [897.32, 12.15], [897.31, 38.44]], "asks": [[897.51, 20.71], [897.52, 0.58], [897.54, 0.01], [897.55, 5.15], [897.56, 7.98], [897.57, 3.19], [897.58, 7.59], [897.59, 3.42], [897.6, 2.21], [897.61, 2.04], [897.62, 0.04], [897.63, 5.28], [897.64, 5.24], [897.65, 10.92], [897.66, 5.3], [897.67, 0.3], [897.68, 12.41], [897.69, 12.6], [897.7, 9.37], [897.71, 1.59]], "timestamp": "2025-12-14T08:54:01.392435+00:00"}, {"symbol": "BNBUSDT", "bids": [[897.55, 45.48], [897.54, 3.01], [897.53, 1.38], [897.52, 0.34], [897.51, 0.11], [897.5, 4.35], [897.49, 0.01], [897.48, 1.52], [897.47, 1.43], [897.46, 3.63], [897.45, 2.76], [897.44, 7.05], [897.43, 3.44], [897.42, 9.21], [897.41, 1.68], [897.4, 20.23], [897.39, 35.97], [897.38, 0.66], [897.37, 7.59], [897.36, 4.3]], "asks": [[897.56, 14.71], [897.57, 0.63], [897.58, 0.36], [897.59, 1.71], [897.6, 2.95], [897.61, 6.02], [897.62, 2.18], [897.63, 0.04], [897.64, 1.97], [897.65, 3.4], [897.66, 0.22], [897.67, 1.61], [897.68, 14.46], [897.69, 2.16], [897.7, 2.61], [897.71, 4.72], [897.72, 2.8], [897.73, 9.59], [897.74, 12.11], [897.75, 0.92]], "timestamp": "2025-12-14T08:54:55.348013+00:00"}, {"symbol": "BNBUSDT", "bids": [[897.77, 58.52], [897.76, 0.19], [897.75, 3.94], [897.74, 2.85], [897.73, 4.77], [897.71, 5.86], [897.7, 4.58], [897.69, 13.25], [897.68, 17.49], [897.67, 3.65], [897.66, 3.75], [897.65, 0.03], [897.64, 33.67], [897.63, 0.22], [897.62, 18.89], [897.61, 6.37], [897.6, 8.84], [897.59, 17.29], [897.58, 8.82], [897.57, 14.55]], "asks": [[897.78, 15.81], [897.79, 0.53], [897.8, 0.02], [897.81, 1.02], [897.82, 3.41], [897.83, 0.6], [897.84, 4.19], [897.85, 7.34], [897.86, 4.83], [897.87, 2.43], [897.88, 2.21], [897.89, 0.98], [897.9, 4.53], [897.91, 0.41], [897.92, 2.39], [897.93, 2.19], [897.94, 4.5], [897.95, 1.27], [897.96, 15.93], [897.97, 1.37]], "timestamp": "2025-12-14T08:55:48.196938+00:00"}, {"symbol": "BNBUSDT", "bids": [[897.64, 28.46], [897.63, 0.02], [897.61, 0.01], [897.6, 0.4], [897.59, 0.57], [897.58, 0.01], [897.57, 1.19], [897.56, 0.04], [897.55, 6.16], [897.54, 10.09], [897.53, 0.21], [897.52, 2.08], [897.51, 11.28], [897.5, 8.43], [897.49, 0.73], [897.48, 38.87], [897.47, 14.72], [897.46, 3.55], [897.45, 13.93], [897.44, 16.73]], "asks": [[897.65, 29.13], [897.66, 0.66], [897.67, 3.2], [897.68, 6.82], [897.69, 3.78], [897.7, 9.64], [897.71, 11.02], [897.72, 8.11], [897.73, 6.29], [897.74, 24.73], [897.75, 0.22], [897.76, 4.01], [897.77, 0.38], [897.78, 10.63], [897.79, 2.19], [897.8, 13.1], [897.81, 1.02], [897.82, 1.29], [897.83, 0.18], [897.84, 1.68]], "timestamp": "2025-12-14T08:56:41.752680+00:00"}, {"symbol": "BNBUSDT", "bids": [[897.43, 55.57], [897.42, 21.05], [897.41, 2.79], [897.4, 8.06], [897.39, 0.48], [897.38, 2.05], [897.37, 2.42], [897.36, 14.3], [897.35, 5.03], [897.34, 2.39], [897.33, 16.14], [897.32, 6.8], [897.31, 11.7], [897.3, 2.53], [897.29, 12.06], [897.28, 8.22], [897.27, 5.04], [897.26, 0.24], [897.25, 6.91], [897.24, 13.18]], "asks": [[897.44, 0.36], [897.45, 0.02], [897.46, 0.01], [897.48, 0.01], [897.49, 0.02], [897.5, 1.95], [897.51, 8.63], [897.52, 2.16], [897.53, 2.19], [897.54, 4.27], [897.55, 5.53], [897.56, 6.0], [897.57, 5.4], [897.58, 17.49], [897.59, 4.43], [897.6, 10.11], [897.61, 3.41], [897.62, 17.63], [897.63, 1.05], [897.64, 15.11]], "timestamp": "2025-12-14T08:57:35.656905+00:00"}, {"symbol": "BNBUSDT", "bids": [[897.4, 31.51], [897.39, 7.23], [897.38, 5.13], [897.37, 5.13], [897.36, 19.23], [897.35, 15.84], [897.34, 2.02], [897.33, 21.54], [897.32, 17.94], [897.31, 1.13], [897.3, 2.89], [897.29, 3.69], [897.28, 8.52], [897.27, 11.27], [897.26, 1.82], [897.25, 10.02], [897.24, 0.04], [897.23, 3.9], [897.22, 3.51], [897.21, 11.35]], "asks": [[897.41, 6.93], [897.42, 0.02], [897.43, 0.02], [897.44, 0.01], [897.45, 0.07], [897.46, 1.75], [897.47, 1.12], [897.48, 11.84], [897.49, 4.41], [897.5, 3.07], [897.51, 2.81], [897.52, 7.49], [897.53, 2.94], [897.54, 0.28], [897.55, 6.02], [897.56, 8.5], [897.57, 2.44], [897.58, 0.6], [897.59, 3.61], [897.6, 19.83]], "timestamp": "2025-12-14T08:58:28.804451+00:00"}, {"symbol": "BNBUSDT", "bids": [[897.47, 51.5], [897.46, 0.01], [897.45, 6.67], [897.44, 21.83], [897.43, 16.14], [897.42, 5.38], [897.41, 0.01], [897.4, 9.89], [897.39, 10.18], [897.38, 10.06], [897.37, 3.6], [897.36, 5.89], [897.35, 0.1], [897.34, 1.21], [897.33, 6.6], [897.32, 3.47], [897.31, 16.71], [897.3, 1.16], [897.29, 15.77], [897.28, 7.94]], "asks": [[897.48, 4.13], [897.49, 3.37], [897.5, 19.76], [897.51, 0.18], [897.52, 1.37], [897.53, 1.21], [897.54, 2.21], [897.55, 1.43], [897.56, 2.65], [897.57, 0.9], [897.58, 5.53], [897.59, 6.24], [897.6, 7.64], [897.61, 2.25], [897.62, 1.85], [897.63, 11.19], [897.64, 9.5], [897.65, 12.66], [897.66, 2.37], [897.67, 3.32]], "timestamp": "2025-12-14T08:59:21.704122+00:00"}, {"symbol": "BNBUSDT", "bids": [[897.66, 7.73], [897.63, 2.22], [897.62, 0.06], [897.61, 3.48], [897.6, 1.75], [897.59, 6.71], [897.58, 0.03], [897.57, 0.09], [897.56, 2.39], [897.55, 5.14], [897.54, 13.08], [897.53, 0.02], [897.52, 4.84], [897.51, 3.28], [897.5, 11.16], [897.49, 5.02], [897.48, 10.31], [897.47, 5.66], [897.46, 5.78], [897.45, 0.27]], "asks": [[897.67, 27.58], [897.68, 5.16], [897.69, 0.01], [897.7, 0.1], [897.71, 2.29], [897.72, 1.23], [897.73, 4.85], [897.74, 5.26], [897.75, 0.05], [897.76, 10.05], [897.77, 2.23], [897.78, 29.93], [897.79, 11.9], [897.8, 12.55], [897.81, 11.14], [897.82, 7.05], [897.83, 5.38], [897.84, 13.84], [897.85, 18.61], [897.86, 17.73]], "timestamp": "2025-12-14T09:00:14.849435+00:00"}, {"symbol": "BNBUSDT", "bids": [[897.66, 19.91], [897.65, 0.01], [897.62, 2.9], [897.61, 2.38], [897.6, 2.92], [897.59, 9.04], [897.58, 0.19], [897.57, 3.32], [897.56, 13.32], [897.55, 22.39], [897.54, 4.83], [897.53, 6.68], [897.52, 12.03], [897.51, 0.04], [897.5, 5.93], [897.49, 2.37], [897.48, 13.45], [897.47, 0.02], [897.46, 33.38], [897.45, 11.08]], "asks": [[897.67, 8.42], [897.68, 0.36], [897.71, 0.23], [897.72, 1.81], [897.73, 2.77], [897.74, 1.98], [897.75, 5.67], [897.76, 3.15], [897.77, 1.1], [897.78, 0.54], [897.79, 4.4], [897.8, 10.25], [897.81, 2.03], [897.82, 0.7], [897.83, 21.52], [897.84, 2.94], [897.85, 5.49], [897.86, 3.29], [897.87, 6.24], [897.88, 11.18]], "timestamp": "2025-12-14T09:01:07.404488+00:00"}, {"symbol": "BNBUSDT", "bids": [[897.68, 39.21], [897.67, 6.01], [897.66, 0.46], [897.65, 0.33], [897.64, 1.25], [897.63, 2.17], [897.62, 0.01], [897.6, 2.58], [897.59, 0.45], [897.58, 3.76], [897.57, 1.79], [897.56, 6.65], [897.55, 2.41], [897.54, 7.27], [897.53, 2.51], [897.52, 12.36], [897.51, 2.52], [897.5, 14.84], [897.49, 9.92], [897.48, 11.93]], "asks": [[897.69, 9.5], [897.7, 3.03], [897.71, 4.95], [897.72, 0.02], [897.73, 1.05], [897.74, 0.35], [897.75, 4.67], [897.76, 10.75], [897.77, 1.3], [897.78, 0.52], [897.79, 5.13], [897.8, 5.82], [897.81, 8.24], [897.82, 5.42], [897.83, 16.18], [897.84, 0.18], [897.85, 2.15], [897.86, 0.8], [897.87, 2.55], [897.88, 5.82]], "timestamp": "2025-12-14T09:02:00.835501+00:00"}, {"symbol": "BNBUSDT", "bids": [[897.68, 42.62], [897.67, 6.01], [897.66, 0.42], [897.63, 0.23], [897.61, 0.02], [897.6, 1.23], [897.59, 5.73], [897.58, 4.4], [897.57, 0.05], [897.56, 0.98], [897.55, 0.53], [897.54, 2.25], [897.53, 2.51], [897.52, 3.8], [897.51, 9.02], [897.5, 0.61], [897.49, 5.87], [897.48, 6.37], [897.47, 8.68], [897.46, 18.52]], "asks": [[897.69, 46.08], [897.7, 17.67], [897.71, 10.17], [897.72, 0.03], [897.73, 1.6], [897.74, 3.06], [897.75, 5.1], [897.76, 5.82], [897.77, 1.43], [897.78, 0.54], [897.79, 8.09], [897.8, 4.31], [897.81, 7.4], [897.82, 2.01], [897.83, 17.36], [897.84, 1.72], [897.85, 2.15], [897.86, 0.8], [897.87, 5.95], [897.88, 5.83]], "timestamp": "2025-12-14T09:02:54.664216+00:00"}, {"symbol": "BNBUSDT", "bids": [[897.01, 3.91], [897.0, 19.11], [896.99, 1.24], [896.98, 1.42], [896.97, 3.45], [896.96, 0.02], [896.95, 0.29], [896.94, 1.02], [896.93, 1.13], [896.92, 0.59], [896.91, 0.01], [896.9, 3.37], [896.89, 7.0], [896.88, 3.61], [896.87, 4.59], [896.86, 9.13], [896.85, 4.59], [896.84, 10.88], [896.83, 12.74], [896.82, 15.48]], "asks": [[897.02, 74.71], [897.03, 12.8], [897.04, 3.66], [897.05, 2.71], [897.06, 0.77], [897.07, 0.19], [897.08, 12.71], [897.09, 3.3], [897.1, 16.84], [897.12, 2.55], [897.13, 4.04], [897.14, 2.52], [897.15, 0.67], [897.16, 11.95], [897.17, 14.57], [897.18, 8.67], [897.19, 6.09], [897.2, 5.32], [897.21, 0.03], [897.22, 18.07]], "timestamp": "2025-12-14T09:03:47.639459+00:00"}, {"symbol": "BNBUSDT", "bids": [[896.99, 43.61], [896.98, 5.16], [896.97, 6.46], [896.96, 4.77], [896.95, 9.04], [896.94, 17.33], [896.93, 9.25], [896.92, 26.62], [896.91, 22.29], [896.9, 25.0], [896.89, 12.65], [896.88, 3.25], [896.87, 15.92], [896.86, 2.57], [896.85, 2.28], [896.84, 5.36], [896.83, 0.94], [896.82, 1.98], [896.81, 17.14], [896.8, 11.63]], "asks": [[897.0, 19.6], [897.01, 8.69], [897.03, 6.11], [897.04, 2.63], [897.05, 2.33], [897.06, 9.54], [897.07, 2.2], [897.08, 0.02], [897.09, 0.71], [897.1, 2.18], [897.11, 9.39], [897.12, 5.49], [897.13, 10.83], [897.14, 3.64], [897.15, 0.58], [897.16, 3.42], [897.17, 5.5], [897.18, 22.56], [897.19, 1.04], [897.2, 10.34]], "timestamp": "2025-12-14T09:04:40.655994+00:00"}, {"symbol": "BNBUSDT", "bids": [[897.13, 35.75], [897.12, 5.46], [897.11, 4.38], [897.1, 5.25], [897.09, 0.73], [897.08, 2.71], [897.07, 1.47], [897.06, 4.05], [897.05, 2.12], [897.04, 8.75], [897.03, 5.94], [897.02, 0.45], [897.01, 0.09], [897.0, 10.7], [896.99, 6.37], [896.98, 2.83], [896.97, 11.88], [896.96, 20.36], [896.95, 1.41], [896.94, 2.4]], "asks": [[897.14, 3.58], [897.15, 0.89], [897.16, 1.85], [897.17, 1.59], [897.18, 6.35], [897.19, 1.27], [897.2, 2.96], [897.21, 3.49], [897.22, 0.23], [897.23, 6.09], [897.24, 4.47], [897.25, 3.74], [897.26, 12.74], [897.27, 0.07], [897.28, 5.28], [897.29, 6.48], [897.3, 5.02], [897.31, 4.83], [897.32, 16.95], [897.33, 12.35]], "timestamp": "2025-12-14T09:05:33.784292+00:00"}, {"symbol": "BNBUSDT", "bids": [[897.2, 45.86], [897.19, 1.41], [897.18, 0.23], [897.17, 0.02], [897.16, 2.1], [897.15, 2.72], [897.14, 5.4], [897.13, 0.6], [897.12, 5.61], [897.11, 1.93], [897.1, 4.55], [897.09, 0.64], [897.08, 6.51], [897.07, 9.22], [897.06, 7.83], [897.05, 25.22], [897.04, 4.68], [897.03, 4.5], [897.02, 19.05], [897.01, 8.57]], "asks": [[897.21, 25.32], [897.22, 0.02], [897.23, 0.47], [897.24, 0.02], [897.25, 0.28], [897.26, 6.0], [897.27, 13.2], [897.28, 0.03], [897.29, 2.17], [897.3, 4.7], [897.31, 5.74], [897.32, 3.2], [897.33, 3.08], [897.34, 2.17], [897.35, 3.48], [897.36, 7.64], [897.37, 4.33], [897.38, 2.29], [897.39, 14.29], [897.4, 13.88]], "timestamp": "2025-12-14T09:06:27.487819+00:00"}, {"symbol": "BNBUSDT", "bids": [[897.72, 50.93], [897.71, 1.09], [897.7, 0.22], [897.69, 0.25], [897.68, 9.67], [897.67, 6.6], [897.66, 5.82], [897.65, 0.45], [897.64, 7.08], [897.63, 26.33], [897.62, 2.24], [897.61, 2.12], [897.6, 7.57], [897.59, 11.87], [897.58, 3.67], [897.57, 2.16], [897.56, 1.46], [897.55, 4.12], [897.54, 1.85], [897.53, 0.25]], "asks": [[897.73, 26.59], [897.74, 0.02], [897.75, 2.76], [897.76, 0.03], [897.77, 0.19], [897.78, 1.31], [897.79, 3.04], [897.8, 2.44], [897.81, 4.89], [897.82, 1.79], [897.83, 3.92], [897.84, 4.96], [897.85, 6.03], [897.86, 6.82], [897.87, 0.02], [897.88, 3.61], [897.89, 4.18], [897.9, 6.69], [897.91, 13.23], [897.92, 17.18]], "timestamp": "2025-12-14T09:07:20.532520+00:00"}, {"symbol": "BNBUSDT", "bids": [[897.65, 31.04], [897.64, 2.67], [897.63, 3.25], [897.62, 0.53], [897.61, 4.56], [897.6, 8.43], [897.59, 29.01], [897.58, 39.64], [897.57, 22.83], [897.56, 21.13], [897.55, 10.53], [897.54, 6.81], [897.53, 1.28], [897.52, 9.33], [897.51, 16.85], [897.5, 1.35], [897.49, 5.41], [897.48, 4.4], [897.47, 4.64], [897.45, 10.88]], "asks": [[897.66, 22.23], [897.67, 0.14], [897.68, 0.3], [897.69, 3.63], [897.7, 13.91], [897.71, 1.8], [897.72, 5.67], [897.73, 16.31], [897.74, 1.94], [897.75, 4.02], [897.76, 8.01], [897.77, 18.24], [897.78, 0.04], [897.79, 6.92], [897.8, 34.47], [897.81, 1.03], [897.82, 13.56], [897.83, 7.15], [897.84, 0.19], [897.85, 6.51]], "timestamp": "2025-12-14T09:08:13.678497+00:00"}, {"symbol": "BNBUSDT", "bids": [[897.67, 15.45], [897.66, 0.76], [897.65, 303.15], [897.64, 2.74], [897.63, 2.68], [897.62, 0.02], [897.61, 12.93], [897.6, 3.15], [897.59, 1.14], [897.58, 2.01], [897.57, 4.54], [897.56, 31.88], [897.55, 14.25], [897.54, 2.19], [897.53, 8.59], [897.52, 6.28], [897.51, 14.64], [897.5, 1.14], [897.49, 0.34], [897.48, 5.53]], "asks": [[897.68, 13.83], [897.69, 0.01], [897.71, 4.68], [897.72, 3.82], [897.73, 2.48], [897.74, 4.48], [897.75, 10.24], [897.76, 3.14], [897.77, 4.63], [897.78, 0.02], [897.79, 10.24], [897.8, 9.39], [897.81, 7.57], [897.82, 25.48], [897.83, 6.81], [897.84, 4.05], [897.85, 6.94], [897.86, 23.39], [897.87, 2.89], [897.88, 13.92]], "timestamp": "2025-12-14T09:09:06.849790+00:00"}, {"symbol": "BNBUSDT", "bids": [[897.75, 15.99], [897.74, 0.02], [897.73, 0.37], [897.72, 8.4], [897.71, 0.02], [897.7, 0.1], [897.69, 1.22], [897.68, 0.11], [897.67, 1.52], [897.66, 15.82], [897.65, 325.05], [897.64, 0.91], [897.63, 3.39], [897.62, 6.55], [897.61, 6.84], [897.6, 8.57], [897.59, 10.64], [897.58, 1.91], [897.57, 8.89], [897.56, 5.59]], "asks": [[897.76, 29.69], [897.77, 0.89], [897.78, 2.84], [897.79, 3.33], [897.8, 21.59], [897.81, 11.21], [897.82, 19.36], [897.83, 8.34], [897.84, 4.55], [897.85, 7.26], [897.86, 4.88], [897.87, 13.77], [897.88, 25.9], [897.89, 3.54], [897.9, 15.82], [897.91, 13.27], [897.92, 3.67], [897.93, 2.52], [897.94, 7.3], [897.95, 7.11]], "timestamp": "2025-12-14T09:09:59.869016+00:00"}, {"symbol": "BNBUSDT", "bids": [[897.67, 22.83], [897.66, 12.93], [897.65, 1.35], [897.64, 7.97], [897.63, 2.64], [897.62, 7.82], [897.61, 11.66], [897.6, 18.02], [897.59, 0.59], [897.58, 0.15], [897.57, 1.33], [897.56, 3.81], [897.55, 1.22], [897.54, 4.49], [897.53, 0.22], [897.52, 0.01], [897.51, 12.64], [897.5, 4.2], [897.49, 11.06], [897.48, 40.48]], "asks": [[897.68, 29.1], [897.69, 0.33], [897.7, 4.09], [897.71, 2.08], [897.72, 19.92], [897.73, 7.98], [897.74, 5.49], [897.75, 27.73], [897.76, 12.82], [897.77, 7.16], [897.78, 4.41], [897.79, 30.24], [897.8, 28.2], [897.81, 2.16], [897.82, 7.98], [897.83, 10.44], [897.84, 19.5], [897.85, 5.1], [897.86, 12.81], [897.87, 22.53]], "timestamp": "2025-12-14T09:10:53.079916+00:00"}, {"symbol": "BNBUSDT", "bids": [[897.58, 1.18], [897.57, 0.37], [897.56, 0.75], [897.55, 0.78], [897.54, 0.01], [897.53, 0.02], [897.52, 0.02], [897.51, 2.43], [897.5, 2.45], [897.49, 0.31], [897.48, 0.54], [897.47, 12.1], [897.46, 0.47], [897.45, 15.52], [897.44, 1.93], [897.43, 31.05], [897.42, 7.58], [897.41, 8.63], [897.4, 18.22], [897.39, 6.12]], "asks": [[897.59, 119.14], [897.6, 13.49], [897.61, 0.01], [897.62, 0.09], [897.63, 0.21], [897.64, 0.41], [897.65, 11.15], [897.66, 7.08], [897.67, 14.72], [897.68, 22.54], [897.69, 26.59], [897.7, 15.27], [897.71, 3.03], [897.72, 6.32], [897.73, 1.54], [897.74, 5.19], [897.75, 4.08], [897.76, 13.96], [897.77, 2.23], [897.78, 4.22]], "timestamp": "2025-12-14T09:11:46.059737+00:00"}, {"symbol": "BNBUSDT", "bids": [[897.14, 29.37], [897.13, 0.14], [897.12, 2.56], [897.11, 1.07], [897.1, 0.35], [897.09, 0.22], [897.08, 3.02], [897.07, 16.64], [897.06, 0.94], [897.05, 11.25], [897.04, 10.14], [897.03, 33.64], [897.02, 0.11], [897.01, 2.76], [897.0, 12.01], [896.99, 6.04], [896.98, 12.14], [896.97, 21.72], [896.96, 7.57], [896.95, 7.16]], "asks": [[897.15, 48.35], [897.16, 4.61], [897.17, 3.47], [897.18, 0.02], [897.2, 1.42], [897.21, 1.21], [897.22, 0.75], [897.23, 0.64], [897.24, 0.23], [897.25, 3.48], [897.26, 0.21], [897.27, 3.72], [897.28, 9.49], [897.29, 15.0], [897.3, 3.05], [897.31, 12.37], [897.32, 4.0], [897.33, 9.21], [897.34, 5.33], [897.35, 0.11]], "timestamp": "2025-12-14T09:12:39.507001+00:00"}, {"symbol": "BNBUSDT", "bids": [[897.47, 0.15], [897.46, 0.09], [897.44, 0.03], [897.43, 0.02], [897.42, 0.87], [897.4, 1.81], [897.39, 1.15], [897.38, 0.26], [897.37, 0.74], [897.36, 4.99], [897.35, 0.24], [897.33, 4.06], [897.32, 32.22], [897.31, 4.23], [897.3, 4.58], [897.29, 0.13], [897.28, 8.97], [897.27, 6.05], [897.26, 3.76], [897.25, 19.26]], "asks": [[897.48, 141.62], [897.49, 44.73], [897.5, 55.48], [897.51, 5.75], [897.52, 0.06], [897.53, 6.19], [897.54, 22.91], [897.55, 16.8], [897.56, 4.44], [897.57, 5.47], [897.58, 5.72], [897.59, 11.28], [897.6, 52.72], [897.61, 18.09], [897.62, 1.64], [897.63, 12.62], [897.64, 9.43], [897.65, 3.57], [897.66, 0.91], [897.67, 0.04]], "timestamp": "2025-12-14T09:13:32.720432+00:00"}, {"symbol": "BNBUSDT", "bids": [[897.39, 16.89], [897.38, 0.24], [897.37, 0.43], [897.36, 0.06], [897.35, 0.02], [897.34, 0.53], [897.33, 1.4], [897.32, 2.2], [897.31, 1.46], [897.3, 0.27], [897.29, 0.24], [897.28, 3.74], [897.27, 27.32], [897.26, 0.71], [897.25, 17.78], [897.24, 5.69], [897.23, 0.95], [897.22, 7.45], [897.21, 10.44], [897.2, 25.04]], "asks": [[897.4, 27.34], [897.41, 0.38], [897.42, 1.81], [897.43, 4.69], [897.44, 37.84], [897.45, 3.91], [897.46, 5.17], [897.47, 17.78], [897.48, 9.46], [897.49, 4.02], [897.5, 2.85], [897.51, 9.36], [897.52, 0.53], [897.53, 9.36], [897.54, 23.47], [897.55, 0.14], [897.56, 7.8], [897.57, 11.27], [897.58, 1.6], [897.59, 10.96]], "timestamp": "2025-12-14T09:14:25.654384+00:00"}, {"symbol": "BNBUSDT", "bids": [[897.06, 30.17], [897.05, 19.19], [897.04, 4.71], [897.03, 8.56], [897.02, 6.22], [897.01, 0.56], [897.0, 7.51], [896.99, 19.28], [896.98, 4.51], [896.97, 20.28], [896.96, 8.74], [896.95, 4.86], [896.94, 0.04], [896.93, 0.37], [896.92, 4.65], [896.91, 4.62], [896.9, 0.47], [896.89, 33.2], [896.88, 5.94], [896.87, 11.17]], "asks": [[897.07, 7.77], [897.08, 1.9], [897.09, 0.23], [897.1, 4.17], [897.11, 0.24], [897.12, 5.03], [897.13, 3.19], [897.14, 0.11], [897.15, 0.82], [897.16, 11.87], [897.17, 5.98], [897.18, 1.89], [897.19, 9.37], [897.2, 6.3], [897.21, 0.03], [897.22, 12.97], [897.23, 4.37], [897.24, 17.23], [897.25, 9.15], [897.26, 2.95]], "timestamp": "2025-12-14T09:15:18.512317+00:00"}, {"symbol": "BNBUSDT", "bids": [[897.35, 12.42], [897.34, 0.57], [897.33, 0.33], [897.32, 0.52], [897.31, 0.02], [897.3, 20.24], [897.29, 0.01], [897.28, 0.01], [897.27, 0.12], [897.26, 2.87], [897.25, 0.12], [897.24, 10.48], [897.23, 0.25], [897.22, 3.63], [897.21, 14.04], [897.2, 8.15], [897.19, 14.86], [897.18, 2.4], [897.17, 0.55], [897.16, 9.96]], "asks": [[897.36, 26.18], [897.37, 0.01], [897.38, 0.02], [897.39, 4.2], [897.4, 27.07], [897.41, 0.33], [897.42, 0.13], [897.43, 0.57], [897.44, 10.07], [897.45, 2.07], [897.46, 7.64], [897.47, 5.0], [897.48, 17.95], [897.49, 3.48], [897.5, 8.05], [897.51, 8.21], [897.52, 11.75], [897.53, 5.18], [897.54, 7.05], [897.55, 22.72]], "timestamp": "2025-12-14T09:16:11.792055+00:00"}, {"symbol": "BNBUSDT", "bids": [[897.21, 32.05], [897.2, 0.24], [897.19, 2.71], [897.18, 5.14], [897.17, 0.56], [897.16, 2.8], [897.15, 0.49], [897.14, 1.1], [897.13, 3.65], [897.12, 17.03], [897.11, 3.45], [897.1, 22.91], [897.09, 20.62], [897.08, 13.57], [897.07, 15.77], [897.06, 5.39], [897.05, 15.41], [897.04, 18.49], [897.03, 4.42], [897.02, 1.62]], "asks": [[897.22, 7.9], [897.23, 4.88], [897.24, 2.22], [897.25, 0.21], [897.26, 7.89], [897.27, 2.44], [897.28, 3.27], [897.29, 3.37], [897.3, 0.05], [897.31, 0.24], [897.32, 4.93], [897.33, 0.36], [897.34, 5.89], [897.35, 3.15], [897.36, 11.67], [897.37, 5.48], [897.38, 7.01], [897.39, 0.05], [897.4, 29.48], [897.41, 1.04]], "timestamp": "2025-12-14T09:17:04.835915+00:00"}, {"symbol": "BNBUSDT", "bids": [[897.49, 73.65], [897.48, 28.14], [897.47, 17.21], [897.46, 20.68], [897.45, 20.63], [897.44, 8.27], [897.43, 25.14], [897.42, 20.52], [897.41, 3.77], [897.4, 39.02], [897.39, 17.56], [897.38, 2.91], [897.37, 15.11], [897.36, 9.61], [897.35, 3.58], [897.34, 1.16], [897.33, 0.91], [897.32, 0.1], [897.31, 0.2], [897.3, 2.22]], "asks": [[897.5, 5.38], [897.51, 2.88], [897.52, 7.51], [897.53, 0.02], [897.54, 0.01], [897.55, 3.08], [897.56, 3.79], [897.57, 1.18], [897.58, 2.71], [897.59, 3.74], [897.6, 0.66], [897.61, 0.97], [897.62, 0.36], [897.63, 2.34], [897.64, 5.35], [897.65, 4.17], [897.66, 14.87], [897.67, 1.07], [897.68, 18.31], [897.69, 2.96]], "timestamp": "2025-12-14T09:17:58.084589+00:00"}, {"symbol": "BNBUSDT", "bids": [[897.65, 30.89], [897.64, 0.35], [897.63, 0.42], [897.6, 0.02], [897.59, 19.92], [897.58, 0.02], [897.57, 9.13], [897.56, 0.87], [897.55, 15.58], [897.54, 4.85], [897.53, 0.19], [897.52, 2.07], [897.51, 9.58], [897.5, 2.19], [897.49, 1.7], [897.48, 8.49], [897.47, 7.19], [897.46, 0.04], [897.45, 5.56], [897.44, 8.29]], "asks": [[897.66, 36.41], [897.67, 1.89], [897.68, 3.86], [897.69, 0.3], [897.7, 0.23], [897.71, 9.45], [897.72, 1.87], [897.73, 0.77], [897.74, 5.99], [897.75, 1.65], [897.76, 6.5], [897.77, 9.78], [897.78, 3.83], [897.79, 7.14], [897.8, 12.94], [897.81, 5.99], [897.82, 12.82], [897.83, 6.14], [897.84, 16.12], [897.85, 12.87]], "timestamp": "2025-12-14T09:18:50.718986+00:00"}, {"symbol": "BNBUSDT", "bids": [[897.22, 31.74], [897.21, 0.15], [897.2, 1.05], [897.19, 5.1], [897.18, 1.51], [897.17, 0.54], [897.16, 2.7], [897.15, 0.05], [897.14, 2.22], [897.13, 13.21], [897.12, 13.21], [897.11, 6.98], [897.1, 9.8], [897.09, 11.85], [897.08, 10.09], [897.07, 23.49], [897.06, 6.56], [897.05, 0.27], [897.04, 10.9], [897.03, 3.97]], "asks": [[897.23, 31.66], [897.24, 0.02], [897.25, 1.53], [897.26, 3.02], [897.27, 3.74], [897.28, 5.1], [897.29, 9.61], [897.3, 2.74], [897.31, 1.57], [897.32, 3.79], [897.33, 2.85], [897.34, 4.25], [897.35, 0.43], [897.36, 0.05], [897.38, 0.04], [897.39, 0.11], [897.4, 6.26], [897.41, 6.92], [897.42, 7.12], [897.43, 15.58]], "timestamp": "2025-12-14T09:19:43.713439+00:00"}, {"symbol": "BNBUSDT", "bids": [[897.42, 1.67], [897.41, 0.03], [897.4, 0.01], [897.37, 2.49], [897.36, 2.72], [897.35, 3.99], [897.34, 0.25], [897.33, 0.18], [897.32, 1.6], [897.31, 0.58], [897.3, 7.56], [897.29, 19.02], [897.28, 2.33], [897.27, 4.8], [897.26, 7.49], [897.25, 7.59], [897.24, 9.82], [897.23, 6.68], [897.22, 13.01], [897.21, 20.5]], "asks": [[897.43, 27.28], [897.44, 6.58], [897.45, 0.55], [897.46, 1.48], [897.47, 11.15], [897.48, 0.25], [897.49, 8.39], [897.5, 26.57], [897.51, 5.24], [897.52, 10.48], [897.53, 1.19], [897.54, 20.62], [897.55, 9.67], [897.56, 4.34], [897.57, 2.36], [897.58, 7.56], [897.59, 1.13], [897.6, 13.2], [897.61, 18.01], [897.62, 12.07]], "timestamp": "2025-12-14T09:20:36.880887+00:00"}, {"symbol": "BNBUSDT", "bids": [[897.42, 10.23], [897.41, 11.58], [897.4, 0.74], [897.37, 0.01], [897.36, 0.72], [897.35, 2.38], [897.34, 0.22], [897.33, 5.33], [897.32, 3.61], [897.31, 3.21], [897.3, 2.83], [897.29, 18.14], [897.28, 2.18], [897.27, 4.09], [897.26, 9.76], [897.25, 5.11], [897.24, 5.31], [897.23, 6.1], [897.22, 9.67], [897.21, 8.93]], "asks": [[897.43, 64.09], [897.44, 10.36], [897.45, 1.86], [897.46, 0.01], [897.47, 0.04], [897.48, 0.03], [897.49, 9.24], [897.5, 11.51], [897.51, 6.24], [897.52, 6.79], [897.53, 1.11], [897.54, 8.3], [897.55, 10.79], [897.56, 8.56], [897.57, 5.79], [897.58, 0.24], [897.59, 5.7], [897.6, 20.26], [897.61, 11.36], [897.62, 13.94]], "timestamp": "2025-12-14T09:21:29.823609+00:00"}, {"symbol": "BNBUSDT", "bids": [[897.53, 28.14], [897.52, 27.67], [897.51, 14.99], [897.5, 28.84], [897.49, 0.03], [897.48, 3.69], [897.47, 0.93], [897.46, 5.3], [897.45, 0.34], [897.44, 1.6], [897.43, 2.21], [897.42, 1.54], [897.41, 0.36], [897.4, 2.15], [897.39, 0.4], [897.37, 1.07], [897.36, 0.05], [897.35, 8.4], [897.34, 15.07], [897.33, 6.74]], "asks": [[897.54, 28.78], [897.55, 1.88], [897.56, 4.3], [897.57, 0.78], [897.58, 2.17], [897.59, 0.22], [897.6, 4.01], [897.61, 9.8], [897.62, 5.89], [897.63, 17.24], [897.64, 4.86], [897.65, 10.92], [897.66, 5.41], [897.67, 3.55], [897.68, 8.05], [897.69, 2.76], [897.71, 9.49], [897.72, 14.34], [897.73, 9.48], [897.74, 4.53]], "timestamp": "2025-12-14T09:22:22.811028+00:00"}, {"symbol": "BNBUSDT", "bids": [[897.4, 51.03], [897.39, 20.9], [897.38, 9.83], [897.37, 21.45], [897.36, 11.47], [897.35, 12.7], [897.34, 12.05], [897.33, 21.44], [897.32, 32.71], [897.31, 45.3], [897.3, 12.88], [897.29, 3.25], [897.28, 1.37], [897.27, 3.62], [897.26, 3.56], [897.24, 3.04], [897.23, 0.01], [897.22, 4.79], [897.21, 22.37], [897.2, 6.12]], "asks": [[897.41, 18.18], [897.42, 0.02], [897.44, 0.29], [897.45, 0.98], [897.47, 2.37], [897.48, 4.12], [897.49, 3.36], [897.5, 5.3], [897.51, 7.66], [897.52, 7.35], [897.53, 4.04], [897.54, 1.51], [897.55, 6.05], [897.56, 5.35], [897.57, 0.33], [897.58, 1.99], [897.59, 6.0], [897.6, 25.32], [897.61, 5.73], [897.62, 3.38]], "timestamp": "2025-12-14T09:23:16.553554+00:00"}, {"symbol": "BNBUSDT", "bids": [[897.31, 49.65], [897.3, 1.29], [897.29, 0.48], [897.28, 0.05], [897.27, 25.71], [897.26, 2.99], [897.25, 3.41], [897.24, 7.53], [897.23, 6.63], [897.22, 15.04], [897.21, 11.34], [897.2, 0.82], [897.19, 10.19], [897.18, 12.77], [897.17, 0.11], [897.16, 9.19], [897.15, 9.81], [897.14, 3.61], [897.13, 11.15], [897.12, 6.69]], "asks": [[897.32, 12.78], [897.33, 0.01], [897.35, 0.01], [897.36, 0.26], [897.38, 0.29], [897.39, 1.7], [897.4, 4.28], [897.41, 0.02], [897.42, 5.96], [897.43, 2.25], [897.44, 7.08], [897.45, 14.65], [897.46, 4.34], [897.47, 2.42], [897.48, 2.63], [897.49, 4.37], [897.5, 8.5], [897.51, 2.46], [897.52, 6.57], [897.53, 11.85]], "timestamp": "2025-12-14T09:24:09.528282+00:00"}, {"symbol": "BNBUSDT", "bids": [[897.69, 9.06], [897.68, 5.17], [897.67, 0.12], [897.66, 0.33], [897.65, 0.4], [897.64, 0.1], [897.63, 2.69], [897.62, 10.81], [897.61, 0.03], [897.6, 2.09], [897.59, 3.7], [897.58, 15.14], [897.57, 13.38], [897.56, 2.32], [897.55, 5.07], [897.54, 0.01], [897.53, 0.81], [897.52, 18.74], [897.51, 12.7], [897.5, 13.55]], "asks": [[897.7, 14.08], [897.71, 3.91], [897.72, 7.53], [897.73, 0.46], [897.74, 3.38], [897.75, 5.1], [897.76, 8.16], [897.77, 0.93], [897.78, 0.03], [897.79, 2.35], [897.8, 5.63], [897.81, 0.21], [897.82, 9.54], [897.83, 10.61], [897.84, 5.8], [897.85, 3.74], [897.86, 6.43], [897.87, 21.38], [897.88, 22.04], [897.89, 15.27]], "timestamp": "2025-12-14T09:25:02.538520+00:00"}, {"symbol": "BNBUSDT", "bids": [[897.73, 36.31], [897.72, 6.3], [897.71, 13.52], [897.7, 8.96], [897.69, 2.8], [897.68, 2.24], [897.67, 5.96], [897.66, 0.12], [897.65, 0.02], [897.64, 3.56], [897.63, 6.73], [897.62, 4.39], [897.61, 0.09], [897.6, 9.66], [897.59, 9.99], [897.58, 4.48], [897.57, 4.93], [897.56, 9.27], [897.55, 5.75], [897.54, 16.69]], "asks": [[897.74, 21.37], [897.75, 0.56], [897.76, 2.46], [897.77, 5.9], [897.78, 0.04], [897.79, 0.69], [897.8, 4.44], [897.81, 4.26], [897.82, 4.63], [897.83, 3.73], [897.84, 7.92], [897.85, 4.72], [897.86, 6.76], [897.87, 5.72], [897.88, 15.21], [897.89, 0.43], [897.9, 2.61], [897.91, 9.25], [897.92, 7.37], [897.93, 1.44]], "timestamp": "2025-12-14T09:25:55.684903+00:00"}, {"symbol": "BNBUSDT", "bids": [[897.6, 1.79], [897.59, 0.02], [897.58, 0.02], [897.57, 0.99], [897.56, 0.02], [897.55, 1.22], [897.54, 0.88], [897.53, 1.13], [897.52, 1.33], [897.51, 0.04], [897.5, 6.23], [897.49, 2.9], [897.48, 2.23], [897.47, 2.47], [897.46, 12.95], [897.45, 0.98], [897.44, 8.23], [897.43, 18.76], [897.42, 0.49], [897.41, 16.94]], "asks": [[897.61, 72.0], [897.62, 53.24], [897.63, 31.81], [897.64, 3.58], [897.65, 23.08], [897.66, 18.41], [897.67, 31.81], [897.68, 24.42], [897.69, 18.01], [897.7, 17.81], [897.71, 0.32], [897.72, 14.74], [897.73, 4.76], [897.74, 18.96], [897.75, 12.02], [897.76, 14.94], [897.77, 9.33], [897.78, 2.05], [897.79, 17.25], [897.8, 15.82]], "timestamp": "2025-12-14T09:26:48.739605+00:00"}, {"symbol": "BNBUSDT", "bids": [[897.62, 5.74], [897.61, 0.47], [897.6, 0.12], [897.59, 1.25], [897.58, 0.08], [897.57, 2.32], [897.56, 3.02], [897.55, 4.77], [897.54, 8.56], [897.53, 2.3], [897.52, 2.09], [897.51, 5.55], [897.5, 4.92], [897.49, 8.82], [897.48, 0.83], [897.47, 2.94], [897.46, 2.79], [897.45, 2.35], [897.44, 15.37], [897.43, 7.23]], "asks": [[897.63, 27.49], [897.64, 69.16], [897.65, 0.09], [897.66, 1.43], [897.67, 0.25], [897.68, 8.33], [897.69, 2.38], [897.7, 0.24], [897.71, 1.51], [897.72, 4.96], [897.73, 9.89], [897.74, 6.11], [897.75, 6.8], [897.76, 9.51], [897.77, 3.0], [897.78, 4.0], [897.79, 8.27], [897.8, 26.9], [897.81, 11.2], [897.82, 10.05]], "timestamp": "2025-12-14T09:27:41.772500+00:00"}, {"symbol": "BNBUSDT", "bids": [[897.84, 14.49], [897.83, 0.83], [897.82, 5.6], [897.81, 1.26], [897.8, 0.1], [897.79, 1.07], [897.78, 4.64], [897.76, 1.63], [897.75, 2.26], [897.74, 2.37], [897.73, 2.55], [897.72, 2.65], [897.71, 5.24], [897.7, 5.48], [897.69, 4.68], [897.68, 10.22], [897.67, 19.42], [897.66, 14.53], [897.65, 12.63], [897.64, 14.56]], "asks": [[897.85, 51.36], [897.86, 16.54], [897.87, 14.24], [897.88, 23.91], [897.89, 19.63], [897.9, 12.35], [897.91, 18.44], [897.92, 0.22], [897.93, 0.57], [897.94, 1.98], [897.95, 9.15], [897.96, 1.28], [897.97, 13.58], [897.98, 9.6], [897.99, 21.02], [898.0, 44.96], [898.01, 2.65], [898.02, 4.14], [898.03, 16.75], [898.04, 3.5]], "timestamp": "2025-12-14T09:28:35.123773+00:00"}, {"symbol": "BNBUSDT", "bids": [[897.31, 4.78], [897.3, 1.24], [897.29, 0.09], [897.28, 0.77], [897.27, 0.26], [897.26, 0.26], [897.24, 0.01], [897.23, 1.55], [897.22, 1.98], [897.21, 2.94], [897.2, 2.12], [897.19, 2.45], [897.18, 0.2], [897.17, 10.91], [897.16, 10.17], [897.15, 0.19], [897.14, 2.09], [897.13, 27.48], [897.12, 7.01], [897.11, 7.95]], "asks": [[897.32, 84.82], [897.33, 23.94], [897.34, 28.49], [897.35, 0.09], [897.36, 0.03], [897.37, 0.22], [897.38, 10.11], [897.39, 7.5], [897.4, 25.98], [897.41, 6.76], [897.42, 5.21], [897.43, 10.35], [897.44, 0.85], [897.45, 2.89], [897.46, 5.58], [897.47, 5.29], [897.48, 6.16], [897.49, 11.86], [897.5, 12.38], [897.51, 0.11]], "timestamp": "2025-12-14T09:29:28.501207+00:00"}, {"symbol": "BNBUSDT", "bids": [[896.66, 10.98], [896.65, 0.35], [896.64, 0.25], [896.63, 0.45], [896.62, 0.32], [896.61, 0.36], [896.6, 9.92], [896.59, 0.03], [896.58, 0.04], [896.57, 1.46], [896.56, 7.33], [896.55, 17.18], [896.54, 0.72], [896.53, 0.28], [896.52, 8.82], [896.51, 10.86], [896.5, 0.56], [896.49, 3.35], [896.48, 16.31], [896.47, 2.22]], "asks": [[896.67, 84.78], [896.68, 0.03], [896.69, 4.43], [896.7, 0.37], [896.71, 19.37], [896.72, 19.35], [896.73, 2.43], [896.74, 20.47], [896.75, 45.36], [896.76, 23.16], [896.77, 6.59], [896.78, 5.07], [896.79, 10.69], [896.8, 2.6], [896.81, 1.77], [896.82, 4.15], [896.83, 0.14], [896.84, 7.83], [896.85, 3.26], [896.86, 1.56]], "timestamp": "2025-12-14T09:30:21.620939+00:00"}, {"symbol": "BNBUSDT", "bids": [[896.47, 68.35], [896.46, 33.25], [896.45, 19.38], [896.44, 35.84], [896.43, 21.23], [896.42, 14.47], [896.41, 4.77], [896.4, 10.06], [896.39, 13.76], [896.38, 2.79], [896.37, 0.22], [896.36, 7.22], [896.35, 15.99], [896.34, 0.18], [896.33, 9.67], [896.32, 3.71], [896.31, 12.37], [896.3, 8.05], [896.29, 1.22], [896.28, 10.66]], "asks": [[896.48, 1.74], [896.49, 0.03], [896.5, 0.54], [896.52, 0.02], [896.54, 0.01], [896.55, 2.24], [896.56, 2.48], [896.57, 5.77], [896.58, 1.39], [896.59, 2.23], [896.6, 2.38], [896.61, 0.05], [896.62, 4.65], [896.63, 6.03], [896.64, 4.05], [896.65, 4.67], [896.66, 8.24], [896.67, 11.19], [896.68, 4.12], [896.69, 16.82]], "timestamp": "2025-12-14T09:31:14.562963+00:00"}, {"symbol": "BNBUSDT", "bids": [[896.69, 46.33], [896.68, 23.22], [896.67, 19.64], [896.66, 17.96], [896.65, 12.8], [896.64, 18.31], [896.63, 25.75], [896.62, 0.06], [896.61, 3.25], [896.6, 4.61], [896.59, 4.16], [896.58, 2.51], [896.57, 0.56], [896.56, 2.78], [896.55, 4.01], [896.54, 2.3], [896.53, 2.39], [896.52, 6.06], [896.51, 1.24], [896.5, 1.97]], "asks": [[896.7, 2.94], [896.71, 0.02], [896.72, 0.01], [896.73, 0.01], [896.74, 5.01], [896.75, 0.04], [896.76, 0.24], [896.77, 0.02], [896.78, 1.15], [896.79, 0.01], [896.8, 4.16], [896.81, 2.25], [896.82, 2.65], [896.83, 1.76], [896.84, 7.58], [896.85, 2.22], [896.86, 1.58], [896.87, 3.85], [896.88, 9.68], [896.89, 4.72]], "timestamp": "2025-12-14T09:32:07.709073+00:00"}, {"symbol": "BNBUSDT", "bids": [[897.25, 37.06], [897.24, 11.0], [897.23, 39.88], [897.22, 0.08], [897.2, 4.16], [897.19, 6.44], [897.18, 5.58], [897.17, 3.82], [897.16, 13.05], [897.15, 1.86], [897.14, 7.89], [897.13, 2.29], [897.12, 2.91], [897.11, 2.35], [897.1, 1.69], [897.09, 0.03], [897.08, 4.89], [897.07, 5.71], [897.06, 8.11], [897.05, 7.34]], "asks": [[897.26, 20.64], [897.27, 0.03], [897.28, 0.01], [897.29, 1.71], [897.3, 4.0], [897.31, 0.04], [897.32, 1.4], [897.33, 0.85], [897.34, 2.45], [897.35, 3.54], [897.36, 6.07], [897.37, 14.91], [897.38, 0.31], [897.39, 10.4], [897.4, 6.31], [897.41, 3.48], [897.42, 3.39], [897.43, 6.61], [897.44, 21.86], [897.45, 3.0]], "timestamp": "2025-12-14T09:33:00.656540+00:00"}, {"symbol": "BNBUSDT", "bids": [[897.79, 11.8], [897.78, 0.54], [897.77, 0.08], [897.76, 0.01], [897.75, 0.02], [897.74, 1.35], [897.73, 10.0], [897.72, 3.34], [897.71, 1.3], [897.7, 2.71], [897.69, 2.9], [897.68, 5.77], [897.67, 6.27], [897.66, 7.95], [897.65, 3.44], [897.64, 6.43], [897.63, 9.04], [897.62, 6.31], [897.61, 12.47], [897.6, 6.23]], "asks": [[897.8, 49.38], [897.81, 2.72], [897.82, 2.5], [897.83, 1.19], [897.84, 7.3], [897.85, 8.44], [897.86, 3.25], [897.87, 15.05], [897.88, 4.46], [897.89, 5.32], [897.9, 9.17], [897.91, 6.57], [897.92, 4.21], [897.93, 4.11], [897.94, 0.06], [897.95, 6.55], [897.96, 9.93], [897.97, 7.57], [897.98, 20.79], [897.99, 22.9]], "timestamp": "2025-12-14T09:33:53.625331+00:00"}, {"symbol": "BNBUSDT", "bids": [[897.8, 13.87], [897.79, 0.04], [897.78, 0.38], [897.76, 2.51], [897.75, 14.02], [897.74, 15.15], [897.73, 5.12], [897.72, 7.0], [897.71, 10.93], [897.7, 0.02], [897.69, 2.72], [897.68, 0.03], [897.67, 2.35], [897.66, 2.36], [897.65, 11.04], [897.64, 1.8], [897.63, 0.78], [897.62, 5.4], [897.61, 0.02], [897.6, 2.0]], "asks": [[897.81, 33.4], [897.82, 5.1], [897.84, 5.92], [897.85, 10.25], [897.86, 0.56], [897.87, 4.18], [897.88, 17.43], [897.89, 5.96], [897.9, 3.87], [897.91, 16.42], [897.92, 7.39], [897.93, 0.44], [897.94, 1.79], [897.95, 26.06], [897.96, 12.55], [897.97, 18.72], [897.98, 10.99], [897.99, 12.74], [898.0, 51.77], [898.01, 21.39]], "timestamp": "2025-12-14T09:34:46.956057+00:00"}, {"symbol": "BNBUSDT", "bids": [[897.71, 25.97], [897.7, 0.33], [897.69, 0.49], [897.68, 10.66], [897.67, 0.27], [897.66, 4.64], [897.65, 3.74], [897.64, 4.95], [897.63, 9.14], [897.62, 16.54], [897.61, 2.36], [897.6, 3.53], [897.59, 13.28], [897.58, 2.2], [897.57, 0.83], [897.56, 5.86], [897.55, 6.62], [897.54, 27.79], [897.53, 15.41], [897.52, 3.36]], "asks": [[897.72, 7.94], [897.73, 5.96], [897.74, 0.01], [897.75, 1.13], [897.76, 13.32], [897.77, 12.48], [897.78, 0.2], [897.79, 9.71], [897.8, 7.35], [897.81, 5.72], [897.82, 0.56], [897.83, 20.13], [897.84, 7.87], [897.85, 4.0], [897.86, 22.61], [897.87, 5.49], [897.88, 2.33], [897.89, 7.48], [897.9, 16.26], [897.91, 13.07]], "timestamp": "2025-12-14T09:35:39.824573+00:00"}, {"symbol": "BNBUSDT", "bids": [[897.75, 67.81], [897.74, 6.84], [897.73, 19.52], [897.72, 22.13], [897.71, 29.38], [897.7, 0.92], [897.69, 3.69], [897.68, 9.37], [897.67, 4.6], [897.66, 6.95], [897.65, 6.79], [897.64, 6.59], [897.63, 5.01], [897.62, 6.56], [897.61, 2.44], [897.6, 13.35], [897.59, 7.75], [897.58, 2.65], [897.57, 5.92], [897.56, 17.83]], "asks": [[897.76, 11.13], [897.77, 0.02], [897.78, 0.01], [897.79, 0.02], [897.8, 5.15], [897.81, 0.45], [897.82, 0.02], [897.83, 2.31], [897.84, 1.51], [897.85, 2.29], [897.86, 3.91], [897.87, 5.19], [897.88, 5.52], [897.89, 0.65], [897.9, 7.91], [897.91, 10.1], [897.92, 5.59], [897.93, 7.87], [897.94, 13.3], [897.95, 2.92]], "timestamp": "2025-12-14T09:36:33.149637+00:00"}, {"symbol": "BNBUSDT", "bids": [[897.78, 39.71], [897.77, 1.32], [897.76, 0.17], [897.75, 0.83], [897.74, 0.09], [897.73, 0.22], [897.72, 3.71], [897.71, 28.95], [897.7, 3.08], [897.69, 0.78], [897.68, 2.17], [897.67, 5.45], [897.66, 3.15], [897.65, 6.35], [897.64, 5.58], [897.63, 0.09], [897.62, 0.83], [897.61, 5.09], [897.6, 19.09], [897.59, 4.36]], "asks": [[897.79, 37.42], [897.8, 3.74], [897.81, 6.36], [897.82, 0.81], [897.83, 28.38], [897.84, 2.42], [897.85, 10.2], [897.86, 27.97], [897.87, 7.72], [897.88, 9.55], [897.89, 15.79], [897.9, 2.66], [897.91, 7.11], [897.92, 4.73], [897.93, 22.99], [897.94, 0.06], [897.95, 2.91], [897.96, 12.89], [897.97, 19.32], [897.98, 1.42]], "timestamp": "2025-12-14T09:37:26.693147+00:00"}, {"symbol": "BNBUSDT", "bids": [[897.54, 25.87], [897.53, 0.02], [897.52, 2.39], [897.51, 2.18], [897.5, 5.54], [897.49, 18.28], [897.48, 8.91], [897.47, 9.11], [897.46, 3.54], [897.45, 4.63], [897.44, 12.51], [897.43, 3.92], [897.42, 0.18], [897.41, 1.34], [897.4, 17.11], [897.39, 3.09], [897.38, 8.88], [897.37, 20.98], [897.36, 2.13], [897.35, 4.74]], "asks": [[897.55, 20.2], [897.56, 0.96], [897.57, 0.76], [897.58, 3.81], [897.59, 0.43], [897.6, 2.51], [897.61, 1.68], [897.62, 3.69], [897.63, 6.94], [897.64, 3.3], [897.65, 0.18], [897.66, 4.8], [897.67, 0.19], [897.68, 4.68], [897.69, 0.01], [897.7, 7.71], [897.71, 10.85], [897.72, 19.97], [897.73, 5.85], [897.74, 2.28]], "timestamp": "2025-12-14T09:38:19.843921+00:00"}, {"symbol": "BNBUSDT", "bids": [[897.03, 0.72], [897.02, 0.95], [897.0, 2.92], [896.99, 0.88], [896.98, 1.43], [896.97, 0.28], [896.96, 5.02], [896.95, 0.88], [896.94, 2.39], [896.93, 2.32], [896.92, 9.06], [896.91, 6.34], [896.9, 1.24], [896.89, 7.96], [896.88, 20.63], [896.87, 19.06], [896.86, 0.25], [896.85, 5.38], [896.84, 32.9], [896.83, 12.27]], "asks": [[897.04, 82.49], [897.05, 25.55], [897.06, 25.64], [897.07, 2.68], [897.08, 1.92], [897.1, 1.53], [897.11, 1.64], [897.12, 5.34], [897.13, 8.83], [897.14, 2.0], [897.15, 5.45], [897.16, 4.12], [897.17, 8.5], [897.18, 0.85], [897.19, 3.7], [897.2, 1.25], [897.21, 0.01], [897.22, 0.02], [897.23, 4.39], [897.24, 9.98]], "timestamp": "2025-12-14T09:39:13.528637+00:00"}, {"symbol": "BNBUSDT", "bids": [[896.88, 15.25], [896.87, 0.04], [896.86, 1.77], [896.85, 0.51], [896.84, 1.48], [896.83, 1.53], [896.82, 0.04], [896.81, 3.66], [896.8, 8.09], [896.79, 5.53], [896.78, 6.75], [896.77, 0.16], [896.76, 6.11], [896.75, 3.44], [896.74, 7.47], [896.73, 3.51], [896.72, 8.41], [896.71, 10.29], [896.7, 27.24], [896.69, 17.94]], "asks": [[896.89, 16.73], [896.9, 0.38], [896.91, 4.5], [896.92, 2.54], [896.93, 4.97], [896.94, 2.16], [896.95, 5.57], [896.96, 3.39], [896.97, 7.56], [896.98, 7.53], [896.99, 3.4], [897.0, 4.02], [897.01, 4.76], [897.02, 4.5], [897.03, 8.04], [897.04, 4.69], [897.05, 3.17], [897.06, 5.91], [897.07, 6.46], [897.08, 3.28]], "timestamp": "2025-12-14T09:40:06.550334+00:00"}, {"symbol": "BNBUSDT", "bids": [[896.76, 3.28], [896.75, 0.9], [896.74, 0.57], [896.73, 1.59], [896.72, 1.95], [896.71, 1.67], [896.7, 8.7], [896.69, 0.97], [896.68, 7.56], [896.67, 8.33], [896.66, 17.91], [896.65, 2.65], [896.64, 24.16], [896.63, 15.28], [896.62, 2.29], [896.61, 6.25], [896.6, 1.4], [896.59, 11.19], [896.58, 2.82], [896.57, 15.6]], "asks": [[896.77, 42.03], [896.78, 22.96], [896.79, 16.52], [896.8, 7.7], [896.81, 14.16], [896.82, 2.32], [896.83, 9.77], [896.84, 15.31], [896.85, 9.64], [896.86, 21.48], [896.87, 3.63], [896.88, 1.78], [896.89, 0.13], [896.9, 0.36], [896.91, 1.73], [896.92, 6.97], [896.93, 6.24], [896.94, 1.14], [896.95, 5.21], [896.96, 7.31]], "timestamp": "2025-12-14T09:40:59.822877+00:00"}, {"symbol": "BNBUSDT", "bids": [[896.41, 38.74], [896.4, 4.32], [896.39, 6.36], [896.38, 12.63], [896.37, 10.08], [896.36, 4.98], [896.35, 5.22], [896.34, 12.89], [896.33, 1.92], [896.32, 23.33], [896.31, 60.26], [896.3, 4.82], [896.29, 21.03], [896.28, 10.07], [896.27, 19.08], [896.26, 10.76], [896.25, 9.08], [896.24, 3.81], [896.23, 13.64], [896.22, 0.79]], "asks": [[896.42, 2.07], [896.43, 0.02], [896.44, 0.3], [896.45, 0.4], [896.46, 0.02], [896.48, 0.02], [896.49, 0.01], [896.5, 0.02], [896.51, 2.42], [896.52, 7.98], [896.53, 8.46], [896.54, 0.59], [896.55, 0.68], [896.56, 14.61], [896.57, 0.03], [896.58, 4.45], [896.59, 2.88], [896.6, 27.33], [896.61, 7.08], [896.62, 0.67]], "timestamp": "2025-12-14T09:41:53.267940+00:00"}, {"symbol": "BNBUSDT", "bids": [[896.49, 12.62], [896.48, 3.8], [896.47, 6.95], [896.46, 0.77], [896.45, 0.22], [896.44, 1.47], [896.43, 2.26], [896.42, 3.16], [896.41, 0.87], [896.4, 1.59], [896.39, 9.19], [896.38, 4.8], [896.37, 45.34], [896.36, 4.84], [896.35, 24.92], [896.34, 0.07], [896.33, 0.35], [896.32, 3.39], [896.31, 3.88], [896.3, 1.63]], "asks": [[896.5, 8.66], [896.51, 0.28], [896.52, 0.49], [896.53, 1.23], [896.54, 0.19], [896.55, 1.18], [896.56, 9.38], [896.57, 8.77], [896.58, 0.01], [896.59, 3.12], [896.6, 20.48], [896.61, 0.55], [896.62, 0.87], [896.63, 2.48], [896.64, 13.86], [896.65, 4.33], [896.66, 0.03], [896.67, 4.96], [896.68, 20.23], [896.69, 3.94]], "timestamp": "2025-12-14T09:42:46.513870+00:00"}, {"symbol": "BNBUSDT", "bids": [[896.49, 26.11], [896.48, 0.02], [896.47, 1.72], [896.46, 0.01], [896.45, 0.09], [896.44, 6.28], [896.43, 4.09], [896.42, 2.8], [896.41, 0.76], [896.4, 8.42], [896.39, 9.14], [896.38, 5.22], [896.37, 6.57], [896.36, 2.97], [896.35, 3.55], [896.34, 4.19], [896.33, 5.98], [896.32, 11.58], [896.31, 8.51], [896.3, 22.63]], "asks": [[896.5, 16.81], [896.51, 0.28], [896.52, 0.49], [896.54, 2.93], [896.55, 11.2], [896.56, 5.31], [896.57, 0.99], [896.58, 0.21], [896.59, 3.56], [896.6, 21.02], [896.61, 0.94], [896.62, 2.73], [896.63, 10.4], [896.64, 5.57], [896.65, 6.44], [896.66, 5.6], [896.67, 6.42], [896.68, 7.67], [896.69, 4.24], [896.7, 27.7]], "timestamp": "2025-12-14T09:43:39.942005+00:00"}, {"symbol": "BNBUSDT", "bids": [[896.49, 30.25], [896.48, 0.34], [896.47, 1.97], [896.46, 0.01], [896.45, 1.14], [896.44, 1.02], [896.43, 7.14], [896.42, 2.33], [896.41, 7.18], [896.4, 7.23], [896.39, 6.56], [896.38, 4.53], [896.37, 7.8], [896.36, 5.03], [896.35, 6.71], [896.34, 4.17], [896.33, 2.64], [896.32, 11.57], [896.31, 14.2], [896.3, 22.43]], "asks": [[896.5, 20.54], [896.51, 6.82], [896.52, 4.02], [896.53, 0.1], [896.54, 0.19], [896.55, 3.68], [896.56, 8.39], [896.57, 0.59], [896.58, 3.55], [896.59, 0.61], [896.6, 24.58], [896.61, 2.8], [896.62, 0.58], [896.63, 6.89], [896.64, 5.71], [896.65, 5.32], [896.66, 0.03], [896.67, 6.97], [896.68, 11.74], [896.69, 5.74]], "timestamp": "2025-12-14T09:44:34.225792+00:00"}, {"symbol": "BNBUSDT", "bids": [[896.51, 22.53], [896.5, 0.31], [896.49, 0.82], [896.48, 3.09], [896.47, 6.86], [896.46, 1.03], [896.44, 6.46], [896.43, 1.71], [896.42, 6.3], [896.41, 5.98], [896.4, 0.66], [896.39, 4.53], [896.38, 0.44], [896.37, 24.07], [896.36, 5.24], [896.35, 2.19], [896.34, 8.84], [896.33, 3.9], [896.32, 8.68], [896.31, 3.43]], "asks": [[896.52, 29.5], [896.53, 2.92], [896.54, 5.45], [896.55, 3.42], [896.56, 8.57], [896.57, 6.91], [896.58, 0.19], [896.59, 1.77], [896.6, 7.13], [896.61, 6.9], [896.62, 5.07], [896.63, 7.41], [896.64, 3.13], [896.65, 0.57], [896.66, 3.9], [896.67, 10.11], [896.68, 5.33], [896.69, 0.35], [896.7, 10.72], [896.71, 4.2]], "timestamp": "2025-12-14T09:45:27.672018+00:00"}, {"symbol": "BNBUSDT", "bids": [[896.27, 22.75], [896.26, 1.97], [896.25, 7.2], [896.24, 7.92], [896.23, 9.23], [896.22, 2.44], [896.21, 4.6], [896.2, 5.37], [896.19, 8.52], [896.18, 27.98], [896.17, 10.06], [896.16, 1.15], [896.15, 2.26], [896.14, 3.27], [896.13, 11.79], [896.12, 0.01], [896.11, 1.44], [896.1, 6.72], [896.09, 3.12], [896.08, 10.16]], "asks": [[896.28, 3.19], [896.29, 0.02], [896.3, 0.28], [896.32, 6.92], [896.33, 2.48], [896.34, 2.67], [896.35, 6.0], [896.36, 6.34], [896.37, 0.81], [896.38, 6.7], [896.39, 9.28], [896.4, 10.77], [896.41, 0.43], [896.42, 9.78], [896.43, 12.74], [896.44, 8.66], [896.45, 9.35], [896.46, 0.33], [896.47, 4.65], [896.48, 19.02]], "timestamp": "2025-12-14T09:46:20.727917+00:00"}, {"symbol": "BNBUSDT", "bids": [[896.34, 14.85], [896.33, 1.95], [896.32, 1.85], [896.31, 0.36], [896.3, 0.92], [896.29, 2.69], [896.28, 4.63], [896.27, 5.01], [896.26, 7.51], [896.25, 3.46], [896.24, 8.37], [896.23, 2.32], [896.22, 3.75], [896.21, 22.26], [896.2, 8.18], [896.19, 12.42], [896.18, 7.89], [896.17, 0.01], [896.16, 3.85], [896.15, 1.94]], "asks": [[896.35, 21.7], [896.36, 0.02], [896.37, 0.31], [896.39, 1.41], [896.4, 3.28], [896.41, 4.15], [896.42, 1.42], [896.43, 3.36], [896.44, 10.65], [896.45, 18.4], [896.46, 0.5], [896.47, 13.48], [896.48, 7.73], [896.49, 4.79], [896.5, 2.4], [896.51, 7.37], [896.52, 10.96], [896.53, 15.55], [896.54, 13.72], [896.55, 7.13]], "timestamp": "2025-12-14T09:47:14.472945+00:00"}, {"symbol": "BNBUSDT", "bids": [[896.25, 23.97], [896.24, 0.02], [896.23, 0.06], [896.22, 0.39], [896.21, 2.07], [896.2, 13.7], [896.19, 5.81], [896.18, 0.19], [896.17, 0.65], [896.16, 9.68], [896.15, 25.47], [896.14, 2.61], [896.13, 2.58], [896.11, 5.47], [896.1, 2.47], [896.09, 8.81], [896.08, 6.16], [896.07, 15.77], [896.06, 4.93], [896.05, 1.28]], "asks": [[896.26, 15.1], [896.27, 0.33], [896.28, 0.01], [896.29, 0.02], [896.3, 0.29], [896.31, 3.51], [896.32, 8.0], [896.33, 11.29], [896.34, 7.99], [896.35, 11.13], [896.36, 0.44], [896.37, 3.44], [896.38, 2.33], [896.39, 6.23], [896.4, 3.29], [896.41, 2.26], [896.42, 0.22], [896.43, 1.05], [896.44, 6.3], [896.45, 18.4]], "timestamp": "2025-12-14T09:48:07.927142+00:00"}, {"symbol": "BNBUSDT", "bids": [[896.36, 5.58], [896.35, 7.82], [896.34, 4.81], [896.33, 0.04], [896.32, 0.01], [896.31, 0.06], [896.3, 0.01], [896.28, 4.4], [896.27, 3.73], [896.26, 0.24], [896.25, 10.38], [896.24, 8.0], [896.23, 23.38], [896.22, 1.16], [896.21, 0.02], [896.2, 8.34], [896.19, 0.02], [896.18, 0.53], [896.17, 3.81], [896.16, 9.7]], "asks": [[896.37, 52.33], [896.38, 0.45], [896.39, 6.52], [896.4, 6.11], [896.41, 26.52], [896.42, 0.3], [896.43, 0.21], [896.44, 4.25], [896.45, 17.96], [896.46, 3.82], [896.47, 14.92], [896.48, 0.83], [896.49, 3.68], [896.5, 12.73], [896.51, 0.96], [896.52, 9.47], [896.53, 2.72], [896.54, 6.74], [896.55, 8.38], [896.56, 8.25]], "timestamp": "2025-12-14T09:49:00.686523+00:00"}, {"symbol": "BNBUSDT", "bids": [[896.31, 24.2], [896.3, 0.38], [896.29, 1.15], [896.28, 4.05], [896.27, 3.35], [896.26, 9.76], [896.25, 1.58], [896.24, 4.78], [896.23, 21.04], [896.22, 1.43], [896.21, 7.19], [896.2, 9.31], [896.19, 0.16], [896.18, 0.72], [896.17, 3.94], [896.16, 5.42], [896.15, 6.11], [896.14, 8.18], [896.13, 17.6], [896.12, 9.8]], "asks": [[896.32, 23.37], [896.33, 0.03], [896.34, 0.56], [896.35, 0.33], [896.36, 4.05], [896.37, 4.38], [896.38, 0.38], [896.39, 0.38], [896.4, 7.31], [896.41, 12.9], [896.42, 0.01], [896.43, 0.58], [896.44, 13.91], [896.45, 3.15], [896.46, 18.44], [896.47, 3.72], [896.48, 3.54], [896.49, 3.81], [896.5, 11.25], [896.51, 0.76]], "timestamp": "2025-12-14T09:49:53.434043+00:00"}, {"symbol": "BNBUSDT", "bids": [[896.12, 11.31], [896.11, 0.31], [896.1, 0.39], [896.09, 0.26], [896.08, 0.32], [896.07, 2.2], [896.06, 1.4], [896.05, 0.03], [896.04, 14.75], [896.03, 2.51], [896.02, 25.57], [896.01, 2.69], [896.0, 32.22], [895.99, 3.44], [895.98, 0.25], [895.97, 18.61], [895.96, 0.81], [895.95, 7.35], [895.94, 5.27], [895.93, 23.87]], "asks": [[896.13, 81.88], [896.14, 11.67], [896.15, 19.04], [896.16, 21.85], [896.17, 18.57], [896.18, 3.35], [896.19, 11.82], [896.2, 24.0], [896.21, 10.85], [896.22, 4.66], [896.23, 7.14], [896.24, 2.3], [896.25, 1.91], [896.26, 7.46], [896.27, 2.6], [896.28, 2.6], [896.29, 7.0], [896.3, 2.76], [896.31, 5.77], [896.32, 3.37]], "timestamp": "2025-12-14T09:50:46.976690+00:00"}, {"symbol": "BNBUSDT", "bids": [[896.02, 9.4], [896.01, 0.04], [896.0, 16.94], [895.99, 0.04], [895.98, 0.02], [895.97, 2.23], [895.96, 0.61], [895.95, 2.48], [895.94, 4.34], [895.93, 1.25], [895.92, 7.93], [895.91, 15.27], [895.9, 2.37], [895.89, 0.3], [895.88, 5.72], [895.87, 19.05], [895.86, 7.37], [895.85, 1.55], [895.84, 4.65], [895.83, 0.09]], "asks": [[896.03, 57.62], [896.04, 24.11], [896.05, 16.13], [896.06, 0.8], [896.07, 7.09], [896.08, 7.81], [896.09, 0.6], [896.1, 3.01], [896.11, 6.58], [896.12, 6.06], [896.13, 4.74], [896.14, 2.63], [896.15, 7.26], [896.16, 5.25], [896.17, 0.98], [896.18, 0.65], [896.19, 3.15], [896.2, 6.49], [896.21, 0.04], [896.22, 10.06]], "timestamp": "2025-12-14T09:51:59.894083+00:00"}, {"symbol": "BNBUSDT", "bids": [[895.72, 23.28], [895.71, 17.55], [895.7, 17.95], [895.69, 2.54], [895.68, 7.68], [895.67, 8.18], [895.66, 9.81], [895.65, 9.04], [895.64, 2.28], [895.63, 11.61], [895.62, 2.31], [895.61, 6.66], [895.6, 10.67], [895.59, 5.84], [895.58, 32.3], [895.57, 7.95], [895.56, 0.02], [895.55, 2.01], [895.54, 0.02], [895.53, 1.99]], "asks": [[895.73, 30.29], [895.74, 17.07], [895.75, 2.97], [895.76, 8.54], [895.77, 4.73], [895.78, 0.23], [895.79, 0.2], [895.8, 4.42], [895.81, 5.56], [895.82, 0.42], [895.83, 3.11], [895.84, 10.27], [895.85, 0.92], [895.86, 6.42], [895.87, 17.27], [895.88, 39.03], [895.89, 2.5], [895.9, 0.09], [895.91, 17.82], [895.92, 4.85]], "timestamp": "2025-12-14T09:52:55.264486+00:00"}, {"symbol": "BNBUSDT", "bids": [[895.96, 57.52], [895.95, 2.81], [895.94, 0.39], [895.93, 0.04], [895.92, 3.21], [895.91, 12.96], [895.9, 10.87], [895.89, 19.35], [895.88, 32.1], [895.87, 2.6], [895.86, 2.41], [895.85, 34.97], [895.84, 5.72], [895.83, 6.48], [895.82, 3.17], [895.81, 1.3], [895.8, 13.73], [895.79, 6.84], [895.78, 0.48], [895.77, 1.99]], "asks": [[895.97, 3.82], [895.98, 1.15], [895.99, 2.39], [896.0, 4.0], [896.01, 4.22], [896.02, 0.73], [896.03, 0.61], [896.04, 4.1], [896.05, 13.6], [896.06, 5.79], [896.07, 2.47], [896.08, 11.2], [896.09, 7.63], [896.1, 3.65], [896.11, 0.96], [896.12, 5.1], [896.13, 5.44], [896.14, 10.4], [896.15, 14.14], [896.16, 8.28]], "timestamp": "2025-12-14T09:53:48.545826+00:00"}, {"symbol": "BNBUSDT", "bids": [[895.8, 6.39], [895.79, 0.07], [895.78, 0.44], [895.77, 1.02], [895.76, 4.26], [895.75, 2.05], [895.74, 3.97], [895.73, 14.59], [895.72, 12.56], [895.71, 31.15], [895.7, 19.49], [895.69, 0.06], [895.68, 10.2], [895.67, 2.43], [895.66, 1.13], [895.65, 12.75], [895.64, 12.53], [895.63, 3.27], [895.62, 7.87], [895.61, 3.99]], "asks": [[895.81, 16.86], [895.82, 0.79], [895.83, 0.88], [895.84, 4.27], [895.85, 11.38], [895.86, 0.41], [895.87, 5.19], [895.88, 10.33], [895.89, 12.61], [895.9, 26.88], [895.91, 11.31], [895.92, 0.26], [895.93, 0.53], [895.94, 1.74], [895.95, 4.36], [895.96, 11.85], [895.97, 19.29], [895.98, 5.66], [895.99, 4.41], [896.0, 17.53]], "timestamp": "2025-12-14T09:54:41.895843+00:00"}, {"symbol": "BNBUSDT", "bids": [[895.71, 1.31], [895.7, 0.03], [895.69, 0.03], [895.68, 0.14], [895.67, 0.01], [895.66, 0.02], [895.65, 0.01], [895.64, 2.47], [895.63, 2.56], [895.62, 7.45], [895.61, 0.25], [895.6, 11.23], [895.59, 42.64], [895.58, 7.83], [895.57, 5.96], [895.56, 1.6], [895.55, 0.02], [895.54, 7.61], [895.53, 0.02], [895.52, 3.3]], "asks": [[895.72, 79.63], [895.73, 31.15], [895.74, 19.4], [895.75, 5.05], [895.76, 18.34], [895.77, 4.42], [895.78, 0.79], [895.79, 5.98], [895.8, 7.7], [895.81, 7.99], [895.82, 19.63], [895.83, 5.01], [895.84, 3.79], [895.85, 24.03], [895.86, 4.81], [895.87, 23.59], [895.88, 11.52], [895.89, 18.48], [895.9, 2.17], [895.91, 6.7]], "timestamp": "2025-12-14T09:55:35.010757+00:00"}, {"symbol": "BNBUSDT", "bids": [[895.64, 12.76], [895.63, 0.08], [895.62, 5.31], [895.61, 1.66], [895.6, 3.49], [895.59, 1.43], [895.58, 10.84], [895.57, 9.1], [895.56, 2.56], [895.55, 0.52], [895.54, 9.32], [895.53, 4.08], [895.52, 10.75], [895.51, 4.26], [895.5, 33.16], [895.49, 2.29], [895.48, 16.69], [895.47, 0.04], [895.46, 4.35], [895.45, 17.09]], "asks": [[895.65, 23.74], [895.66, 0.11], [895.67, 0.67], [895.68, 2.64], [895.69, 0.98], [895.7, 0.5], [895.71, 6.82], [895.72, 8.8], [895.73, 5.59], [895.74, 4.72], [895.75, 7.46], [895.76, 11.82], [895.77, 10.76], [895.78, 0.03], [895.79, 5.81], [895.8, 7.98], [895.81, 5.12], [895.82, 2.53], [895.83, 5.9], [895.84, 0.04]], "timestamp": "2025-12-14T09:56:28.288829+00:00"}, {"symbol": "BNBUSDT", "bids": [[895.33, 28.01], [895.32, 9.17], [895.31, 20.27], [895.3, 8.24], [895.29, 1.61], [895.28, 3.14], [895.27, 2.48], [895.26, 2.65], [895.25, 3.7], [895.24, 10.7], [895.23, 41.73], [895.22, 1.72], [895.21, 6.28], [895.2, 23.16], [895.19, 3.13], [895.18, 21.34], [895.17, 4.22], [895.16, 21.15], [895.15, 14.27], [895.14, 7.18]], "asks": [[895.34, 23.32], [895.35, 6.25], [895.38, 0.13], [895.39, 0.02], [895.4, 5.42], [895.41, 3.75], [895.42, 0.21], [895.43, 1.22], [895.44, 2.3], [895.45, 2.97], [895.46, 5.07], [895.47, 7.66], [895.48, 9.32], [895.49, 0.08], [895.5, 3.88], [895.51, 2.95], [895.52, 5.4], [895.53, 4.73], [895.54, 3.12], [895.55, 19.95]], "timestamp": "2025-12-14T09:57:21.317835+00:00"}, {"symbol": "BNBUSDT", "bids": [[895.44, 28.74], [895.43, 2.45], [895.42, 0.17], [895.41, 0.06], [895.4, 3.13], [895.39, 0.33], [895.38, 2.98], [895.37, 1.02], [895.36, 14.6], [895.35, 8.79], [895.34, 1.94], [895.33, 3.81], [895.32, 12.68], [895.31, 4.65], [895.3, 5.78], [895.29, 16.65], [895.28, 10.49], [895.27, 7.65], [895.26, 10.92], [895.25, 8.24]], "asks": [[895.45, 0.58], [895.46, 0.15], [895.48, 3.86], [895.49, 10.94], [895.5, 2.35], [895.51, 2.59], [895.52, 9.41], [895.53, 0.43], [895.55, 5.82], [895.56, 22.47], [895.57, 9.26], [895.58, 7.02], [895.59, 36.58], [895.6, 11.09], [895.61, 3.36], [895.62, 0.24], [895.63, 0.04], [895.64, 6.28], [895.65, 2.15], [895.66, 0.03]], "timestamp": "2025-12-14T09:58:14.919418+00:00"}, {"symbol": "BNBUSDT", "bids": [[895.29, 8.05], [895.28, 0.03], [895.27, 0.14], [895.26, 0.1], [895.25, 0.32], [895.24, 1.79], [895.23, 7.28], [895.22, 2.92], [895.21, 11.25], [895.2, 13.7], [895.19, 4.17], [895.18, 5.5], [895.17, 0.38], [895.16, 14.23], [895.15, 1.76], [895.14, 2.12], [895.13, 13.96], [895.12, 8.12], [895.11, 2.07], [895.1, 3.8]], "asks": [[895.3, 36.79], [895.31, 9.41], [895.32, 11.16], [895.33, 2.64], [895.34, 2.48], [895.35, 3.38], [895.36, 9.21], [895.37, 10.4], [895.38, 15.35], [895.39, 17.77], [895.4, 7.46], [895.41, 8.74], [895.42, 2.85], [895.43, 1.9], [895.44, 0.23], [895.45, 3.39], [895.46, 7.35], [895.47, 2.92], [895.48, 14.65], [895.49, 13.95]], "timestamp": "2025-12-14T09:59:07.999073+00:00"}, {"symbol": "BNBUSDT", "bids": [[895.36, 35.78], [895.35, 0.32], [895.34, 0.09], [895.33, 0.26], [895.32, 5.55], [895.31, 4.19], [895.3, 7.71], [895.29, 10.04], [895.28, 4.26], [895.27, 14.12], [895.26, 3.54], [895.25, 4.62], [895.24, 4.5], [895.23, 0.33], [895.22, 7.17], [895.21, 4.05], [895.2, 25.85], [895.19, 0.01], [895.18, 4.09], [895.17, 15.38]], "asks": [[895.37, 2.08], [895.38, 0.02], [895.4, 0.02], [895.41, 2.58], [895.43, 2.7], [895.44, 1.25], [895.45, 17.78], [895.46, 89.41], [895.47, 2.59], [895.48, 3.0], [895.49, 1.55], [895.5, 0.52], [895.51, 10.24], [895.52, 4.13], [895.53, 2.23], [895.54, 3.04], [895.55, 2.43], [895.56, 4.22], [895.57, 0.03], [895.58, 10.75]], "timestamp": "2025-12-14T10:00:00.946387+00:00"}, {"symbol": "BNBUSDT", "bids": [[895.11, 1.22], [895.1, 1.67], [895.09, 0.37], [895.08, 0.53], [895.07, 0.13], [895.06, 1.04], [895.05, 0.82], [895.04, 6.17], [895.03, 8.98], [895.02, 17.14], [895.01, 7.15], [895.0, 51.37], [894.99, 24.31], [894.98, 0.3], [894.97, 1.54], [894.96, 3.84], [894.95, 4.49], [894.94, 13.36], [894.93, 0.13], [894.92, 12.91]], "asks": [[895.12, 29.57], [895.13, 3.12], [895.14, 2.5], [895.15, 4.78], [895.16, 16.47], [895.17, 2.86], [895.18, 3.83], [895.19, 11.65], [895.2, 19.22], [895.21, 6.15], [895.22, 2.24], [895.23, 1.12], [895.24, 5.41], [895.25, 6.53], [895.26, 2.9], [895.27, 4.56], [895.28, 5.69], [895.29, 10.38], [895.3, 9.09], [895.31, 4.98]], "timestamp": "2025-12-14T10:00:54.795091+00:00"}, {"symbol": "BNBUSDT", "bids": [[894.99, 2.16], [894.98, 0.02], [894.97, 0.63], [894.96, 0.29], [894.95, 1.59], [894.94, 2.93], [894.93, 5.11], [894.92, 1.48], [894.91, 0.26], [894.9, 2.78], [894.89, 10.78], [894.88, 2.0], [894.87, 0.44], [894.86, 6.94], [894.85, 0.42], [894.84, 11.4], [894.83, 11.29], [894.82, 2.92], [894.81, 13.1], [894.8, 25.85]], "asks": [[895.0, 46.64], [895.01, 3.05], [895.02, 5.77], [895.03, 0.2], [895.04, 1.9], [895.05, 3.83], [895.06, 1.96], [895.08, 11.26], [895.09, 1.98], [895.1, 11.4], [895.11, 5.57], [895.12, 13.13], [895.13, 5.56], [895.14, 2.39], [895.15, 4.18], [895.16, 3.84], [895.17, 2.64], [895.18, 7.89], [895.19, 13.41], [895.2, 3.79]], "timestamp": "2025-12-14T10:01:48.620491+00:00"}, {"symbol": "BNBUSDT", "bids": [[894.99, 24.03], [894.98, 2.97], [894.97, 4.21], [894.96, 5.45], [894.95, 1.57], [894.94, 2.73], [894.93, 1.24], [894.92, 3.0], [894.91, 0.19], [894.9, 2.59], [894.89, 6.62], [894.88, 2.47], [894.87, 3.86], [894.86, 11.59], [894.85, 8.74], [894.84, 10.9], [894.83, 15.5], [894.82, 11.3], [894.81, 0.46], [894.8, 26.42]], "asks": [[895.0, 45.33], [895.01, 19.25], [895.02, 15.93], [895.03, 0.03], [895.04, 1.94], [895.05, 1.29], [895.06, 7.14], [895.07, 2.49], [895.08, 12.1], [895.09, 7.45], [895.1, 29.0], [895.11, 13.13], [895.12, 8.38], [895.13, 5.04], [895.14, 2.57], [895.15, 0.03], [895.16, 3.7], [895.17, 2.93], [895.18, 2.29], [895.19, 13.41]], "timestamp": "2025-12-14T10:02:42.535744+00:00"}, {"symbol": "BNBUSDT", "bids": [[894.99, 5.55], [894.98, 0.03], [894.97, 0.63], [894.96, 0.25], [894.95, 2.83], [894.94, 5.83], [894.93, 0.22], [894.92, 1.35], [894.91, 1.31], [894.9, 4.5], [894.89, 2.82], [894.88, 0.2], [894.87, 2.27], [894.86, 7.34], [894.85, 1.04], [894.84, 11.67], [894.83, 11.29], [894.82, 2.73], [894.81, 7.75], [894.8, 34.91]], "asks": [[895.0, 61.6], [895.01, 26.63], [895.02, 13.44], [895.03, 3.71], [895.04, 3.1], [895.05, 3.75], [895.06, 3.8], [895.07, 4.77], [895.08, 10.52], [895.09, 1.5], [895.1, 37.71], [895.11, 11.61], [895.12, 8.25], [895.13, 5.3], [895.14, 2.56], [895.15, 1.03], [895.16, 3.7], [895.17, 2.96], [895.18, 0.01], [895.19, 13.42]], "timestamp": "2025-12-14T10:03:35.615047+00:00"}, {"symbol": "BNBUSDT", "bids": [[894.58, 6.86], [894.57, 0.03], [894.56, 2.41], [894.55, 2.73], [894.54, 0.4], [894.53, 0.21], [894.52, 1.92], [894.51, 0.51], [894.5, 2.92], [894.49, 0.41], [894.48, 6.22], [894.47, 2.42], [894.46, 0.49], [894.45, 9.97], [894.44, 17.63], [894.43, 0.49], [894.42, 37.88], [894.41, 10.41], [894.4, 20.56], [894.39, 7.97]], "asks": [[894.59, 48.85], [894.6, 22.2], [894.61, 0.12], [894.62, 0.53], [894.63, 13.57], [894.64, 26.91], [894.65, 25.65], [894.66, 18.67], [894.67, 29.79], [894.68, 23.9], [894.69, 9.17], [894.7, 16.33], [894.71, 18.14], [894.72, 2.08], [894.73, 3.57], [894.74, 0.03], [894.75, 2.33], [894.76, 5.1], [894.78, 2.04], [894.79, 0.24]], "timestamp": "2025-12-14T10:04:28.844874+00:00"}, {"symbol": "BNBUSDT", "bids": [[894.67, 82.68], [894.66, 32.92], [894.65, 9.06], [894.64, 2.3], [894.63, 0.58], [894.62, 0.45], [894.61, 2.16], [894.6, 3.02], [894.59, 8.09], [894.58, 18.4], [894.57, 8.59], [894.56, 4.27], [894.55, 12.83], [894.54, 23.08], [894.53, 22.39], [894.52, 9.65], [894.51, 19.72], [894.5, 21.73], [894.49, 14.68], [894.48, 16.22]], "asks": [[894.68, 1.9], [894.69, 0.07], [894.7, 0.02], [894.71, 0.02], [894.72, 0.66], [894.73, 0.42], [894.74, 1.92], [894.75, 2.28], [894.76, 1.48], [894.77, 0.14], [894.78, 1.98], [894.79, 1.12], [894.8, 5.53], [894.81, 5.03], [894.82, 2.81], [894.83, 2.26], [894.84, 15.46], [894.85, 2.84], [894.86, 13.62], [894.87, 12.33]], "timestamp": "2025-12-14T10:05:22.077539+00:00"}, {"symbol": "BNBUSDT", "bids": [[894.88, 74.65], [894.87, 31.27], [894.86, 15.61], [894.85, 2.28], [894.84, 42.14], [894.83, 16.78], [894.82, 21.02], [894.81, 21.87], [894.8, 23.26], [894.79, 16.83], [894.78, 18.41], [894.77, 18.36], [894.76, 7.84], [894.75, 7.35], [894.74, 17.43], [894.73, 8.5], [894.72, 0.34], [894.71, 3.22], [894.7, 0.01], [894.69, 11.23]], "asks": [[894.89, 1.09], [894.9, 0.14], [894.91, 0.3], [894.92, 0.01], [894.93, 1.4], [894.95, 8.92], [894.96, 3.2], [894.97, 0.04], [894.98, 10.96], [894.99, 5.13], [895.0, 4.6], [895.01, 2.84], [895.02, 1.0], [895.03, 3.98], [895.04, 3.34], [895.05, 4.59], [895.06, 3.01], [895.07, 1.6], [895.08, 11.91], [895.09, 8.62]], "timestamp": "2025-12-14T10:06:15.734879+00:00"}, {"symbol": "BNBUSDT", "bids": [[894.73, 1.57], [894.72, 2.3], [894.71, 0.56], [894.7, 0.4], [894.69, 0.23], [894.68, 0.02], [894.66, 5.56], [894.65, 0.07], [894.64, 0.41], [894.63, 1.05], [894.62, 1.13], [894.61, 2.18], [894.6, 2.55], [894.59, 0.13], [894.58, 1.76], [894.57, 11.28], [894.56, 2.37], [894.55, 7.92], [894.54, 21.63], [894.53, 0.13]], "asks": [[894.74, 41.29], [894.75, 1.49], [894.76, 4.11], [894.77, 9.65], [894.78, 34.56], [894.79, 5.11], [894.8, 9.21], [894.81, 25.52], [894.82, 0.02], [894.83, 4.51], [894.84, 17.34], [894.85, 5.25], [894.86, 18.26], [894.87, 1.19], [894.88, 8.86], [894.89, 5.17], [894.9, 0.04], [894.91, 8.59], [894.92, 15.52], [894.93, 14.1]], "timestamp": "2025-12-14T10:07:09.250743+00:00"}, {"symbol": "BNBUSDT", "bids": [[894.57, 5.21], [894.56, 0.04], [894.55, 0.02], [894.54, 0.01], [894.53, 0.09], [894.51, 0.03], [894.5, 0.46], [894.49, 0.87], [894.48, 3.09], [894.47, 3.21], [894.46, 13.78], [894.45, 2.37], [894.44, 12.51], [894.43, 1.58], [894.42, 6.79], [894.41, 0.52], [894.4, 5.78], [894.39, 8.32], [894.38, 14.59], [894.37, 3.81]], "asks": [[894.58, 55.4], [894.59, 37.0], [894.6, 16.82], [894.61, 22.18], [894.62, 0.02], [894.63, 7.71], [894.64, 15.18], [894.65, 2.34], [894.66, 5.82], [894.67, 23.59], [894.68, 19.12], [894.69, 40.09], [894.7, 21.73], [894.71, 16.38], [894.72, 1.85], [894.73, 5.63], [894.74, 0.01], [894.75, 3.47], [894.76, 5.17], [894.77, 8.59]], "timestamp": "2025-12-14T10:08:02.027895+00:00"}, {"symbol": "BNBUSDT", "bids": [[894.54, 49.88], [894.53, 4.72], [894.52, 12.11], [894.51, 7.8], [894.5, 13.52], [894.49, 0.28], [894.48, 2.89], [894.47, 0.16], [894.46, 2.78], [894.45, 3.2], [894.44, 7.35], [894.43, 10.21], [894.42, 1.72], [894.41, 21.99], [894.4, 20.04], [894.39, 5.74], [894.38, 14.58], [894.37, 2.35], [894.36, 8.77], [894.35, 9.3]], "asks": [[894.55, 1.33], [894.56, 0.2], [894.57, 3.25], [894.58, 5.98], [894.59, 2.8], [894.6, 0.74], [894.61, 2.28], [894.62, 2.17], [894.63, 0.52], [894.64, 4.91], [894.65, 0.4], [894.66, 8.2], [894.67, 9.28], [894.68, 11.25], [894.69, 4.58], [894.7, 3.31], [894.71, 6.2], [894.72, 4.44], [894.73, 0.03], [894.74, 2.84]], "timestamp": "2025-12-14T10:08:55.195183+00:00"}, {"symbol": "BNBUSDT", "bids": [[894.27, 22.68], [894.26, 0.01], [894.25, 5.43], [894.24, 0.29], [894.23, 5.86], [894.22, 3.2], [894.21, 0.04], [894.2, 12.18], [894.19, 2.78], [894.18, 10.3], [894.17, 3.33], [894.16, 6.06], [894.15, 11.68], [894.14, 12.21], [894.13, 0.19], [894.12, 16.21], [894.11, 11.69], [894.1, 3.43], [894.09, 2.57], [894.08, 2.23]], "asks": [[894.28, 12.57], [894.29, 1.48], [894.32, 3.08], [894.33, 5.58], [894.34, 4.92], [894.35, 9.8], [894.36, 10.53], [894.37, 8.34], [894.38, 0.29], [894.39, 5.33], [894.4, 3.41], [894.41, 1.33], [894.42, 2.94], [894.43, 0.41], [894.44, 2.85], [894.45, 2.08], [894.46, 3.9], [894.47, 6.89], [894.48, 14.97], [894.49, 14.63]], "timestamp": "2025-12-14T10:09:48.053955+00:00"}, {"symbol": "BNBUSDT", "bids": [[894.29, 46.66], [894.28, 3.34], [894.27, 0.01], [894.26, 4.01], [894.25, 3.71], [894.24, 15.79], [894.23, 2.82], [894.22, 1.81], [894.21, 11.34], [894.2, 4.15], [894.19, 0.43], [894.18, 2.5], [894.17, 4.58], [894.16, 13.92], [894.15, 3.52], [894.14, 1.38], [894.13, 0.32], [894.12, 7.43], [894.11, 11.34], [894.1, 3.43]], "asks": [[894.3, 2.6], [894.31, 1.97], [894.32, 5.12], [894.33, 0.02], [894.34, 4.07], [894.35, 3.54], [894.36, 2.97], [894.37, 7.05], [894.38, 5.81], [894.39, 1.13], [894.4, 2.2], [894.41, 1.03], [894.42, 2.82], [894.43, 0.47], [894.44, 4.94], [894.45, 4.58], [894.46, 2.28], [894.47, 7.57], [894.48, 8.06], [894.49, 17.32]], "timestamp": "2025-12-14T10:10:41.434230+00:00"}, {"symbol": "BNBUSDT", "bids": [[894.52, 1.26], [894.51, 4.09], [894.5, 3.66], [894.48, 0.05], [894.47, 4.14], [894.46, 1.12], [894.45, 0.01], [894.44, 0.04], [894.43, 0.18], [894.42, 0.49], [894.41, 1.86], [894.4, 4.79], [894.39, 8.1], [894.38, 4.11], [894.37, 0.23], [894.36, 7.47], [894.35, 4.75], [894.34, 10.32], [894.33, 11.3], [894.32, 5.73]], "asks": [[894.53, 85.18], [894.54, 0.02], [894.55, 18.71], [894.56, 23.9], [894.57, 3.39], [894.58, 13.36], [894.59, 5.44], [894.6, 1.84], [894.61, 4.05], [894.62, 6.79], [894.63, 5.71], [894.64, 22.8], [894.65, 0.94], [894.66, 8.66], [894.67, 35.48], [894.68, 15.14], [894.69, 14.31], [894.7, 11.45], [894.71, 3.44], [894.72, 5.09]], "timestamp": "2025-12-14T10:11:35.235834+00:00"}, {"symbol": "BNBUSDT", "bids": [[894.29, 6.23], [894.28, 6.37], [894.27, 0.65], [894.26, 0.09], [894.25, 3.64], [894.24, 5.46], [894.23, 2.69], [894.22, 0.01], [894.21, 1.75], [894.2, 1.24], [894.19, 2.68], [894.18, 2.32], [894.17, 3.65], [894.16, 14.52], [894.15, 0.5], [894.14, 5.63], [894.13, 5.64], [894.12, 17.12], [894.11, 17.04], [894.1, 17.6]], "asks": [[894.3, 33.1], [894.31, 4.77], [894.32, 2.02], [894.33, 6.93], [894.34, 17.15], [894.35, 1.52], [894.36, 32.21], [894.37, 8.35], [894.38, 2.94], [894.39, 26.2], [894.4, 26.41], [894.41, 5.29], [894.42, 1.81], [894.43, 2.76], [894.44, 1.87], [894.45, 6.82], [894.46, 2.13], [894.47, 6.32], [894.48, 4.17], [894.49, 11.06]], "timestamp": "2025-12-14T10:12:28.420854+00:00"}, {"symbol": "BNBUSDT", "bids": [[893.84, 12.02], [893.82, 0.38], [893.81, 3.14], [893.8, 0.02], [893.79, 3.23], [893.78, 18.2], [893.77, 2.5], [893.76, 4.71], [893.75, 24.44], [893.74, 2.83], [893.73, 0.08], [893.72, 2.21], [893.71, 1.74], [893.7, 0.05], [893.69, 0.63], [893.68, 2.3], [893.67, 4.79], [893.66, 0.31], [893.65, 2.94], [893.64, 9.7]], "asks": [[893.85, 36.11], [893.86, 6.98], [893.87, 11.48], [893.88, 8.86], [893.89, 2.75], [893.9, 2.35], [893.91, 2.66], [893.92, 15.69], [893.93, 4.84], [893.94, 3.9], [893.95, 6.98], [893.96, 3.87], [893.97, 7.06], [893.98, 1.58], [893.99, 6.01], [894.0, 11.0], [894.01, 7.71], [894.02, 9.16], [894.03, 19.28], [894.04, 22.13]], "timestamp": "2025-12-14T10:13:21.638157+00:00"}, {"symbol": "BNBUSDT", "bids": [[892.24, 8.2], [892.23, 0.25], [892.22, 0.01], [892.21, 0.43], [892.2, 0.21], [892.19, 2.2], [892.18, 4.47], [892.17, 9.68], [892.16, 9.54], [892.15, 1.19], [892.14, 4.79], [892.13, 2.72], [892.12, 6.07], [892.11, 7.56], [892.1, 9.97], [892.09, 8.71], [892.08, 10.07], [892.07, 17.83], [892.06, 4.15], [892.05, 62.72]], "asks": [[892.25, 44.98], [892.26, 11.64], [892.27, 11.24], [892.28, 0.14], [892.29, 17.28], [892.3, 13.65], [892.31, 20.91], [892.32, 11.36], [892.33, 2.5], [892.34, 24.47], [892.35, 63.16], [892.36, 2.51], [892.37, 69.73], [892.38, 304.79], [892.39, 7.51], [892.4, 0.35], [892.41, 4.77], [892.42, 25.51], [892.43, 0.03], [892.44, 11.2]], "timestamp": "2025-12-14T10:14:15.178508+00:00"}, {"symbol": "BNBUSDT", "bids": [[893.12, 11.28], [893.11, 0.08], [893.1, 5.22], [893.07, 0.06], [893.06, 2.09], [893.05, 0.31], [893.04, 2.56], [893.03, 0.04], [893.02, 4.32], [893.01, 2.5], [893.0, 3.15], [892.99, 4.46], [892.98, 8.76], [892.97, 7.15], [892.96, 3.32], [892.95, 7.22], [892.94, 4.99], [892.93, 1.14], [892.92, 11.43], [892.91, 23.87]], "asks": [[893.13, 32.81], [893.14, 8.11], [893.15, 0.55], [893.16, 5.32], [893.17, 6.74], [893.18, 17.8], [893.19, 10.5], [893.2, 2.76], [893.21, 7.17], [893.22, 8.49], [893.23, 1.67], [893.24, 11.27], [893.25, 5.17], [893.26, 2.51], [893.28, 17.17], [893.29, 3.37], [893.3, 9.79], [893.31, 5.1], [893.32, 61.08], [893.33, 6.13]], "timestamp": "2025-12-14T10:15:08.014957+00:00"}, {"symbol": "BNBUSDT", "bids": [[892.0, 16.52], [891.99, 0.03], [891.98, 0.09], [891.97, 2.33], [891.96, 0.03], [891.95, 1.57], [891.94, 4.69], [891.93, 0.03], [891.92, 2.58], [891.91, 0.03], [891.9, 8.39], [891.89, 56.15], [891.88, 1.32], [891.87, 3.39], [891.85, 0.04], [891.84, 6.71], [891.83, 9.88], [891.82, 2.45], [891.81, 0.03], [891.8, 0.95]], "asks": [[892.01, 11.79], [892.02, 0.53], [892.04, 2.59], [892.06, 4.85], [892.07, 12.56], [892.08, 5.23], [892.09, 18.71], [892.11, 2.39], [892.12, 18.64], [892.13, 8.88], [892.14, 77.34], [892.15, 10.84], [892.16, 6.37], [892.17, 10.46], [892.18, 4.43], [892.19, 0.03], [892.2, 25.05], [892.21, 5.04], [892.22, 0.27], [892.23, 8.95]], "timestamp": "2025-12-14T10:16:01.488990+00:00"}, {"symbol": "BNBUSDT", "bids": [[891.4, 30.79], [891.39, 2.72], [891.38, 2.71], [891.37, 6.45], [891.36, 22.14], [891.35, 4.68], [891.34, 7.99], [891.33, 0.02], [891.32, 63.24], [891.31, 18.55], [891.3, 0.01], [891.29, 0.05], [891.28, 0.01], [891.27, 0.05], [891.26, 2.16], [891.25, 0.02], [891.24, 2.36], [891.23, 0.14], [891.22, 0.24], [891.21, 2.14]], "asks": [[891.41, 4.76], [891.42, 0.11], [891.44, 8.8], [891.45, 5.87], [891.46, 8.66], [891.47, 3.05], [891.48, 13.05], [891.49, 0.31], [891.5, 61.7], [891.51, 0.01], [891.52, 20.37], [891.53, 11.23], [891.54, 15.66], [891.55, 0.05], [891.56, 11.51], [891.57, 17.28], [891.59, 4.11], [891.6, 15.93], [891.61, 3.03], [891.62, 7.85]], "timestamp": "2025-12-14T10:16:55.231088+00:00"}, {"symbol": "BNBUSDT", "bids": [[891.33, 5.9], [891.32, 0.01], [891.31, 0.33], [891.3, 0.01], [891.29, 5.05], [891.28, 0.08], [891.27, 0.08], [891.26, 0.01], [891.25, 0.02], [891.24, 0.05], [891.23, 0.02], [891.22, 1.24], [891.21, 5.8], [891.2, 3.3], [891.19, 9.34], [891.18, 56.05], [891.17, 4.0], [891.16, 2.12], [891.15, 3.71], [891.14, 2.2]], "asks": [[891.34, 19.71], [891.35, 8.56], [891.36, 11.92], [891.37, 2.5], [891.38, 16.51], [891.39, 0.28], [891.4, 12.58], [891.41, 5.15], [891.42, 48.54], [891.43, 8.62], [891.44, 1.59], [891.45, 5.34], [891.46, 0.07], [891.47, 2.15], [891.48, 5.36], [891.49, 0.04], [891.5, 1.02], [891.51, 0.57], [891.52, 7.1], [891.53, 14.62]], "timestamp": "2025-12-14T10:17:48.226378+00:00"}, {"symbol": "BNBUSDT", "bids": [[891.99, 17.97], [891.98, 0.02], [891.97, 1.95], [891.96, 0.02], [891.95, 0.37], [891.93, 0.03], [891.92, 1.83], [891.91, 0.02], [891.9, 5.07], [891.87, 2.27], [891.86, 0.61], [891.85, 2.27], [891.84, 6.96], [891.83, 24.88], [891.82, 0.02], [891.81, 0.66], [891.8, 7.05], [891.79, 3.98], [891.78, 3.78], [891.77, 0.25]], "asks": [[892.0, 64.05], [892.01, 0.34], [892.02, 0.09], [892.03, 0.02], [892.04, 8.67], [892.05, 0.27], [892.06, 5.94], [892.07, 0.03], [892.08, 53.57], [892.09, 5.36], [892.1, 12.47], [892.11, 2.2], [892.12, 7.39], [892.13, 8.42], [892.14, 6.42], [892.15, 10.63], [892.16, 11.16], [892.17, 2.95], [892.18, 20.63], [892.19, 13.5]], "timestamp": "2025-12-14T10:18:41.216560+00:00"}, {"symbol": "BNBUSDT", "bids": [[892.44, 82.19], [892.43, 6.86], [892.42, 0.47], [892.41, 0.11], [892.4, 2.5], [892.39, 3.09], [892.38, 0.04], [892.36, 0.01], [892.35, 0.07], [892.34, 0.01], [892.32, 3.39], [892.31, 1.05], [892.3, 2.38], [892.29, 5.6], [892.28, 0.27], [892.26, 1.73], [892.25, 2.78], [892.24, 7.32], [892.23, 1.99], [892.22, 5.14]], "asks": [[892.45, 23.02], [892.46, 0.53], [892.47, 0.01], [892.48, 1.01], [892.49, 1.74], [892.5, 3.75], [892.51, 0.01], [892.52, 3.78], [892.53, 8.5], [892.54, 9.21], [892.55, 0.16], [892.56, 5.22], [892.57, 5.07], [892.58, 2.35], [892.59, 2.28], [892.6, 14.96], [892.61, 56.58], [892.62, 0.03], [892.63, 14.55], [892.64, 26.1]], "timestamp": "2025-12-14T10:19:34.481292+00:00"}, {"symbol": "BNBUSDT", "bids": [[892.52, 48.14], [892.51, 2.04], [892.48, 2.89], [892.47, 0.02], [892.45, 0.01], [892.44, 1.97], [892.42, 2.15], [892.41, 0.01], [892.4, 2.25], [892.39, 0.02], [892.38, 0.03], [892.37, 3.31], [892.36, 1.68], [892.35, 0.19], [892.34, 1.83], [892.33, 0.48], [892.32, 4.02], [892.31, 0.09], [892.3, 4.53], [892.29, 2.66]], "asks": [[892.53, 9.37], [892.54, 0.14], [892.55, 4.41], [892.56, 2.17], [892.57, 0.03], [892.58, 14.1], [892.59, 2.38], [892.6, 7.16], [892.61, 4.96], [892.62, 37.81], [892.63, 1.38], [892.64, 13.32], [892.65, 21.3], [892.66, 12.15], [892.67, 2.99], [892.68, 14.63], [892.69, 3.14], [892.7, 0.02], [892.71, 0.07], [892.72, 5.52]], "timestamp": "2025-12-14T10:20:27.246607+00:00"}, {"symbol": "BNBUSDT", "bids": [[893.06, 47.74], [893.05, 2.05], [893.04, 1.29], [893.03, 6.49], [893.02, 0.03], [893.01, 1.88], [893.0, 3.8], [892.99, 19.59], [892.98, 10.13], [892.97, 0.03], [892.96, 1.91], [892.95, 0.03], [892.94, 0.01], [892.93, 2.25], [892.92, 0.01], [892.91, 0.02], [892.9, 0.05], [892.89, 0.04], [892.88, 5.63], [892.87, 6.1]], "asks": [[893.07, 4.09], [893.08, 0.01], [893.09, 0.32], [893.1, 2.15], [893.11, 0.27], [893.12, 0.15], [893.13, 0.02], [893.14, 0.05], [893.15, 3.43], [893.16, 3.77], [893.17, 4.35], [893.18, 0.03], [893.19, 0.21], [893.2, 9.07], [893.21, 8.72], [893.22, 2.73], [893.23, 3.26], [893.24, 4.29], [893.25, 5.3], [893.26, 1.74]], "timestamp": "2025-12-14T10:21:20.757581+00:00"}, {"symbol": "BNBUSDT", "bids": [[893.14, 17.11], [893.13, 1.56], [893.12, 3.02], [893.11, 1.62], [893.1, 0.04], [893.09, 10.99], [893.08, 0.03], [893.07, 4.21], [893.06, 0.25], [893.05, 5.56], [893.04, 0.03], [893.03, 0.03], [893.02, 5.55], [893.01, 0.1], [893.0, 2.77], [892.99, 0.03], [892.98, 8.51], [892.97, 4.45], [892.96, 0.06], [892.95, 4.28]], "asks": [[893.15, 9.03], [893.16, 2.06], [893.17, 4.26], [893.18, 1.02], [893.19, 0.19], [893.2, 2.5], [893.21, 0.31], [893.22, 1.23], [893.23, 0.79], [893.24, 3.08], [893.25, 1.12], [893.26, 3.55], [893.27, 3.66], [893.28, 2.18], [893.29, 4.33], [893.3, 12.51], [893.31, 4.52], [893.32, 6.73], [893.33, 7.79], [893.34, 2.35]], "timestamp": "2025-12-14T10:22:14.238119+00:00"}, {"symbol": "BNBUSDT", "bids": [[893.19, 81.45], [893.18, 25.11], [893.17, 4.99], [893.16, 20.76], [893.15, 21.89], [893.14, 2.03], [893.13, 11.96], [893.12, 10.64], [893.11, 28.23], [893.1, 17.47], [893.09, 3.52], [893.08, 0.02], [893.07, 1.79], [893.06, 0.05], [893.05, 0.09], [893.04, 5.86], [893.03, 10.02], [893.02, 2.22], [893.01, 0.01], [893.0, 4.25]], "asks": [[893.2, 5.42], [893.21, 1.98], [893.22, 0.34], [893.23, 2.29], [893.24, 0.38], [893.25, 2.72], [893.26, 0.6], [893.27, 6.64], [893.28, 2.19], [893.29, 0.01], [893.3, 0.13], [893.31, 0.66], [893.32, 3.05], [893.33, 3.73], [893.34, 0.05], [893.35, 2.13], [893.36, 25.39], [893.37, 7.03], [893.38, 3.15], [893.39, 26.26]], "timestamp": "2025-12-14T10:23:07.766582+00:00"}, {"symbol": "BNBUSDT", "bids": [[893.21, 24.65], [893.2, 3.73], [893.19, 5.12], [893.18, 1.28], [893.17, 2.5], [893.16, 6.41], [893.15, 2.5], [893.13, 5.29], [893.12, 4.59], [893.11, 3.98], [893.1, 2.56], [893.09, 7.14], [893.08, 1.42], [893.07, 4.4], [893.06, 7.43], [893.05, 1.01], [893.04, 2.28], [893.02, 1.18], [893.01, 3.39], [893.0, 3.35]], "asks": [[893.22, 9.28], [893.23, 169.15], [893.24, 3.39], [893.25, 3.29], [893.26, 2.73], [893.27, 2.97], [893.28, 3.36], [893.29, 1.73], [893.31, 2.32], [893.32, 0.03], [893.33, 5.79], [893.34, 11.19], [893.35, 14.13], [893.36, 13.29], [893.37, 5.07], [893.38, 0.43], [893.39, 25.0], [893.4, 9.32], [893.41, 15.19], [893.42, 1.56]], "timestamp": "2025-12-14T10:24:00.503158+00:00"}, {"symbol": "BNBUSDT", "bids": [[893.92, 44.55], [893.91, 4.65], [893.9, 15.44], [893.89, 3.21], [893.88, 0.13], [893.87, 2.65], [893.85, 0.04], [893.84, 15.53], [893.83, 2.45], [893.82, 0.01], [893.81, 2.45], [893.8, 1.47], [893.79, 2.23], [893.78, 3.39], [893.76, 5.31], [893.75, 11.98], [893.74, 0.02], [893.73, 4.02], [893.72, 3.4], [893.71, 1.83]], "asks": [[893.93, 4.19], [893.94, 1.38], [893.95, 4.57], [893.96, 2.33], [893.97, 2.72], [893.98, 2.27], [893.99, 3.18], [894.0, 4.81], [894.01, 1.21], [894.02, 2.31], [894.03, 0.06], [894.04, 10.14], [894.05, 0.04], [894.06, 8.94], [894.07, 15.49], [894.08, 5.38], [894.09, 5.78], [894.1, 6.12], [894.11, 4.69], [894.12, 5.1]], "timestamp": "2025-12-14T10:24:53.574521+00:00"}, {"symbol": "BNBUSDT", "bids": [[894.08, 25.39], [894.07, 8.63], [894.06, 3.33], [894.05, 1.3], [894.04, 0.07], [894.03, 3.0], [894.02, 0.03], [894.01, 0.12], [894.0, 0.84], [893.99, 1.31], [893.98, 3.5], [893.97, 0.72], [893.96, 7.76], [893.95, 2.62], [893.94, 0.01], [893.93, 8.14], [893.92, 5.12], [893.91, 2.76], [893.9, 8.05], [893.89, 6.81]], "asks": [[894.09, 11.87], [894.1, 6.13], [894.11, 8.54], [894.12, 10.73], [894.13, 0.09], [894.14, 3.29], [894.15, 0.04], [894.16, 2.35], [894.17, 2.19], [894.18, 3.91], [894.19, 0.25], [894.2, 3.82], [894.21, 2.95], [894.22, 4.57], [894.23, 0.01], [894.24, 4.85], [894.25, 14.48], [894.26, 12.17], [894.27, 0.04], [894.28, 12.55]], "timestamp": "2025-12-14T10:25:47.410500+00:00"}, {"symbol": "BNBUSDT", "bids": [[893.75, 27.19], [893.74, 0.04], [893.73, 0.1], [893.72, 0.06], [893.71, 0.01], [893.7, 0.06], [893.69, 0.21], [893.68, 0.03], [893.67, 0.03], [893.66, 2.31], [893.65, 2.83], [893.64, 0.27], [893.63, 9.59], [893.62, 0.25], [893.61, 20.13], [893.6, 5.32], [893.59, 15.47], [893.58, 1.56], [893.57, 4.57], [893.56, 3.89]], "asks": [[893.76, 21.06], [893.77, 3.89], [893.78, 5.39], [893.79, 2.51], [893.8, 22.03], [893.81, 6.38], [893.82, 0.02], [893.83, 16.1], [893.84, 23.59], [893.85, 22.63], [893.86, 1.93], [893.87, 5.14], [893.88, 10.43], [893.89, 7.21], [893.9, 1.46], [893.91, 7.85], [893.92, 1.68], [893.93, 2.6], [893.94, 1.16], [893.95, 9.0]], "timestamp": "2025-12-14T10:26:40.454470+00:00"}, {"symbol": "BNBUSDT", "bids": [[893.72, 1.68], [893.71, 0.04], [893.7, 4.83], [893.69, 0.06], [893.68, 0.01], [893.67, 1.02], [893.66, 1.46], [893.65, 0.03], [893.64, 0.03], [893.63, 0.11], [893.62, 1.46], [893.61, 3.35], [893.6, 3.09], [893.59, 0.2], [893.58, 1.84], [893.57, 6.84], [893.56, 10.47], [893.55, 4.46], [893.54, 4.93], [893.53, 3.39]], "asks": [[893.73, 28.81], [893.74, 22.21], [893.75, 2.91], [893.76, 4.22], [893.77, 0.01], [893.78, 2.82], [893.79, 0.01], [893.8, 4.91], [893.81, 5.1], [893.82, 0.67], [893.83, 7.17], [893.84, 3.86], [893.85, 7.27], [893.86, 2.18], [893.87, 9.44], [893.88, 7.15], [893.89, 0.07], [893.9, 9.21], [893.91, 11.69], [893.92, 15.81]], "timestamp": "2025-12-14T10:27:33.706443+00:00"}, {"symbol": "BNBUSDT", "bids": [[893.59, 18.67], [893.58, 0.02], [893.57, 0.43], [893.56, 2.48], [893.55, 5.55], [893.54, 4.81], [893.53, 7.91], [893.52, 9.44], [893.51, 13.88], [893.5, 7.41], [893.49, 2.35], [893.48, 1.02], [893.47, 0.63], [893.46, 0.02], [893.45, 0.92], [893.44, 5.27], [893.43, 2.07], [893.42, 15.52], [893.41, 4.02], [893.4, 2.76]], "asks": [[893.6, 13.83], [893.61, 1.55], [893.62, 5.53], [893.63, 0.93], [893.64, 4.32], [893.65, 3.09], [893.66, 1.78], [893.67, 8.62], [893.68, 5.72], [893.69, 8.43], [893.7, 11.66], [893.71, 7.26], [893.72, 4.02], [893.73, 5.0], [893.74, 1.14], [893.75, 0.01], [893.76, 4.46], [893.77, 5.63], [893.78, 2.02], [893.79, 5.15]], "timestamp": "2025-12-14T10:28:27.087107+00:00"}, {"symbol": "BNBUSDT", "bids": [[893.37, 17.41], [893.36, 1.53], [893.34, 1.19], [893.33, 8.52], [893.32, 0.05], [893.31, 0.08], [893.3, 2.27], [893.29, 0.59], [893.28, 0.22], [893.27, 3.8], [893.26, 14.2], [893.25, 3.98], [893.24, 9.98], [893.23, 16.4], [893.22, 0.04], [893.21, 18.68], [893.2, 5.26], [893.19, 8.35], [893.18, 6.39], [893.17, 13.4]], "asks": [[893.38, 12.32], [893.39, 3.83], [893.4, 0.42], [893.41, 1.36], [893.42, 1.49], [893.43, 5.36], [893.44, 8.09], [893.45, 18.37], [893.46, 14.12], [893.47, 13.72], [893.48, 3.76], [893.49, 9.08], [893.5, 16.55], [893.51, 9.35], [893.52, 11.54], [893.53, 7.86], [893.54, 9.74], [893.55, 0.03], [893.56, 0.23], [893.57, 2.73]], "timestamp": "2025-12-14T10:29:20.610269+00:00"}, {"symbol": "BNBUSDT", "bids": [[893.22, 82.84], [893.21, 0.03], [893.2, 0.25], [893.19, 5.29], [893.18, 0.76], [893.17, 0.19], [893.16, 0.13], [893.15, 0.02], [893.14, 0.02], [893.13, 0.69], [893.12, 1.91], [893.11, 2.33], [893.1, 0.03], [893.09, 6.77], [893.08, 2.14], [893.07, 0.71], [893.06, 1.74], [893.05, 8.64], [893.04, 8.35], [893.03, 7.02]], "asks": [[893.23, 38.08], [893.24, 6.69], [893.25, 15.76], [893.26, 23.12], [893.27, 10.54], [893.28, 5.22], [893.29, 2.17], [893.3, 3.36], [893.31, 0.02], [893.32, 9.4], [893.33, 0.76], [893.34, 5.26], [893.35, 10.46], [893.36, 0.06], [893.37, 6.06], [893.38, 12.19], [893.39, 2.83], [893.4, 8.3], [893.41, 1.01], [893.42, 4.49]], "timestamp": "2025-12-14T10:30:14.268790+00:00"}, {"symbol": "BNBUSDT", "bids": [[892.7, 6.33], [892.69, 0.02], [892.68, 0.04], [892.67, 1.18], [892.66, 0.65], [892.65, 4.5], [892.64, 3.79], [892.63, 0.03], [892.62, 0.13], [892.61, 7.73], [892.6, 5.58], [892.59, 14.28], [892.58, 3.23], [892.57, 0.64], [892.56, 20.88], [892.55, 0.03], [892.54, 0.09], [892.53, 4.41], [892.52, 35.47], [892.51, 4.13]], "asks": [[892.71, 29.72], [892.72, 0.49], [892.73, 1.34], [892.74, 0.23], [892.75, 0.04], [892.76, 13.95], [892.77, 2.76], [892.78, 3.5], [892.79, 8.43], [892.8, 20.36], [892.81, 2.69], [892.82, 0.03], [892.83, 5.57], [892.84, 3.14], [892.85, 4.38], [892.86, 3.6], [892.87, 2.34], [892.88, 12.95], [892.89, 14.02], [892.9, 18.0]], "timestamp": "2025-12-14T10:31:07.545072+00:00"}, {"symbol": "BNBUSDT", "bids": [[892.36, 4.05], [892.35, 0.03], [892.34, 0.01], [892.33, 5.62], [892.32, 0.2], [892.31, 0.02], [892.3, 2.2], [892.29, 0.36], [892.28, 0.01], [892.27, 0.02], [892.26, 9.23], [892.25, 39.25], [892.24, 7.72], [892.23, 0.44], [892.22, 1.15], [892.21, 1.02], [892.2, 2.22], [892.19, 0.03], [892.18, 0.29], [892.17, 2.63]], "asks": [[892.37, 22.6], [892.38, 6.72], [892.39, 3.71], [892.4, 3.29], [892.41, 15.68], [892.42, 2.11], [892.43, 4.38], [892.44, 16.98], [892.45, 4.77], [892.46, 5.09], [892.47, 2.27], [892.48, 22.98], [892.49, 3.11], [892.5, 5.78], [892.51, 22.47], [892.52, 9.79], [892.53, 17.81], [892.54, 3.4], [892.55, 26.69], [892.56, 12.59]], "timestamp": "2025-12-14T10:32:00.501216+00:00"}, {"symbol": "BNBUSDT", "bids": [[892.78, 19.25], [892.77, 0.62], [892.74, 5.06], [892.73, 0.02], [892.72, 1.31], [892.71, 2.25], [892.7, 2.86], [892.69, 2.93], [892.68, 6.81], [892.67, 0.05], [892.66, 6.09], [892.65, 1.23], [892.64, 38.72], [892.63, 1.49], [892.62, 5.63], [892.61, 2.09], [892.6, 6.64], [892.59, 8.98], [892.58, 0.03], [892.57, 7.63]], "asks": [[892.79, 26.92], [892.8, 1.05], [892.81, 2.34], [892.82, 0.7], [892.83, 0.01], [892.84, 11.28], [892.85, 1.28], [892.86, 2.44], [892.87, 4.3], [892.88, 7.29], [892.89, 4.13], [892.9, 19.46], [892.91, 0.01], [892.92, 13.01], [892.93, 27.17], [892.94, 5.47], [892.95, 8.72], [892.96, 9.21], [892.97, 4.97], [892.98, 21.22]], "timestamp": "2025-12-14T10:32:53.737991+00:00"}, {"symbol": "BNBUSDT", "bids": [[892.79, 47.92], [892.78, 0.01], [892.77, 2.51], [892.76, 11.95], [892.75, 20.24], [892.74, 24.46], [892.73, 15.86], [892.72, 7.61], [892.71, 7.21], [892.7, 25.84], [892.69, 0.01], [892.68, 1.0], [892.67, 2.68], [892.66, 0.02], [892.65, 0.03], [892.64, 4.9], [892.63, 0.41], [892.62, 7.97], [892.61, 1.2], [892.6, 6.98]], "asks": [[892.8, 2.13], [892.81, 1.11], [892.82, 2.12], [892.83, 0.01], [892.84, 0.01], [892.85, 5.05], [892.86, 0.01], [892.88, 2.27], [892.89, 0.15], [892.9, 2.7], [892.91, 0.01], [892.92, 6.96], [892.93, 11.23], [892.94, 3.91], [892.95, 10.93], [892.96, 10.52], [892.97, 9.06], [892.98, 39.76], [892.99, 10.78], [893.0, 11.43]], "timestamp": "2025-12-14T10:33:47.365528+00:00"}, {"symbol": "BNBUSDT", "bids": [[893.0, 78.9], [892.99, 36.23], [892.98, 0.43], [892.97, 17.75], [892.96, 33.58], [892.95, 16.13], [892.94, 16.34], [892.93, 9.69], [892.92, 14.11], [892.91, 16.46], [892.9, 0.01], [892.89, 1.04], [892.88, 0.59], [892.87, 0.42], [892.86, 2.63], [892.85, 0.04], [892.84, 5.0], [892.83, 7.03], [892.82, 3.19], [892.81, 0.16]], "asks": [[893.01, 0.81], [893.02, 0.04], [893.03, 0.02], [893.04, 0.02], [893.05, 2.56], [893.06, 0.01], [893.07, 1.21], [893.08, 2.79], [893.09, 5.65], [893.1, 0.38], [893.11, 5.38], [893.12, 0.42], [893.13, 0.01], [893.15, 0.18], [893.16, 4.71], [893.17, 3.35], [893.18, 12.3], [893.19, 11.19], [893.2, 8.65], [893.21, 13.36]], "timestamp": "2025-12-14T10:34:40.416158+00:00"}, {"symbol": "BNBUSDT", "bids": [[893.34, 0.28], [893.33, 0.02], [893.32, 24.6], [893.31, 0.05], [893.28, 0.01], [893.27, 0.54], [893.26, 0.04], [893.25, 0.09], [893.24, 1.22], [893.23, 0.09], [893.22, 1.75], [893.21, 0.02], [893.2, 3.34], [893.19, 7.85], [893.18, 2.29], [893.17, 3.02], [893.16, 3.38], [893.15, 0.03], [893.13, 0.06], [893.12, 0.02]], "asks": [[893.35, 90.4], [893.36, 52.01], [893.37, 10.02], [893.38, 20.68], [893.39, 45.55], [893.4, 8.12], [893.41, 5.18], [893.42, 22.23], [893.43, 18.39], [893.44, 10.71], [893.45, 2.12], [893.46, 3.39], [893.48, 2.44], [893.49, 11.85], [893.5, 6.94], [893.51, 0.01], [893.52, 10.22], [893.53, 2.58], [893.54, 15.92], [893.55, 14.81]], "timestamp": "2025-12-14T10:35:33.580290+00:00"}, {"symbol": "BNBUSDT", "bids": [[892.96, 7.68], [892.95, 5.05], [892.94, 0.88], [892.93, 0.02], [892.92, 1.01], [892.91, 2.18], [892.9, 0.01], [892.89, 3.81], [892.88, 0.02], [892.87, 1.73], [892.86, 2.12], [892.85, 6.64], [892.84, 6.46], [892.83, 7.05], [892.82, 1.64], [892.81, 6.95], [892.8, 26.19], [892.79, 4.65], [892.78, 2.03], [892.77, 21.07]], "asks": [[892.97, 23.21], [892.98, 2.92], [892.99, 2.71], [893.0, 0.03], [893.02, 2.85], [893.03, 2.35], [893.04, 16.78], [893.05, 12.88], [893.06, 8.71], [893.07, 6.03], [893.08, 20.8], [893.09, 7.79], [893.1, 14.38], [893.11, 17.53], [893.12, 16.86], [893.13, 19.83], [893.14, 11.62], [893.15, 0.85], [893.16, 5.41], [893.17, 5.26]], "timestamp": "2025-12-14T10:36:27.030093+00:00"}, {"symbol": "BNBUSDT", "bids": [[892.5, 22.7], [892.49, 0.68], [892.47, 0.03], [892.45, 2.19], [892.44, 0.61], [892.43, 1.71], [892.42, 2.24], [892.41, 4.02], [892.4, 3.49], [892.39, 5.8], [892.38, 3.39], [892.37, 1.31], [892.36, 4.14], [892.35, 2.0], [892.34, 6.62], [892.33, 0.01], [892.32, 10.62], [892.31, 3.72], [892.3, 11.39], [892.29, 3.64]], "asks": [[892.51, 20.85], [892.52, 6.08], [892.53, 22.24], [892.54, 0.02], [892.55, 0.2], [892.56, 6.73], [892.57, 10.74], [892.58, 8.98], [892.59, 0.01], [892.6, 0.12], [892.61, 6.8], [892.62, 5.09], [892.63, 42.55], [892.64, 2.13], [892.65, 6.5], [892.66, 14.57], [892.67, 11.22], [892.68, 6.15], [892.69, 24.56], [892.7, 0.3]], "timestamp": "2025-12-14T10:37:19.954704+00:00"}, {"symbol": "BNBUSDT", "bids": [[892.58, 17.64], [892.57, 0.01], [892.56, 2.5], [892.55, 3.38], [892.54, 0.03], [892.53, 6.53], [892.52, 0.34], [892.51, 0.59], [892.5, 5.68], [892.49, 0.7], [892.47, 0.03], [892.46, 3.02], [892.45, 2.26], [892.44, 10.6], [892.43, 6.94], [892.42, 1.01], [892.41, 3.55], [892.4, 7.29], [892.39, 3.97], [892.38, 11.81]], "asks": [[892.59, 15.02], [892.6, 0.7], [892.61, 0.03], [892.62, 9.79], [892.63, 38.32], [892.64, 2.72], [892.65, 0.54], [892.66, 1.18], [892.67, 2.08], [892.68, 13.9], [892.69, 2.2], [892.7, 0.86], [892.71, 1.45], [892.72, 6.39], [892.73, 19.26], [892.74, 11.68], [892.75, 14.3], [892.76, 12.56], [892.77, 15.42], [892.78, 0.92]], "timestamp": "2025-12-14T10:38:13.109849+00:00"}, {"symbol": "BNBUSDT", "bids": [[892.5, 3.83], [892.49, 0.69], [892.48, 0.13], [892.47, 0.79], [892.46, 5.32], [892.45, 0.02], [892.44, 2.05], [892.43, 1.12], [892.42, 0.01], [892.41, 0.57], [892.4, 4.91], [892.39, 0.14], [892.38, 0.86], [892.37, 4.48], [892.36, 3.28], [892.35, 1.43], [892.34, 3.47], [892.33, 1.14], [892.32, 8.95], [892.31, 2.63]], "asks": [[892.51, 71.25], [892.52, 23.98], [892.53, 11.39], [892.54, 3.52], [892.56, 9.28], [892.57, 25.34], [892.58, 9.38], [892.59, 22.56], [892.6, 15.22], [892.61, 4.34], [892.62, 10.63], [892.63, 0.08], [892.64, 6.77], [892.65, 5.69], [892.66, 10.98], [892.67, 8.21], [892.68, 36.9], [892.69, 33.36], [892.7, 31.74], [892.71, 0.87]], "timestamp": "2025-12-14T10:39:07.062622+00:00"}, {"symbol": "BNBUSDT", "bids": [[892.33, 43.85], [892.32, 1.25], [892.31, 2.06], [892.3, 2.24], [892.29, 1.05], [892.28, 2.22], [892.26, 1.51], [892.25, 3.57], [892.24, 0.14], [892.23, 2.15], [892.22, 2.06], [892.21, 5.85], [892.2, 8.08], [892.19, 5.06], [892.18, 0.29], [892.17, 6.03], [892.16, 9.99], [892.15, 10.99], [892.14, 8.49], [892.13, 1.17]], "asks": [[892.34, 11.04], [892.35, 0.66], [892.38, 0.02], [892.4, 6.76], [892.41, 1.88], [892.42, 0.01], [892.43, 0.02], [892.44, 1.19], [892.45, 1.53], [892.46, 2.11], [892.47, 7.88], [892.48, 3.94], [892.49, 1.17], [892.5, 17.02], [892.51, 0.17], [892.52, 10.14], [892.53, 3.04], [892.54, 12.85], [892.55, 7.59], [892.56, 4.33]], "timestamp": "2025-12-14T10:40:00.108407+00:00"}, {"symbol": "BNBUSDT", "bids": [[892.45, 2.07], [892.44, 0.01], [892.43, 0.11], [892.42, 2.53], [892.41, 0.01], [892.4, 0.57], [892.39, 2.41], [892.38, 0.38], [892.37, 0.02], [892.36, 4.9], [892.35, 0.06], [892.34, 3.98], [892.33, 10.2], [892.32, 2.31], [892.31, 3.42], [892.3, 5.56], [892.29, 1.08], [892.28, 11.76], [892.27, 0.01], [892.26, 2.18]], "asks": [[892.46, 55.92], [892.47, 18.09], [892.48, 27.69], [892.49, 11.83], [892.5, 13.49], [892.51, 17.53], [892.52, 18.02], [892.53, 0.02], [892.54, 1.41], [892.55, 6.54], [892.56, 1.26], [892.57, 2.38], [892.58, 2.79], [892.59, 1.41], [892.6, 2.92], [892.61, 2.36], [892.62, 3.65], [892.63, 0.09], [892.64, 8.51], [892.65, 0.23]], "timestamp": "2025-12-14T10:40:53.150571+00:00"}, {"symbol": "BNBUSDT", "bids": [[892.62, 13.58], [892.61, 0.01], [892.6, 0.13], [892.59, 1.2], [892.58, 1.27], [892.56, 0.02], [892.55, 2.99], [892.54, 12.71], [892.53, 13.87], [892.52, 1.51], [892.51, 5.54], [892.5, 0.78], [892.49, 1.75], [892.48, 5.31], [892.47, 4.25], [892.46, 2.5], [892.45, 2.98], [892.44, 3.13], [892.43, 1.26], [892.41, 5.34]], "asks": [[892.63, 19.64], [892.64, 2.51], [892.65, 3.24], [892.66, 2.49], [892.67, 13.16], [892.68, 2.19], [892.7, 13.02], [892.71, 41.59], [892.72, 4.66], [892.73, 2.19], [892.74, 0.03], [892.76, 2.36], [892.77, 8.22], [892.78, 3.41], [892.79, 1.3], [892.8, 7.38], [892.81, 36.34], [892.82, 0.02], [892.83, 0.05], [892.84, 3.08]], "timestamp": "2025-12-14T10:41:46.396736+00:00"}, {"symbol": "BNBUSDT", "bids": [[892.91, 79.13], [892.9, 20.82], [892.89, 24.15], [892.88, 10.31], [892.87, 12.01], [892.86, 12.26], [892.85, 16.41], [892.84, 17.86], [892.83, 19.66], [892.82, 4.45], [892.81, 10.69], [892.8, 1.9], [892.79, 2.04], [892.78, 0.86], [892.77, 5.19], [892.76, 1.52], [892.75, 3.9], [892.74, 0.01], [892.73, 2.09], [892.72, 0.01]], "asks": [[892.92, 1.71], [892.93, 0.32], [892.94, 0.03], [892.95, 0.42], [892.98, 0.03], [892.99, 5.95], [893.0, 0.94], [893.01, 1.69], [893.02, 0.03], [893.03, 0.02], [893.04, 1.72], [893.05, 6.75], [893.06, 2.86], [893.07, 8.46], [893.08, 13.22], [893.09, 1.24], [893.1, 0.1], [893.11, 11.53], [893.12, 3.3], [893.13, 3.82]], "timestamp": "2025-12-14T10:42:39.372500+00:00"}, {"symbol": "BNBUSDT", "bids": [[893.06, 14.58], [893.05, 4.3], [893.04, 9.59], [893.03, 0.01], [893.02, 0.3], [893.01, 4.21], [893.0, 12.12], [892.99, 5.92], [892.98, 2.21], [892.97, 0.01], [892.96, 2.27], [892.95, 2.11], [892.94, 0.05], [892.93, 0.03], [892.92, 7.08], [892.91, 3.42], [892.9, 5.58], [892.89, 1.82], [892.88, 4.93], [892.87, 8.35]], "asks": [[893.07, 41.91], [893.08, 4.1], [893.09, 7.0], [893.1, 10.71], [893.11, 1.53], [893.12, 1.32], [893.13, 0.99], [893.14, 1.98], [893.15, 0.47], [893.16, 7.44], [893.17, 9.01], [893.18, 1.72], [893.19, 13.9], [893.2, 13.45], [893.21, 31.32], [893.22, 11.51], [893.23, 16.97], [893.24, 11.1], [893.25, 0.64], [893.26, 2.69]], "timestamp": "2025-12-14T10:43:32.824683+00:00"}, {"symbol": "BNBUSDT", "bids": [[893.02, 1.4], [893.01, 0.36], [893.0, 11.56], [892.99, 0.12], [892.98, 0.04], [892.97, 0.02], [892.96, 1.14], [892.95, 3.81], [892.94, 1.16], [892.92, 3.84], [892.91, 0.12], [892.9, 8.9], [892.89, 4.39], [892.88, 4.54], [892.87, 7.29], [892.86, 1.16], [892.85, 25.23], [892.84, 0.01], [892.83, 6.5], [892.82, 4.16]], "asks": [[893.03, 68.95], [893.04, 2.77], [893.05, 13.25], [893.06, 4.55], [893.07, 0.69], [893.08, 0.01], [893.09, 0.61], [893.1, 1.66], [893.11, 2.1], [893.12, 1.93], [893.13, 1.16], [893.14, 9.9], [893.15, 1.48], [893.16, 6.64], [893.17, 13.2], [893.18, 9.53], [893.19, 8.96], [893.2, 8.72], [893.21, 24.81], [893.22, 0.38]], "timestamp": "2025-12-14T10:44:26.875976+00:00"}, {"symbol": "BNBUSDT", "bids": [[893.36, 24.23], [893.35, 11.34], [893.34, 0.02], [893.33, 0.35], [893.32, 4.69], [893.31, 2.52], [893.3, 0.2], [893.29, 6.03], [893.28, 18.08], [893.27, 13.98], [893.26, 0.02], [893.25, 2.91], [893.24, 3.61], [893.23, 5.32], [893.22, 3.57], [893.21, 1.12], [893.2, 1.91], [893.19, 2.21], [893.18, 0.22], [893.17, 7.53]], "asks": [[893.37, 11.6], [893.38, 5.04], [893.39, 0.01], [893.4, 0.05], [893.42, 2.55], [893.43, 2.12], [893.44, 3.89], [893.45, 0.01], [893.46, 11.54], [893.47, 15.68], [893.48, 10.15], [893.49, 18.0], [893.5, 2.24], [893.51, 11.71], [893.52, 6.71], [893.53, 0.13], [893.54, 0.04], [893.55, 3.79], [893.56, 9.61], [893.57, 5.53]], "timestamp": "2025-12-14T10:45:20.322883+00:00"}, {"symbol": "BNBUSDT", "bids": [[893.6, 32.03], [893.59, 0.02], [893.57, 6.32], [893.56, 0.02], [893.55, 9.99], [893.54, 4.73], [893.53, 2.69], [893.52, 14.85], [893.51, 5.52], [893.5, 1.13], [893.49, 0.03], [893.48, 4.67], [893.47, 2.2], [893.46, 0.08], [893.45, 1.17], [893.44, 5.11], [893.43, 4.5], [893.42, 0.01], [893.41, 0.03], [893.4, 7.47]], "asks": [[893.61, 20.29], [893.62, 0.04], [893.63, 1.7], [893.64, 3.56], [893.65, 0.33], [893.66, 2.76], [893.67, 0.79], [893.68, 0.01], [893.69, 0.02], [893.7, 2.12], [893.71, 11.96], [893.72, 9.21], [893.73, 3.37], [893.74, 9.45], [893.75, 6.01], [893.76, 22.18], [893.77, 0.68], [893.78, 0.55], [893.79, 11.33], [893.8, 22.76]], "timestamp": "2025-12-14T10:46:13.366485+00:00"}, {"symbol": "BNBUSDT", "bids": [[893.42, 3.17], [893.41, 0.02], [893.4, 0.43], [893.39, 0.01], [893.38, 1.88], [893.37, 1.88], [893.36, 2.26], [893.35, 3.55], [893.34, 5.15], [893.33, 18.6], [893.32, 11.66], [893.31, 2.26], [893.3, 4.11], [893.29, 0.46], [893.28, 2.26], [893.27, 4.71], [893.26, 3.18], [893.25, 5.89], [893.24, 3.96], [893.23, 0.44]], "asks": [[893.43, 17.68], [893.44, 0.02], [893.45, 5.09], [893.46, 5.67], [893.47, 32.29], [893.48, 0.05], [893.49, 5.0], [893.5, 29.39], [893.51, 0.03], [893.52, 10.4], [893.53, 0.04], [893.54, 52.72], [893.55, 0.36], [893.56, 2.31], [893.57, 5.78], [893.58, 0.02], [893.59, 0.03], [893.6, 4.01], [893.61, 2.59], [893.62, 11.69]], "timestamp": "2025-12-14T10:47:06.710531+00:00"}, {"symbol": "BNBUSDT", "bids": [[893.63, 16.09], [893.62, 3.32], [893.61, 13.34], [893.6, 0.05], [893.58, 5.94], [893.57, 2.25], [893.56, 20.4], [893.55, 9.14], [893.54, 22.24], [893.53, 31.37], [893.52, 11.65], [893.51, 7.85], [893.5, 9.13], [893.49, 0.31], [893.48, 4.74], [893.47, 0.09], [893.46, 3.32], [893.45, 4.22], [893.44, 5.24], [893.43, 2.4]], "asks": [[893.64, 7.03], [893.65, 0.59], [893.66, 0.33], [893.67, 0.01], [893.68, 6.01], [893.69, 7.72], [893.7, 12.76], [893.71, 5.84], [893.72, 3.47], [893.73, 2.04], [893.74, 1.78], [893.75, 5.53], [893.76, 11.44], [893.77, 10.48], [893.78, 0.63], [893.79, 3.71], [893.8, 2.58], [893.81, 0.03], [893.82, 2.33], [893.83, 2.53]], "timestamp": "2025-12-14T10:48:00.282501+00:00"}, {"symbol": "BNBUSDT", "bids": [[894.11, 0.13], [894.1, 0.02], [894.09, 0.02], [894.08, 0.05], [894.06, 0.04], [894.04, 2.69], [894.03, 5.64], [894.02, 0.02], [894.01, 2.37], [894.0, 9.49], [893.99, 3.46], [893.98, 4.05], [893.97, 7.11], [893.96, 2.98], [893.95, 2.15], [893.94, 4.96], [893.93, 6.35], [893.92, 9.54], [893.91, 10.61], [893.9, 11.64]], "asks": [[894.12, 52.35], [894.13, 25.76], [894.14, 8.78], [894.15, 11.87], [894.16, 6.26], [894.17, 10.23], [894.18, 8.07], [894.19, 12.06], [894.2, 15.23], [894.21, 16.56], [894.22, 0.01], [894.23, 1.0], [894.24, 4.8], [894.25, 29.48], [894.26, 0.03], [894.27, 0.04], [894.28, 6.8], [894.29, 11.58], [894.3, 2.33], [894.31, 3.71]], "timestamp": "2025-12-14T10:48:53.620715+00:00"}, {"symbol": "BNBUSDT", "bids": [[893.73, 1.54], [893.72, 0.46], [893.71, 0.11], [893.7, 0.02], [893.68, 1.39], [893.67, 3.23], [893.66, 2.39], [893.65, 2.76], [893.64, 9.66], [893.63, 5.11], [893.62, 4.96], [893.61, 6.37], [893.6, 9.83], [893.59, 0.04], [893.58, 4.47], [893.57, 16.0], [893.56, 6.36], [893.55, 0.1], [893.54, 3.46], [893.53, 8.48]], "asks": [[893.74, 19.57], [893.75, 0.01], [893.76, 0.73], [893.77, 1.8], [893.78, 5.21], [893.79, 2.14], [893.8, 4.31], [893.81, 8.72], [893.82, 0.04], [893.83, 3.88], [893.84, 2.2], [893.85, 9.22], [893.86, 3.99], [893.87, 2.73], [893.88, 5.72], [893.89, 3.46], [893.9, 3.63], [893.91, 11.54], [893.92, 3.72], [893.93, 5.84]], "timestamp": "2025-12-14T10:49:46.763835+00:00"}