[{"id": "786688424", "price": 876.68, "amount": 5.72, "side": "sell", "timestamp": 1765755710994}, {"id": "786688425", "price": 876.67, "amount": 0.03, "side": "sell", "timestamp": 1765755710996}, {"id": "786688426", "price": 876.66, "amount": 0.48, "side": "sell", "timestamp": 1765755710999}, {"id": "786688427", "price": 876.65, "amount": 0.02, "side": "sell", "timestamp": 1765755710999}, {"id": "786688428", "price": 876.64, "amount": 0.61, "side": "sell", "timestamp": 1765755710999}, {"id": "786688429", "price": 876.63, "amount": 0.05, "side": "sell", "timestamp": 1765755711061}, {"id": "786688430", "price": 876.63, "amount": 0.02, "side": "buy", "timestamp": 1765755711067}, {"id": "786688431", "price": 876.62, "amount": 0.01, "side": "sell", "timestamp": 1765755711172}, {"id": "786688432", "price": 876.62, "amount": 0.01, "side": "sell", "timestamp": 1765755711439}, {"id": "786688433", "price": 876.62, "amount": 0.8, "side": "sell", "timestamp": 1765755711680}, {"id": "786688434", "price": 876.61, "amount": 0.02, "side": "sell", "timestamp": 1765755711680}, {"id": "786688435", "price": 876.6, "amount": 0.02, "side": "sell", "timestamp": 1765755711680}, {"id": "786688436", "price": 876.59, "amount": 0.1, "side": "sell", "timestamp": 1765755711680}, {"id": "786688437", "price": 876.62, "amount": 0.12, "side": "sell", "timestamp": 1765755712153}, {"id": "786688438", "price": 876.62, "amount": 0.01, "side": "sell", "timestamp": 1765755713005}, {"id": "786688439", "price": 876.62, "amount": 0.6, "side": "sell", "timestamp": 1765755713715}, {"id": "786688440", "price": 876.61, "amount": 0.02, "side": "sell", "timestamp": 1765755713716}, {"id": "786688441", "price": 876.6, "amount": 0.03, "side": "sell", "timestamp": 1765755713717}, {"id": "786688442", "price": 876.61, "amount": 2.26, "side": "buy", "timestamp": 1765755714009}, {"id": "786688443", "price": 876.6, "amount": 0.01, "side": "sell", "timestamp": 1765755714033}, {"id": "786688444", "price": 876.6, "amount": 0.36, "side": "sell", "timestamp": 1765755714524}, {"id": "786688445", "price": 876.6, "amount": 0.38, "side": "sell", "timestamp": 1765755714742}, {"id": "786688446", "price": 876.61, "amount": 0.67, "side": "buy", "timestamp": 1765755714912}, {"id": "786688447", "price": 876.61, "amount": 0.12, "side": "sell", "timestamp": 1765755715054}, {"id": "786688448", "price": 876.61, "amount": 0.02, "side": "sell", "timestamp": 1765755715249}, {"id": "786688449", "price": 876.61, "amount": 0.38, "side": "sell", "timestamp": 1765755715447}, {"id": "786688450", "price": 876.61, "amount": 0.01, "side": "sell", "timestamp": 1765755716107}, {"id": "786688451", "price": 876.61, "amount": 0.02, "side": "sell", "timestamp": 1765755717130}, {"id": "786688452", "price": 876.61, "amount": 0.07, "side": "sell", "timestamp": 1765755717241}, {"id": "786688453", "price": 876.61, "amount": 0.04, "side": "sell", "timestamp": 1765755717931}, {"id": "786688454", "price": 876.62, "amount": 0.02, "side": "buy", "timestamp": 1765755718096}, {"id": "786688455", "price": 876.61, "amount": 0.12, "side": "sell", "timestamp": 1765755718112}, {"id": "786688456", "price": 876.61, "amount": 2.41, "side": "sell", "timestamp": 1765755718246}, {"id": "786688457", "price": 876.6, "amount": 0.04, "side": "sell", "timestamp": 1765755718246}, {"id": "786688458", "price": 876.57, "amount": 0.07, "side": "sell", "timestamp": 1765755718261}, {"id": "786688459", "price": 876.55, "amount": 0.02, "side": "sell", "timestamp": 1765755718271}, {"id": "786688460", "price": 876.55, "amount": 0.6, "side": "buy", "timestamp": 1765755718530}, {"id": "786688461", "price": 876.54, "amount": 0.01, "side": "sell", "timestamp": 1765755719031}, {"id": "786688462", "price": 876.55, "amount": 0.01, "side": "buy", "timestamp": 1765755719684}, {"id": "786688463", "price": 876.55, "amount": 0.69, "side": "buy", "timestamp": 1765755720010}, {"id": "786688464", "price": 876.54, "amount": 0.01, "side": "sell", "timestamp": 1765755720118}, {"id": "786688465", "price": 876.55, "amount": 3.0, "side": "buy", "timestamp": 1765755720413}, {"id": "786688466", "price": 876.54, "amount": 0.02, "side": "sell", "timestamp": 1765755720564}, {"id": "786688467", "price": 876.55, "amount": 0.03, "side": "buy", "timestamp": 1765755720626}, {"id": "786688468", "price": 876.55, "amount": 4.42, "side": "buy", "timestamp": 1765755720876}, {"id": "786688469", "price": 876.56, "amount": 0.18, "side": "buy", "timestamp": 1765755720937}, {"id": "786688470", "price": 876.58, "amount": 0.5, "side": "buy", "timestamp": 1765755720937}, {"id": "786688471", "price": 876.59, "amount": 0.01, "side": "buy", "timestamp": 1765755720937}, {"id": "786688472", "price": 876.6, "amount": 0.02, "side": "buy", "timestamp": 1765755720937}, {"id": "786688473", "price": 876.61, "amount": 0.01, "side": "sell", "timestamp": 1765755721017}, {"id": "786688685", "price": 876.2, "amount": 0.16, "side": "buy", "timestamp": 1765755754891}, {"id": "786688686", "price": 876.21, "amount": 0.03, "side": "buy", "timestamp": 1765755754901}, {"id": "786688687", "price": 876.22, "amount": 0.01, "side": "sell", "timestamp": 1765755755193}, {"id": "786688688", "price": 876.22, "amount": 0.34, "side": "sell", "timestamp": 1765755755765}, {"id": "786688689", "price": 876.22, "amount": 0.01, "side": "sell", "timestamp": 1765755756008}, {"id": "786688690", "price": 876.23, "amount": 0.04, "side": "buy", "timestamp": 1765755756089}, {"id": "786688691", "price": 876.22, "amount": 0.12, "side": "sell", "timestamp": 1765755757016}, {"id": "786688692", "price": 876.22, "amount": 0.01, "side": "sell", "timestamp": 1765755758140}, {"id": "786688693", "price": 876.23, "amount": 0.91, "side": "buy", "timestamp": 1765755759048}, {"id": "786688694", "price": 876.22, "amount": 0.01, "side": "sell", "timestamp": 1765755759056}, {"id": "786688695", "price": 876.23, "amount": 0.41, "side": "buy", "timestamp": 1765755759990}, {"id": "786688696", "price": 876.22, "amount": 0.12, "side": "sell", "timestamp": 1765755760055}, {"id": "786688697", "price": 876.22, "amount": 0.01, "side": "sell", "timestamp": 1765755761170}, {"id": "786688698", "price": 876.23, "amount": 1.72, "side": "buy", "timestamp": 1765755761274}, {"id": "786688699", "price": 876.24, "amount": 0.02, "side": "buy", "timestamp": 1765755761281}, {"id": "786688700", "price": 876.26, "amount": 0.01, "side": "buy", "timestamp": 1765755761281}, {"id": "786688701", "price": 876.27, "amount": 1.14, "side": "buy", "timestamp": 1765755761292}, {"id": "786688702", "price": 876.28, "amount": 0.05, "side": "buy", "timestamp": 1765755761311}, {"id": "786688703", "price": 876.29, "amount": 0.01, "side": "sell", "timestamp": 1765755762020}, {"id": "786688704", "price": 876.29, "amount": 0.05, "side": "sell", "timestamp": 1765755762802}, {"id": "786688705", "price": 876.29, "amount": 0.12, "side": "sell", "timestamp": 1765755763082}, {"id": "786688706", "price": 876.3, "amount": 2.62, "side": "buy", "timestamp": 1765755763739}, {"id": "786688707", "price": 876.31, "amount": 0.01, "side": "buy", "timestamp": 1765755763741}, {"id": "786688708", "price": 876.32, "amount": 0.09, "side": "buy", "timestamp": 1765755763766}, {"id": "786688709", "price": 876.33, "amount": 0.01, "side": "buy", "timestamp": 1765755763767}, {"id": "786688710", "price": 876.34, "amount": 1.22, "side": "buy", "timestamp": 1765755764117}, {"id": "786688711", "price": 876.36, "amount": 0.02, "side": "buy", "timestamp": 1765755764122}, {"id": "786688712", "price": 876.37, "amount": 0.02, "side": "buy", "timestamp": 1765755764122}, {"id": "786688713", "price": 876.38, "amount": 0.01, "side": "sell", "timestamp": 1765755764149}, {"id": "786688714", "price": 876.38, "amount": 0.01, "side": "sell", "timestamp": 1765755765097}, {"id": "786688715", "price": 876.39, "amount": 0.09, "side": "buy", "timestamp": 1765755765566}, {"id": "786688716", "price": 876.4, "amount": 0.03, "side": "buy", "timestamp": 1765755765659}, {"id": "786688717", "price": 876.42, "amount": 0.02, "side": "buy", "timestamp": 1765755765662}, {"id": "786688718", "price": 876.42, "amount": 0.15, "side": "sell", "timestamp": 1765755766109}, {"id": "786688719", "price": 876.42, "amount": 0.02, "side": "sell", "timestamp": 1765755766307}, {"id": "786688720", "price": 876.42, "amount": 0.38, "side": "sell", "timestamp": 1765755766772}, {"id": "786688721", "price": 876.42, "amount": 0.01, "side": "sell", "timestamp": 1765755767158}, {"id": "786688722", "price": 876.42, "amount": 0.01, "side": "sell", "timestamp": 1765755768007}, {"id": "786688723", "price": 876.42, "amount": 0.05, "side": "sell", "timestamp": 1765755768733}, {"id": "786688724", "price": 876.42, "amount": 0.12, "side": "sell", "timestamp": 1765755769017}, {"id": "786688725", "price": 876.42, "amount": 0.03, "side": "sell", "timestamp": 1765755770102}, {"id": "786688726", "price": 876.42, "amount": 0.02, "side": "sell", "timestamp": 1765755770241}, {"id": "786688727", "price": 876.42, "amount": 0.01, "side": "sell", "timestamp": 1765755771137}, {"id": "786688728", "price": 876.42, "amount": 0.11, "side": "sell", "timestamp": 1765755772042}, {"id": "786688729", "price": 876.42, "amount": 0.01, "side": "sell", "timestamp": 1765755772147}, {"id": "786688730", "price": 876.42, "amount": 7.52, "side": "sell", "timestamp": 1765755772391}, {"id": "786688731", "price": 876.42, "amount": 0.01, "side": "sell", "timestamp": 1765755773166}, {"id": "786688732", "price": 876.42, "amount": 0.01, "side": "sell", "timestamp": 1765755774184}, {"id": "786688733", "price": 876.42, "amount": 0.11, "side": "sell", "timestamp": 1765755775091}, {"id": "786688734", "price": 876.42, "amount": 0.01, "side": "sell", "timestamp": 1765755775201}, {"id": "786688957", "price": 877.25, "amount": 0.01, "side": "sell", "timestamp": 1765755815115}, {"id": "786688958", "price": 877.25, "amount": 0.01, "side": "sell", "timestamp": 1765755816018}, {"id": "786688959", "price": 877.26, "amount": 0.32, "side": "buy", "timestamp": 1765755816871}, {"id": "786688960", "price": 877.26, "amount": 1.34, "side": "buy", "timestamp": 1765755817047}, {"id": "786688961", "price": 877.27, "amount": 0.37, "side": "buy", "timestamp": 1765755817047}, {"id": "786688962", "price": 877.28, "amount": 0.94, "side": "buy", "timestamp": 1765755817052}, {"id": "786688963", "price": 877.32, "amount": 0.03, "side": "buy", "timestamp": 1765755817061}, {"id": "786688964", "price": 877.34, "amount": 0.02, "side": "buy", "timestamp": 1765755817074}, {"id": "786688965", "price": 877.35, "amount": 0.01, "side": "buy", "timestamp": 1765755817074}, {"id": "786688966", "price": 877.35, "amount": 0.18, "side": "sell", "timestamp": 1765755817159}, {"id": "786688967", "price": 877.36, "amount": 0.16, "side": "buy", "timestamp": 1765755817646}, {"id": "786688968", "price": 877.37, "amount": 0.52, "side": "sell", "timestamp": 1765755817847}, {"id": "786688969", "price": 877.37, "amount": 0.01, "side": "sell", "timestamp": 1765755818184}, {"id": "786688970", "price": 877.37, "amount": 0.01, "side": "sell", "timestamp": 1765755818360}, {"id": "786688971", "price": 877.37, "amount": 0.21, "side": "sell", "timestamp": 1765755818739}, {"id": "786688972", "price": 877.37, "amount": 0.03, "side": "sell", "timestamp": 1765755819011}, {"id": "786688973", "price": 877.38, "amount": 0.48, "side": "buy", "timestamp": 1765755819681}, {"id": "786688974", "price": 877.37, "amount": 0.05, "side": "sell", "timestamp": 1765755819873}, {"id": "786688975", "price": 877.37, "amount": 0.12, "side": "sell", "timestamp": 1765755820027}, {"id": "786688976", "price": 877.38, "amount": 0.52, "side": "buy", "timestamp": 1765755820425}, {"id": "786688977", "price": 877.37, "amount": 0.01, "side": "sell", "timestamp": 1765755821043}, {"id": "786688978", "price": 877.38, "amount": 0.04, "side": "buy", "timestamp": 1765755821075}, {"id": "786688979", "price": 877.38, "amount": 0.05, "side": "buy", "timestamp": 1765755821696}, {"id": "786688980", "price": 877.37, "amount": 0.01, "side": "sell", "timestamp": 1765755822159}, {"id": "786688981", "price": 877.37, "amount": 0.03, "side": "sell", "timestamp": 1765755822260}, {"id": "786688982", "price": 877.37, "amount": 0.12, "side": "sell", "timestamp": 1765755823105}, {"id": "786688983", "price": 877.37, "amount": 0.1, "side": "sell", "timestamp": 1765755823610}, {"id": "786688984", "price": 877.37, "amount": 0.01, "side": "sell", "timestamp": 1765755823862}, {"id": "786688985", "price": 877.37, "amount": 0.01, "side": "sell", "timestamp": 1765755824018}, {"id": "786688986", "price": 877.37, "amount": 0.15, "side": "sell", "timestamp": 1765755824585}, {"id": "786688987", "price": 877.37, "amount": 0.01, "side": "sell", "timestamp": 1765755825049}, {"id": "786688988", "price": 877.37, "amount": 0.13, "side": "sell", "timestamp": 1765755826106}, {"id": "786688989", "price": 877.37, "amount": 0.47, "side": "sell", "timestamp": 1765755826347}, {"id": "786688990", "price": 877.37, "amount": 3.74, "side": "sell", "timestamp": 1765755826926}, {"id": "786688991", "price": 877.36, "amount": 0.04, "side": "sell", "timestamp": 1765755826926}, {"id": "786688992", "price": 877.35, "amount": 2.23, "side": "sell", "timestamp": 1765755826926}, {"id": "786688993", "price": 877.32, "amount": 0.14, "side": "sell", "timestamp": 1765755826931}, {"id": "786688994", "price": 877.31, "amount": 0.02, "side": "sell", "timestamp": 1765755826932}, {"id": "786688995", "price": 877.3, "amount": 0.02, "side": "sell", "timestamp": 1765755826932}, {"id": "786688996", "price": 877.29, "amount": 3.96, "side": "sell", "timestamp": 1765755826932}, {"id": "786688997", "price": 877.28, "amount": 0.04, "side": "sell", "timestamp": 1765755826987}, {"id": "786688998", "price": 877.28, "amount": 0.01, "side": "sell", "timestamp": 1765755827148}, {"id": "786688999", "price": 877.29, "amount": 0.02, "side": "buy", "timestamp": 1765755827475}, {"id": "786689000", "price": 877.28, "amount": 0.06, "side": "sell", "timestamp": 1765755828055}, {"id": "786689001", "price": 877.26, "amount": 0.01, "side": "sell", "timestamp": 1765755828211}, {"id": "786689002", "price": 877.26, "amount": 0.01, "side": "sell", "timestamp": 1765755828781}, {"id": "786689003", "price": 877.26, "amount": 0.12, "side": "sell", "timestamp": 1765755829089}, {"id": "786689004", "price": 877.26, "amount": 0.11, "side": "sell", "timestamp": 1765755829758}, {"id": "786689005", "price": 877.26, "amount": 0.08, "side": "sell", "timestamp": 1765755830050}, {"id": "786689006", "price": 877.26, "amount": 0.01, "side": "sell", "timestamp": 1765755830185}, {"id": "786689206", "price": 876.6, "amount": 0.09, "side": "sell", "timestamp": 1765755874949}, {"id": "786689207", "price": 876.59, "amount": 0.02, "side": "sell", "timestamp": 1765755874986}, {"id": "786689208", "price": 876.59, "amount": 0.01, "side": "sell", "timestamp": 1765755875093}, {"id": "786689209", "price": 876.6, "amount": 0.73, "side": "buy", "timestamp": 1765755875710}, {"id": "786689210", "price": 876.59, "amount": 0.83, "side": "sell", "timestamp": 1765755875819}, {"id": "786689211", "price": 876.58, "amount": 0.27, "side": "sell", "timestamp": 1765755875835}, {"id": "786689212", "price": 876.58, "amount": 0.01, "side": "sell", "timestamp": 1765755876116}, {"id": "786689213", "price": 876.58, "amount": 0.38, "side": "sell", "timestamp": 1765755876898}, {"id": "786689214", "price": 876.57, "amount": 0.03, "side": "sell", "timestamp": 1765755876902}, {"id": "786689215", "price": 876.56, "amount": 0.08, "side": "sell", "timestamp": 1765755876902}, {"id": "786689216", "price": 876.54, "amount": 0.02, "side": "sell", "timestamp": 1765755876903}, {"id": "786689217", "price": 876.53, "amount": 0.02, "side": "sell", "timestamp": 1765755876903}, {"id": "786689218", "price": 876.52, "amount": 3.68, "side": "sell", "timestamp": 1765755876903}, {"id": "786689219", "price": 876.51, "amount": 0.57, "side": "sell", "timestamp": 1765755876907}, {"id": "786689220", "price": 876.5, "amount": 0.09, "side": "sell", "timestamp": 1765755876909}, {"id": "786689221", "price": 876.49, "amount": 4.24, "side": "sell", "timestamp": 1765755876909}, {"id": "786689222", "price": 876.48, "amount": 0.05, "side": "sell", "timestamp": 1765755876932}, {"id": "786689223", "price": 876.46, "amount": 2.09, "side": "sell", "timestamp": 1765755876932}, {"id": "786689224", "price": 876.45, "amount": 0.01, "side": "sell", "timestamp": 1765755876943}, {"id": "786689225", "price": 876.44, "amount": 2.53, "side": "sell", "timestamp": 1765755876951}, {"id": "786689226", "price": 876.43, "amount": 0.06, "side": "sell", "timestamp": 1765755876951}, {"id": "786689227", "price": 876.42, "amount": 1.41, "side": "sell", "timestamp": 1765755876951}, {"id": "786689228", "price": 876.4, "amount": 0.02, "side": "sell", "timestamp": 1765755877029}, {"id": "786689229", "price": 876.39, "amount": 0.01, "side": "sell", "timestamp": 1765755877089}, {"id": "786689230", "price": 876.39, "amount": 0.11, "side": "sell", "timestamp": 1765755877197}, {"id": "786689231", "price": 876.4, "amount": 0.04, "side": "buy", "timestamp": 1765755877416}, {"id": "786689232", "price": 876.39, "amount": 0.01, "side": "sell", "timestamp": 1765755878050}, {"id": "786689233", "price": 876.39, "amount": 1.14, "side": "sell", "timestamp": 1765755878836}, {"id": "786689234", "price": 876.39, "amount": 0.01, "side": "sell", "timestamp": 1765755879094}, {"id": "786689235", "price": 876.39, "amount": 0.04, "side": "sell", "timestamp": 1765755879852}, {"id": "786689236", "price": 876.39, "amount": 0.17, "side": "sell", "timestamp": 1765755879959}, {"id": "786689237", "price": 876.39, "amount": 0.01, "side": "sell", "timestamp": 1765755880104}, {"id": "786689238", "price": 876.39, "amount": 0.01, "side": "sell", "timestamp": 1765755881155}, {"id": "786689239", "price": 876.39, "amount": 2.26, "side": "sell", "timestamp": 1765755882187}, {"id": "786689240", "price": 876.36, "amount": 0.01, "side": "sell", "timestamp": 1765755882265}, {"id": "786689241", "price": 876.35, "amount": 0.66, "side": "sell", "timestamp": 1765755882270}, {"id": "786689242", "price": 876.33, "amount": 0.03, "side": "sell", "timestamp": 1765755882273}, {"id": "786689243", "price": 876.32, "amount": 0.09, "side": "sell", "timestamp": 1765755882431}, {"id": "786689244", "price": 876.31, "amount": 0.02, "side": "sell", "timestamp": 1765755882433}, {"id": "786689245", "price": 876.3, "amount": 0.02, "side": "sell", "timestamp": 1765755882675}, {"id": "786689246", "price": 876.3, "amount": 0.11, "side": "sell", "timestamp": 1765755883041}, {"id": "786689247", "price": 876.3, "amount": 0.01, "side": "sell", "timestamp": 1765755883228}, {"id": "786689248", "price": 876.3, "amount": 0.2, "side": "sell", "timestamp": 1765755883488}, {"id": "786689249", "price": 876.31, "amount": 0.06, "side": "buy", "timestamp": 1765755883587}, {"id": "786689250", "price": 876.3, "amount": 0.01, "side": "sell", "timestamp": 1765755884086}, {"id": "786689251", "price": 876.3, "amount": 0.03, "side": "sell", "timestamp": 1765755884552}, {"id": "786689252", "price": 876.29, "amount": 0.01, "side": "sell", "timestamp": 1765755884552}, {"id": "786689253", "price": 876.28, "amount": 0.02, "side": "sell", "timestamp": 1765755884552}, {"id": "786689254", "price": 876.27, "amount": 0.04, "side": "sell", "timestamp": 1765755884866}, {"id": "786689255", "price": 876.27, "amount": 0.05, "side": "sell", "timestamp": 1765755884984}, {"id": "786689549", "price": 876.59, "amount": 0.09, "side": "buy", "timestamp": 1765755928113}, {"id": "786689550", "price": 876.6, "amount": 0.03, "side": "buy", "timestamp": 1765755928113}, {"id": "786689551", "price": 876.61, "amount": 0.15, "side": "buy", "timestamp": 1765755928113}, {"id": "786689552", "price": 876.62, "amount": 0.03, "side": "buy", "timestamp": 1765755928113}, {"id": "786689553", "price": 876.63, "amount": 0.39, "side": "buy", "timestamp": 1765755928113}, {"id": "786689554", "price": 876.64, "amount": 0.19, "side": "buy", "timestamp": 1765755928114}, {"id": "786689555", "price": 876.65, "amount": 0.03, "side": "buy", "timestamp": 1765755928123}, {"id": "786689556", "price": 876.66, "amount": 0.14, "side": "buy", "timestamp": 1765755928123}, {"id": "786689557", "price": 876.68, "amount": 0.03, "side": "buy", "timestamp": 1765755928123}, {"id": "786689558", "price": 876.69, "amount": 0.03, "side": "buy", "timestamp": 1765755928123}, {"id": "786689559", "price": 876.7, "amount": 0.04, "side": "buy", "timestamp": 1765755928123}, {"id": "786689560", "price": 876.72, "amount": 0.01, "side": "buy", "timestamp": 1765755928123}, {"id": "786689561", "price": 876.73, "amount": 0.02, "side": "buy", "timestamp": 1765755928123}, {"id": "786689562", "price": 876.74, "amount": 0.27, "side": "buy", "timestamp": 1765755928123}, {"id": "786689563", "price": 876.75, "amount": 2.99, "side": "buy", "timestamp": 1765755928123}, {"id": "786689564", "price": 876.76, "amount": 0.19, "side": "buy", "timestamp": 1765755928124}, {"id": "786689565", "price": 876.77, "amount": 0.25, "side": "buy", "timestamp": 1765755928124}, {"id": "786689566", "price": 876.74, "amount": 0.02, "side": "buy", "timestamp": 1765755928179}, {"id": "786689567", "price": 876.76, "amount": 0.01, "side": "sell", "timestamp": 1765755928297}, {"id": "786689568", "price": 876.76, "amount": 0.12, "side": "sell", "timestamp": 1765755929078}, {"id": "786689569", "price": 876.77, "amount": 8.16, "side": "buy", "timestamp": 1765755929598}, {"id": "786689570", "price": 876.77, "amount": 0.53, "side": "buy", "timestamp": 1765755930140}, {"id": "786689571", "price": 876.78, "amount": 0.02, "side": "buy", "timestamp": 1765755930142}, {"id": "786689572", "price": 876.79, "amount": 0.01, "side": "sell", "timestamp": 1765755930153}, {"id": "786689573", "price": 876.79, "amount": 0.02, "side": "sell", "timestamp": 1765755930259}, {"id": "786689574", "price": 876.79, "amount": 0.03, "side": "sell", "timestamp": 1765755930568}, {"id": "786689575", "price": 876.79, "amount": 0.23, "side": "sell", "timestamp": 1765755930888}, {"id": "786689576", "price": 876.78, "amount": 0.18, "side": "sell", "timestamp": 1765755930888}, {"id": "786689577", "price": 876.77, "amount": 1.39, "side": "sell", "timestamp": 1765755930889}, {"id": "786689578", "price": 876.76, "amount": 0.01, "side": "sell", "timestamp": 1765755931223}, {"id": "786689579", "price": 876.77, "amount": 0.01, "side": "buy", "timestamp": 1765755931455}, {"id": "786689580", "price": 876.76, "amount": 0.02, "side": "sell", "timestamp": 1765755931814}, {"id": "786689581", "price": 876.76, "amount": 0.12, "side": "sell", "timestamp": 1765755932100}, {"id": "786689582", "price": 876.76, "amount": 0.08, "side": "sell", "timestamp": 1765755932573}, {"id": "786689583", "price": 876.76, "amount": 0.01, "side": "sell", "timestamp": 1765755933124}, {"id": "786689584", "price": 876.76, "amount": 3.26, "side": "sell", "timestamp": 1765755933288}, {"id": "786689585", "price": 876.75, "amount": 0.03, "side": "sell", "timestamp": 1765755933373}, {"id": "786689586", "price": 876.72, "amount": 0.01, "side": "sell", "timestamp": 1765755933552}, {"id": "786689587", "price": 876.72, "amount": 0.01, "side": "sell", "timestamp": 1765755934129}, {"id": "786689588", "price": 876.72, "amount": 0.01, "side": "sell", "timestamp": 1765755934813}, {"id": "786689589", "price": 876.72, "amount": 0.12, "side": "sell", "timestamp": 1765755935148}, {"id": "786689590", "price": 876.73, "amount": 0.01, "side": "buy", "timestamp": 1765755935694}, {"id": "786689591", "price": 876.72, "amount": 0.01, "side": "sell", "timestamp": 1765755936201}, {"id": "786689592", "price": 876.72, "amount": 0.03, "side": "sell", "timestamp": 1765755936572}, {"id": "786689593", "price": 876.72, "amount": 0.01, "side": "sell", "timestamp": 1765755937012}, {"id": "786689594", "price": 876.72, "amount": 0.12, "side": "sell", "timestamp": 1765755938007}, {"id": "786689595", "price": 876.72, "amount": 0.02, "side": "sell", "timestamp": 1765755938882}, {"id": "786689596", "price": 876.72, "amount": 0.01, "side": "sell", "timestamp": 1765755939179}, {"id": "786689597", "price": 876.72, "amount": 0.01, "side": "sell", "timestamp": 1765755939670}, {"id": "786689598", "price": 876.72, "amount": 0.15, "side": "sell", "timestamp": 1765755939917}, {"id": "786689933", "price": 876.36, "amount": 0.02, "side": "buy", "timestamp": 1765755987901}, {"id": "786689934", "price": 876.36, "amount": 0.01, "side": "sell", "timestamp": 1765755988205}, {"id": "786689935", "price": 876.36, "amount": 0.01, "side": "sell", "timestamp": 1765755988965}, {"id": "786689936", "price": 876.37, "amount": 1.31, "side": "buy", "timestamp": 1765755988973}, {"id": "786689937", "price": 876.36, "amount": 0.01, "side": "sell", "timestamp": 1765755989021}, {"id": "786689938", "price": 876.36, "amount": 0.01, "side": "sell", "timestamp": 1765755989311}, {"id": "786689939", "price": 876.36, "amount": 0.01, "side": "sell", "timestamp": 1765755989630}, {"id": "786689940", "price": 876.36, "amount": 0.12, "side": "sell", "timestamp": 1765755990068}, {"id": "786689941", "price": 876.36, "amount": 0.01, "side": "sell", "timestamp": 1765755990421}, {"id": "786689942", "price": 876.37, "amount": 0.03, "side": "buy", "timestamp": 1765755990597}, {"id": "786689943", "price": 876.36, "amount": 0.01, "side": "sell", "timestamp": 1765755990800}, {"id": "786689944", "price": 876.36, "amount": 0.01, "side": "sell", "timestamp": 1765755990951}, {"id": "786689945", "price": 876.36, "amount": 0.01, "side": "sell", "timestamp": 1765755991111}, {"id": "786689946", "price": 876.36, "amount": 0.01, "side": "sell", "timestamp": 1765755992172}, {"id": "786689947", "price": 876.36, "amount": 0.1, "side": "sell", "timestamp": 1765755992340}, {"id": "786689948", "price": 876.37, "amount": 4.79, "side": "buy", "timestamp": 1765755992578}, {"id": "786689949", "price": 876.37, "amount": 1.28, "side": "buy", "timestamp": 1765755992963}, {"id": "786689950", "price": 876.39, "amount": 0.01, "side": "buy", "timestamp": 1765755992971}, {"id": "786689951", "price": 876.4, "amount": 0.02, "side": "buy", "timestamp": 1765755992971}, {"id": "786689952", "price": 876.42, "amount": 0.03, "side": "buy", "timestamp": 1765755992971}, {"id": "786689953", "price": 876.43, "amount": 0.04, "side": "buy", "timestamp": 1765755993018}, {"id": "786689954", "price": 876.44, "amount": 0.01, "side": "buy", "timestamp": 1765755993020}, {"id": "786689955", "price": 876.45, "amount": 0.13, "side": "buy", "timestamp": 1765755993024}, {"id": "786689956", "price": 876.46, "amount": 0.05, "side": "buy", "timestamp": 1765755993026}, {"id": "786689957", "price": 876.47, "amount": 0.01, "side": "buy", "timestamp": 1765755993026}, {"id": "786689958", "price": 876.47, "amount": 0.12, "side": "sell", "timestamp": 1765755993110}, {"id": "786689959", "price": 876.48, "amount": 0.01, "side": "buy", "timestamp": 1765755993734}, {"id": "786689960", "price": 876.49, "amount": 0.1, "side": "buy", "timestamp": 1765755993734}, {"id": "786689961", "price": 876.49, "amount": 0.22, "side": "buy", "timestamp": 1765755993850}, {"id": "786689962", "price": 876.5, "amount": 0.05, "side": "buy", "timestamp": 1765755993853}, {"id": "786689963", "price": 876.51, "amount": 0.03, "side": "buy", "timestamp": 1765755993853}, {"id": "786689964", "price": 876.52, "amount": 0.02, "side": "buy", "timestamp": 1765755993922}, {"id": "786689965", "price": 876.54, "amount": 0.01, "side": "buy", "timestamp": 1765755993927}, {"id": "786689966", "price": 876.55, "amount": 0.12, "side": "buy", "timestamp": 1765755993932}, {"id": "786689967", "price": 876.56, "amount": 0.01, "side": "buy", "timestamp": 1765755993936}, {"id": "786689968", "price": 876.57, "amount": 0.02, "side": "buy", "timestamp": 1765755993983}, {"id": "786689969", "price": 876.6, "amount": 0.05, "side": "buy", "timestamp": 1765755993986}, {"id": "786689970", "price": 876.61, "amount": 0.01, "side": "buy", "timestamp": 1765755993986}, {"id": "786689971", "price": 876.61, "amount": 0.01, "side": "sell", "timestamp": 1765755994164}, {"id": "786689972", "price": 876.62, "amount": 0.34, "side": "buy", "timestamp": 1765755994273}, {"id": "786689973", "price": 876.61, "amount": 0.09, "side": "sell", "timestamp": 1765755994358}, {"id": "786689974", "price": 876.61, "amount": 0.01, "side": "sell", "timestamp": 1765755994553}, {"id": "786689975", "price": 876.62, "amount": 0.27, "side": "buy", "timestamp": 1765755994691}, {"id": "786689976", "price": 876.62, "amount": 0.1, "side": "buy", "timestamp": 1765755994928}, {"id": "786689977", "price": 876.63, "amount": 0.04, "side": "buy", "timestamp": 1765755994928}, {"id": "786689978", "price": 876.64, "amount": 0.02, "side": "buy", "timestamp": 1765755994930}, {"id": "786689979", "price": 876.65, "amount": 0.39, "side": "buy", "timestamp": 1765755994934}, {"id": "786689980", "price": 876.66, "amount": 0.03, "side": "buy", "timestamp": 1765755994936}, {"id": "786689981", "price": 876.67, "amount": 0.02, "side": "buy", "timestamp": 1765755994937}, {"id": "786689982", "price": 876.68, "amount": 0.04, "side": "buy", "timestamp": 1765755994938}, {"id": "786690191", "price": 876.65, "amount": 0.63, "side": "sell", "timestamp": 1765756041635}, {"id": "786690192", "price": 876.65, "amount": 0.02, "side": "sell", "timestamp": 1765756041782}, {"id": "786690193", "price": 876.65, "amount": 0.01, "side": "sell", "timestamp": 1765756042180}, {"id": "786690194", "price": 876.65, "amount": 0.03, "side": "sell", "timestamp": 1765756042775}, {"id": "786690195", "price": 876.65, "amount": 0.01, "side": "sell", "timestamp": 1765756043100}, {"id": "786690196", "price": 876.65, "amount": 0.18, "side": "sell", "timestamp": 1765756043385}, {"id": "786690197", "price": 876.65, "amount": 0.09, "side": "sell", "timestamp": 1765756043548}, {"id": "786690198", "price": 876.65, "amount": 0.06, "side": "sell", "timestamp": 1765756043657}, {"id": "786690199", "price": 876.66, "amount": 0.01, "side": "buy", "timestamp": 1765756043691}, {"id": "786690200", "price": 876.65, "amount": 0.02, "side": "sell", "timestamp": 1765756043842}, {"id": "786690201", "price": 876.65, "amount": 0.11, "side": "sell", "timestamp": 1765756044067}, {"id": "786690202", "price": 876.65, "amount": 0.01, "side": "sell", "timestamp": 1765756044186}, {"id": "786690203", "price": 876.65, "amount": 0.04, "side": "sell", "timestamp": 1765756044336}, {"id": "786690204", "price": 876.65, "amount": 0.01, "side": "sell", "timestamp": 1765756045091}, {"id": "786690205", "price": 876.65, "amount": 0.01, "side": "sell", "timestamp": 1765756046073}, {"id": "786690206", "price": 876.66, "amount": 0.17, "side": "buy", "timestamp": 1765756046076}, {"id": "786690207", "price": 876.66, "amount": 0.55, "side": "buy", "timestamp": 1765756046979}, {"id": "786690208", "price": 876.67, "amount": 0.01, "side": "buy", "timestamp": 1765756046997}, {"id": "786690209", "price": 876.68, "amount": 0.15, "side": "sell", "timestamp": 1765756047035}, {"id": "786690210", "price": 876.68, "amount": 0.01, "side": "sell", "timestamp": 1765756048169}, {"id": "786690211", "price": 876.69, "amount": 0.18, "side": "buy", "timestamp": 1765756048386}, {"id": "786690212", "price": 876.72, "amount": 0.58, "side": "buy", "timestamp": 1765756048389}, {"id": "786690213", "price": 876.73, "amount": 0.02, "side": "buy", "timestamp": 1765756048395}, {"id": "786690214", "price": 876.74, "amount": 0.01, "side": "buy", "timestamp": 1765756048395}, {"id": "786690215", "price": 876.75, "amount": 0.01, "side": "buy", "timestamp": 1765756048536}, {"id": "786690216", "price": 876.76, "amount": 0.01, "side": "buy", "timestamp": 1765756048540}, {"id": "786690217", "price": 876.77, "amount": 0.08, "side": "buy", "timestamp": 1765756048540}, {"id": "786690218", "price": 876.78, "amount": 0.01, "side": "buy", "timestamp": 1765756048542}, {"id": "786690219", "price": 876.79, "amount": 0.04, "side": "buy", "timestamp": 1765756048542}, {"id": "786690220", "price": 876.8, "amount": 0.03, "side": "buy", "timestamp": 1765756048612}, {"id": "786690221", "price": 876.81, "amount": 0.02, "side": "buy", "timestamp": 1765756048622}, {"id": "786690222", "price": 876.82, "amount": 0.06, "side": "buy", "timestamp": 1765756048622}, {"id": "786690223", "price": 876.82, "amount": 0.01, "side": "sell", "timestamp": 1765756049194}, {"id": "786690224", "price": 876.83, "amount": 0.03, "side": "buy", "timestamp": 1765756049283}, {"id": "786690225", "price": 876.84, "amount": 0.02, "side": "buy", "timestamp": 1765756049288}, {"id": "786690226", "price": 876.85, "amount": 0.01, "side": "buy", "timestamp": 1765756049289}, {"id": "786690227", "price": 876.86, "amount": 0.02, "side": "buy", "timestamp": 1765756049289}, {"id": "786690228", "price": 876.87, "amount": 0.01, "side": "buy", "timestamp": 1765756049289}, {"id": "786690229", "price": 876.88, "amount": 0.05, "side": "buy", "timestamp": 1765756049492}, {"id": "786690230", "price": 876.89, "amount": 0.11, "side": "buy", "timestamp": 1765756049492}, {"id": "786690231", "price": 876.9, "amount": 0.47, "side": "buy", "timestamp": 1765756049492}, {"id": "786690232", "price": 876.91, "amount": 0.01, "side": "buy", "timestamp": 1765756049492}, {"id": "786690233", "price": 876.92, "amount": 1.0, "side": "buy", "timestamp": 1765756049492}, {"id": "786690234", "price": 876.93, "amount": 0.02, "side": "buy", "timestamp": 1765756049492}, {"id": "786690235", "price": 876.94, "amount": 0.01, "side": "buy", "timestamp": 1765756049494}, {"id": "786690236", "price": 876.95, "amount": 0.03, "side": "buy", "timestamp": 1765756049494}, {"id": "786690237", "price": 876.96, "amount": 0.02, "side": "buy", "timestamp": 1765756049505}, {"id": "786690238", "price": 876.97, "amount": 0.03, "side": "buy", "timestamp": 1765756049505}, {"id": "786690239", "price": 876.99, "amount": 0.12, "side": "buy", "timestamp": 1765756049505}, {"id": "786690240", "price": 877.0, "amount": 0.08, "side": "buy", "timestamp": 1765756049505}, {"id": "786690510", "price": 876.9, "amount": 0.09, "side": "sell", "timestamp": 1765756098017}, {"id": "786690511", "price": 876.9, "amount": 0.12, "side": "sell", "timestamp": 1765756098130}, {"id": "786690512", "price": 876.91, "amount": 0.36, "side": "buy", "timestamp": 1765756099129}, {"id": "786690513", "price": 876.92, "amount": 0.5, "side": "buy", "timestamp": 1765756099129}, {"id": "786690514", "price": 876.93, "amount": 0.01, "side": "buy", "timestamp": 1765756099129}, {"id": "786690515", "price": 876.94, "amount": 0.2, "side": "buy", "timestamp": 1765756099129}, {"id": "786690516", "price": 876.95, "amount": 0.5, "side": "buy", "timestamp": 1765756099129}, {"id": "786690517", "price": 876.94, "amount": 0.01, "side": "sell", "timestamp": 1765756099167}, {"id": "786690518", "price": 876.95, "amount": 0.82, "side": "buy", "timestamp": 1765756099610}, {"id": "786690519", "price": 876.96, "amount": 0.02, "side": "buy", "timestamp": 1765756099613}, {"id": "786690520", "price": 876.98, "amount": 0.03, "side": "buy", "timestamp": 1765756099613}, {"id": "786690521", "price": 876.99, "amount": 0.01, "side": "buy", "timestamp": 1765756099613}, {"id": "786690522", "price": 876.99, "amount": 0.02, "side": "sell", "timestamp": 1765756099852}, {"id": "786690523", "price": 877.0, "amount": 2.33, "side": "buy", "timestamp": 1765756099918}, {"id": "786690524", "price": 877.01, "amount": 0.01, "side": "buy", "timestamp": 1765756099918}, {"id": "786690525", "price": 877.02, "amount": 0.01, "side": "buy", "timestamp": 1765756099921}, {"id": "786690526", "price": 877.03, "amount": 0.03, "side": "buy", "timestamp": 1765756099921}, {"id": "786690527", "price": 877.04, "amount": 0.05, "side": "buy", "timestamp": 1765756099933}, {"id": "786690528", "price": 877.05, "amount": 0.01, "side": "buy", "timestamp": 1765756099948}, {"id": "786690529", "price": 877.05, "amount": 0.01, "side": "sell", "timestamp": 1765756100031}, {"id": "786690530", "price": 877.06, "amount": 0.11, "side": "buy", "timestamp": 1765756100038}, {"id": "786690531", "price": 877.08, "amount": 0.04, "side": "buy", "timestamp": 1765756100049}, {"id": "786690532", "price": 877.09, "amount": 0.03, "side": "buy", "timestamp": 1765756100049}, {"id": "786690533", "price": 877.1, "amount": 0.05, "side": "buy", "timestamp": 1765756100068}, {"id": "786690534", "price": 877.11, "amount": 0.08, "side": "buy", "timestamp": 1765756100068}, {"id": "786690535", "price": 877.12, "amount": 0.02, "side": "buy", "timestamp": 1765756100079}, {"id": "786690536", "price": 877.13, "amount": 0.01, "side": "buy", "timestamp": 1765756100079}, {"id": "786690537", "price": 877.14, "amount": 0.26, "side": "buy", "timestamp": 1765756100409}, {"id": "786690538", "price": 877.15, "amount": 0.03, "side": "buy", "timestamp": 1765756100416}, {"id": "786690539", "price": 877.16, "amount": 0.01, "side": "buy", "timestamp": 1765756100416}, {"id": "786690540", "price": 877.17, "amount": 0.04, "side": "buy", "timestamp": 1765756100416}, {"id": "786690541", "price": 877.2, "amount": 0.06, "side": "buy", "timestamp": 1765756100435}, {"id": "786690542", "price": 877.19, "amount": 0.01, "side": "sell", "timestamp": 1765756100855}, {"id": "786690543", "price": 877.2, "amount": 0.03, "side": "buy", "timestamp": 1765756101017}, {"id": "786690544", "price": 877.19, "amount": 0.13, "side": "sell", "timestamp": 1765756101088}, {"id": "786690545", "price": 877.2, "amount": 0.11, "side": "buy", "timestamp": 1765756101511}, {"id": "786690546", "price": 877.21, "amount": 0.03, "side": "sell", "timestamp": 1765756101927}, {"id": "786690547", "price": 877.21, "amount": 2.4, "side": "sell", "timestamp": 1765756102150}, {"id": "786690548", "price": 877.2, "amount": 1.82, "side": "sell", "timestamp": 1765756102177}, {"id": "786690549", "price": 877.19, "amount": 1.79, "side": "sell", "timestamp": 1765756102177}, {"id": "786690550", "price": 877.18, "amount": 0.02, "side": "sell", "timestamp": 1765756102187}, {"id": "786690551", "price": 877.14, "amount": 0.08, "side": "sell", "timestamp": 1765756102207}, {"id": "786690552", "price": 877.14, "amount": 0.06, "side": "buy", "timestamp": 1765756102486}, {"id": "786690553", "price": 877.15, "amount": 0.04, "side": "buy", "timestamp": 1765756102492}, {"id": "786690554", "price": 877.17, "amount": 0.57, "side": "buy", "timestamp": 1765756102541}, {"id": "786690555", "price": 877.2, "amount": 0.02, "side": "buy", "timestamp": 1765756102561}, {"id": "786690556", "price": 877.21, "amount": 0.01, "side": "sell", "timestamp": 1765756103204}, {"id": "786690557", "price": 877.22, "amount": 1.0, "side": "buy", "timestamp": 1765756103798}, {"id": "786690558", "price": 877.21, "amount": 0.01, "side": "sell", "timestamp": 1765756104019}, {"id": "786690559", "price": 877.21, "amount": 0.11, "side": "sell", "timestamp": 1765756104199}, {"id": "786690839", "price": 877.19, "amount": 0.78, "side": "buy", "timestamp": 1765756152599}, {"id": "786690840", "price": 877.2, "amount": 0.03, "side": "buy", "timestamp": 1765756152604}, {"id": "786690841", "price": 877.22, "amount": 0.01, "side": "buy", "timestamp": 1765756152607}, {"id": "786690842", "price": 877.23, "amount": 0.03, "side": "buy", "timestamp": 1765756152607}, {"id": "786690843", "price": 877.24, "amount": 0.01, "side": "buy", "timestamp": 1765756152607}, {"id": "786690844", "price": 877.24, "amount": 0.01, "side": "sell", "timestamp": 1765756152689}, {"id": "786690845", "price": 877.25, "amount": 3.18, "side": "buy", "timestamp": 1765756152725}, {"id": "786690846", "price": 877.26, "amount": 0.08, "side": "buy", "timestamp": 1765756152725}, {"id": "786690847", "price": 877.28, "amount": 0.01, "side": "buy", "timestamp": 1765756152725}, {"id": "786690848", "price": 877.29, "amount": 0.01, "side": "buy", "timestamp": 1765756152725}, {"id": "786690849", "price": 877.31, "amount": 0.03, "side": "buy", "timestamp": 1765756152725}, {"id": "786690850", "price": 877.32, "amount": 0.62, "side": "buy", "timestamp": 1765756152725}, {"id": "786690851", "price": 877.33, "amount": 0.74, "side": "buy", "timestamp": 1765756152725}, {"id": "786690852", "price": 877.34, "amount": 0.03, "side": "buy", "timestamp": 1765756152725}, {"id": "786690853", "price": 877.35, "amount": 0.01, "side": "buy", "timestamp": 1765756152725}, {"id": "786690854", "price": 877.36, "amount": 2.34, "side": "buy", "timestamp": 1765756152725}, {"id": "786690855", "price": 877.38, "amount": 0.14, "side": "buy", "timestamp": 1765756152725}, {"id": "786690856", "price": 877.37, "amount": 0.04, "side": "sell", "timestamp": 1765756152782}, {"id": "786690857", "price": 877.37, "amount": 0.02, "side": "sell", "timestamp": 1765756153047}, {"id": "786690858", "price": 877.38, "amount": 0.1, "side": "buy", "timestamp": 1765756153117}, {"id": "786690859", "price": 877.39, "amount": 0.21, "side": "buy", "timestamp": 1765756153129}, {"id": "786690860", "price": 877.4, "amount": 0.03, "side": "buy", "timestamp": 1765756153129}, {"id": "786690861", "price": 877.41, "amount": 0.01, "side": "buy", "timestamp": 1765756153133}, {"id": "786690862", "price": 877.42, "amount": 0.07, "side": "buy", "timestamp": 1765756153133}, {"id": "786690863", "price": 877.43, "amount": 0.03, "side": "buy", "timestamp": 1765756153133}, {"id": "786690864", "price": 877.44, "amount": 0.03, "side": "buy", "timestamp": 1765756153147}, {"id": "786690865", "price": 877.44, "amount": 0.01, "side": "sell", "timestamp": 1765756154115}, {"id": "786690866", "price": 877.44, "amount": 41.37, "side": "sell", "timestamp": 1765756154608}, {"id": "786690867", "price": 877.43, "amount": 0.04, "side": "sell", "timestamp": 1765756154721}, {"id": "786690868", "price": 877.42, "amount": 0.01, "side": "sell", "timestamp": 1765756154721}, {"id": "786690869", "price": 877.4, "amount": 3.78, "side": "sell", "timestamp": 1765756154723}, {"id": "786690870", "price": 877.39, "amount": 0.05, "side": "sell", "timestamp": 1765756154851}, {"id": "786690871", "price": 877.39, "amount": 0.04, "side": "sell", "timestamp": 1765756155008}, {"id": "786690872", "price": 877.38, "amount": 0.01, "side": "sell", "timestamp": 1765756155008}, {"id": "786690873", "price": 877.37, "amount": 0.01, "side": "sell", "timestamp": 1765756155008}, {"id": "786690874", "price": 877.36, "amount": 0.12, "side": "sell", "timestamp": 1765756155124}, {"id": "786690875", "price": 877.37, "amount": 1.95, "side": "buy", "timestamp": 1765756155606}, {"id": "786690876", "price": 877.36, "amount": 0.01, "side": "sell", "timestamp": 1765756156155}, {"id": "786690877", "price": 877.36, "amount": 0.02, "side": "sell", "timestamp": 1765756156832}, {"id": "786690878", "price": 877.36, "amount": 0.01, "side": "sell", "timestamp": 1765756157185}, {"id": "786690879", "price": 877.36, "amount": 0.01, "side": "sell", "timestamp": 1765756158017}, {"id": "786690880", "price": 877.36, "amount": 0.11, "side": "sell", "timestamp": 1765756158172}, {"id": "786690881", "price": 877.36, "amount": 0.09, "side": "sell", "timestamp": 1765756158580}, {"id": "786690882", "price": 877.36, "amount": 0.06, "side": "sell", "timestamp": 1765756158874}, {"id": "786690883", "price": 877.36, "amount": 0.01, "side": "sell", "timestamp": 1765756159027}, {"id": "786690884", "price": 877.37, "amount": 0.96, "side": "buy", "timestamp": 1765756159077}, {"id": "786690885", "price": 877.38, "amount": 0.02, "side": "buy", "timestamp": 1765756159077}, {"id": "786690886", "price": 877.4, "amount": 0.02, "side": "buy", "timestamp": 1765756159077}, {"id": "786690887", "price": 877.41, "amount": 0.16, "side": "buy", "timestamp": 1765756159077}, {"id": "786690888", "price": 877.42, "amount": 0.54, "side": "buy", "timestamp": 1765756159077}, {"id": "786691153", "price": 877.23, "amount": 8.98, "side": "sell", "timestamp": 1765756203973}, {"id": "786691154", "price": 877.23, "amount": 0.01, "side": "sell", "timestamp": 1765756204087}, {"id": "786691155", "price": 877.23, "amount": 0.01, "side": "sell", "timestamp": 1765756204209}, {"id": "786691156", "price": 877.23, "amount": 0.06, "side": "sell", "timestamp": 1765756204696}, {"id": "786691157", "price": 877.23, "amount": 0.01, "side": "sell", "timestamp": 1765756204809}, {"id": "786691158", "price": 877.23, "amount": 0.02, "side": "sell", "timestamp": 1765756204955}, {"id": "786691159", "price": 877.23, "amount": 0.03, "side": "sell", "timestamp": 1765756205093}, {"id": "786691160", "price": 877.23, "amount": 2.31, "side": "sell", "timestamp": 1765756205348}, {"id": "786691161", "price": 877.22, "amount": 0.01, "side": "sell", "timestamp": 1765756205353}, {"id": "786691162", "price": 877.21, "amount": 0.08, "side": "sell", "timestamp": 1765756205392}, {"id": "786691163", "price": 877.21, "amount": 0.02, "side": "sell", "timestamp": 1765756205570}, {"id": "786691164", "price": 877.21, "amount": 0.01, "side": "sell", "timestamp": 1765756205962}, {"id": "786691165", "price": 877.21, "amount": 0.12, "side": "sell", "timestamp": 1765756206133}, {"id": "786691166", "price": 877.22, "amount": 0.03, "side": "buy", "timestamp": 1765756206482}, {"id": "786691167", "price": 877.21, "amount": 0.01, "side": "sell", "timestamp": 1765756207147}, {"id": "786691168", "price": 877.21, "amount": 0.01, "side": "sell", "timestamp": 1765756207489}, {"id": "786691169", "price": 877.21, "amount": 0.01, "side": "sell", "timestamp": 1765756208194}, {"id": "786691170", "price": 877.22, "amount": 1.51, "side": "buy", "timestamp": 1765756208532}, {"id": "786691171", "price": 877.24, "amount": 0.07, "side": "buy", "timestamp": 1765756208534}, {"id": "786691172", "price": 877.28, "amount": 0.01, "side": "buy", "timestamp": 1765756208537}, {"id": "786691173", "price": 877.29, "amount": 0.03, "side": "buy", "timestamp": 1765756208537}, {"id": "786691174", "price": 877.32, "amount": 0.09, "side": "buy", "timestamp": 1765756208540}, {"id": "786691175", "price": 877.34, "amount": 0.02, "side": "buy", "timestamp": 1765756208548}, {"id": "786691176", "price": 877.34, "amount": 1.0, "side": "sell", "timestamp": 1765756208787}, {"id": "786691177", "price": 877.34, "amount": 0.12, "side": "sell", "timestamp": 1765756209014}, {"id": "786691178", "price": 877.35, "amount": 0.64, "side": "buy", "timestamp": 1765756209388}, {"id": "786691179", "price": 877.36, "amount": 0.3, "side": "buy", "timestamp": 1765756209388}, {"id": "786691180", "price": 877.38, "amount": 0.01, "side": "buy", "timestamp": 1765756209408}, {"id": "786691181", "price": 877.39, "amount": 0.03, "side": "sell", "timestamp": 1765756209631}, {"id": "786691182", "price": 877.39, "amount": 0.01, "side": "sell", "timestamp": 1765756210076}, {"id": "786691183", "price": 877.4, "amount": 3.41, "side": "buy", "timestamp": 1765756210177}, {"id": "786691184", "price": 877.39, "amount": 0.01, "side": "sell", "timestamp": 1765756211125}, {"id": "786691185", "price": 877.4, "amount": 1.92, "side": "buy", "timestamp": 1765756211306}, {"id": "786691186", "price": 877.39, "amount": 13.55, "side": "sell", "timestamp": 1765756211427}, {"id": "786691187", "price": 877.38, "amount": 0.03, "side": "sell", "timestamp": 1765756211427}, {"id": "786691188", "price": 877.36, "amount": 0.01, "side": "sell", "timestamp": 1765756211427}, {"id": "786691189", "price": 877.34, "amount": 2.26, "side": "sell", "timestamp": 1765756211427}, {"id": "786691190", "price": 877.33, "amount": 2.7, "side": "sell", "timestamp": 1765756211427}, {"id": "786691191", "price": 877.32, "amount": 4.98, "side": "sell", "timestamp": 1765756211427}, {"id": "786691192", "price": 877.31, "amount": 4.69, "side": "sell", "timestamp": 1765756211427}, {"id": "786691193", "price": 877.3, "amount": 6.85, "side": "sell", "timestamp": 1765756211427}, {"id": "786691194", "price": 877.29, "amount": 3.69, "side": "sell", "timestamp": 1765756211427}, {"id": "786691195", "price": 877.31, "amount": 0.12, "side": "sell", "timestamp": 1765756212076}, {"id": "786691196", "price": 877.31, "amount": 0.02, "side": "sell", "timestamp": 1765756212465}, {"id": "786691197", "price": 877.31, "amount": 0.02, "side": "sell", "timestamp": 1765756212938}, {"id": "786691198", "price": 877.31, "amount": 0.01, "side": "sell", "timestamp": 1765756213165}, {"id": "786691199", "price": 877.32, "amount": 0.3, "side": "buy", "timestamp": 1765756213474}, {"id": "786691200", "price": 877.32, "amount": 0.03, "side": "buy", "timestamp": 1765756213974}, {"id": "786691201", "price": 877.31, "amount": 0.01, "side": "sell", "timestamp": 1765756214174}, {"id": "786691202", "price": 877.31, "amount": 0.03, "side": "sell", "timestamp": 1765756214571}, {"id": "786691455", "price": 877.74, "amount": 0.01, "side": "buy", "timestamp": 1765756266914}, {"id": "786691456", "price": 877.75, "amount": 6.6, "side": "buy", "timestamp": 1765756266914}, {"id": "786691457", "price": 877.76, "amount": 0.02, "side": "buy", "timestamp": 1765756266914}, {"id": "786691458", "price": 877.77, "amount": 0.71, "side": "buy", "timestamp": 1765756266917}, {"id": "786691459", "price": 877.78, "amount": 0.01, "side": "sell", "timestamp": 1765756267119}, {"id": "786691460", "price": 877.78, "amount": 0.02, "side": "sell", "timestamp": 1765756267258}, {"id": "786691461", "price": 877.79, "amount": 0.42, "side": "buy", "timestamp": 1765756267317}, {"id": "786691462", "price": 877.8, "amount": 0.1, "side": "buy", "timestamp": 1765756267317}, {"id": "786691463", "price": 877.81, "amount": 0.01, "side": "buy", "timestamp": 1765756267317}, {"id": "786691464", "price": 877.83, "amount": 0.03, "side": "buy", "timestamp": 1765756267317}, {"id": "786691465", "price": 877.84, "amount": 0.03, "side": "buy", "timestamp": 1765756267317}, {"id": "786691466", "price": 877.85, "amount": 0.45, "side": "buy", "timestamp": 1765756267317}, {"id": "786691467", "price": 877.86, "amount": 0.97, "side": "buy", "timestamp": 1765756267317}, {"id": "786691468", "price": 877.87, "amount": 0.26, "side": "buy", "timestamp": 1765756267317}, {"id": "786691469", "price": 877.88, "amount": 0.01, "side": "buy", "timestamp": 1765756267317}, {"id": "786691470", "price": 877.89, "amount": 3.86, "side": "buy", "timestamp": 1765756267317}, {"id": "786691471", "price": 877.9, "amount": 0.51, "side": "buy", "timestamp": 1765756267317}, {"id": "786691472", "price": 877.91, "amount": 0.02, "side": "buy", "timestamp": 1765756267317}, {"id": "786691473", "price": 877.92, "amount": 2.73, "side": "buy", "timestamp": 1765756267317}, {"id": "786691474", "price": 877.93, "amount": 2.84, "side": "buy", "timestamp": 1765756267317}, {"id": "786691475", "price": 877.94, "amount": 0.72, "side": "buy", "timestamp": 1765756267317}, {"id": "786691476", "price": 877.95, "amount": 0.69, "side": "buy", "timestamp": 1765756267317}, {"id": "786691477", "price": 877.94, "amount": 0.03, "side": "sell", "timestamp": 1765756267802}, {"id": "786691478", "price": 877.94, "amount": 0.01, "side": "sell", "timestamp": 1765756268175}, {"id": "786691479", "price": 877.95, "amount": 0.21, "side": "buy", "timestamp": 1765756268215}, {"id": "786691480", "price": 877.95, "amount": 0.06, "side": "buy", "timestamp": 1765756268887}, {"id": "786691481", "price": 877.94, "amount": 0.08, "side": "sell", "timestamp": 1765756268913}, {"id": "786691482", "price": 877.93, "amount": 0.02, "side": "sell", "timestamp": 1765756268967}, {"id": "786691483", "price": 877.92, "amount": 0.01, "side": "sell", "timestamp": 1765756268969}, {"id": "786691484", "price": 877.9, "amount": 0.81, "side": "sell", "timestamp": 1765756268969}, {"id": "786691485", "price": 877.87, "amount": 0.14, "side": "buy", "timestamp": 1765756268979}, {"id": "786691486", "price": 877.86, "amount": 0.03, "side": "sell", "timestamp": 1765756268985}, {"id": "786691487", "price": 877.84, "amount": 0.03, "side": "sell", "timestamp": 1765756268985}, {"id": "786691488", "price": 877.83, "amount": 0.01, "side": "sell", "timestamp": 1765756269058}, {"id": "786691489", "price": 877.83, "amount": 0.01, "side": "sell", "timestamp": 1765756269178}, {"id": "786691490", "price": 877.82, "amount": 0.03, "side": "sell", "timestamp": 1765756269178}, {"id": "786691491", "price": 877.8, "amount": 0.2, "side": "sell", "timestamp": 1765756269178}, {"id": "786691492", "price": 877.81, "amount": 0.02, "side": "buy", "timestamp": 1765756269383}, {"id": "786691493", "price": 877.8, "amount": 0.04, "side": "sell", "timestamp": 1765756269439}, {"id": "786691494", "price": 877.79, "amount": 0.04, "side": "sell", "timestamp": 1765756270011}, {"id": "786691495", "price": 877.78, "amount": 0.02, "side": "sell", "timestamp": 1765756270011}, {"id": "786691496", "price": 877.77, "amount": 0.01, "side": "sell", "timestamp": 1765756270011}, {"id": "786691497", "price": 877.76, "amount": 0.01, "side": "sell", "timestamp": 1765756270011}, {"id": "786691498", "price": 877.75, "amount": 0.02, "side": "sell", "timestamp": 1765756270011}, {"id": "786691499", "price": 877.74, "amount": 0.04, "side": "sell", "timestamp": 1765756270011}, {"id": "786691500", "price": 877.72, "amount": 0.85, "side": "sell", "timestamp": 1765756270011}, {"id": "786691501", "price": 877.73, "amount": 0.02, "side": "buy", "timestamp": 1765756270068}, {"id": "786691502", "price": 877.77, "amount": 0.02, "side": "buy", "timestamp": 1765756270088}, {"id": "786691503", "price": 877.8, "amount": 0.6, "side": "buy", "timestamp": 1765756270123}, {"id": "786691504", "price": 877.81, "amount": 0.79, "side": "buy", "timestamp": 1765756270124}, {"id": "786691919", "price": 878.91, "amount": 0.14, "side": "buy", "timestamp": 1765756318537}, {"id": "786691920", "price": 878.9, "amount": 0.03, "side": "sell", "timestamp": 1765756318537}, {"id": "786691921", "price": 878.91, "amount": 1.49, "side": "buy", "timestamp": 1765756318935}, {"id": "786691922", "price": 878.9, "amount": 0.01, "side": "sell", "timestamp": 1765756319134}, {"id": "786691923", "price": 878.9, "amount": 0.52, "side": "sell", "timestamp": 1765756319370}, {"id": "786691924", "price": 878.89, "amount": 0.01, "side": "sell", "timestamp": 1765756319437}, {"id": "786691925", "price": 878.88, "amount": 0.02, "side": "sell", "timestamp": 1765756319437}, {"id": "786691926", "price": 878.86, "amount": 0.36, "side": "sell", "timestamp": 1765756319437}, {"id": "786691927", "price": 878.85, "amount": 0.99, "side": "sell", "timestamp": 1765756319437}, {"id": "786691928", "price": 878.84, "amount": 1.07, "side": "sell", "timestamp": 1765756319437}, {"id": "786691929", "price": 878.83, "amount": 0.02, "side": "sell", "timestamp": 1765756319630}, {"id": "786691930", "price": 878.82, "amount": 0.03, "side": "sell", "timestamp": 1765756319640}, {"id": "786691931", "price": 878.8, "amount": 0.09, "side": "sell", "timestamp": 1765756319977}, {"id": "786691932", "price": 878.81, "amount": 0.53, "side": "buy", "timestamp": 1765756320059}, {"id": "786691933", "price": 878.8, "amount": 0.19, "side": "sell", "timestamp": 1765756320140}, {"id": "786691934", "price": 878.8, "amount": 2.08, "side": "buy", "timestamp": 1765756320699}, {"id": "786691935", "price": 878.8, "amount": 3.11, "side": "buy", "timestamp": 1765756320842}, {"id": "786691936", "price": 878.81, "amount": 0.63, "side": "buy", "timestamp": 1765756320869}, {"id": "786691937", "price": 878.82, "amount": 0.01, "side": "buy", "timestamp": 1765756320869}, {"id": "786691938", "price": 878.84, "amount": 0.22, "side": "buy", "timestamp": 1765756320869}, {"id": "786691939", "price": 878.85, "amount": 0.01, "side": "buy", "timestamp": 1765756320869}, {"id": "786691940", "price": 878.86, "amount": 4.23, "side": "buy", "timestamp": 1765756320869}, {"id": "786691941", "price": 878.88, "amount": 0.99, "side": "buy", "timestamp": 1765756320869}, {"id": "786691942", "price": 878.9, "amount": 0.88, "side": "buy", "timestamp": 1765756320869}, {"id": "786691943", "price": 878.91, "amount": 0.35, "side": "buy", "timestamp": 1765756320869}, {"id": "786691944", "price": 878.92, "amount": 0.02, "side": "buy", "timestamp": 1765756320869}, {"id": "786691945", "price": 878.93, "amount": 0.49, "side": "buy", "timestamp": 1765756320869}, {"id": "786691946", "price": 878.92, "amount": 0.88, "side": "sell", "timestamp": 1765756321182}, {"id": "786691947", "price": 878.91, "amount": 0.06, "side": "sell", "timestamp": 1765756321187}, {"id": "786691948", "price": 878.86, "amount": 0.03, "side": "buy", "timestamp": 1765756321222}, {"id": "786691949", "price": 878.86, "amount": 0.03, "side": "buy", "timestamp": 1765756321410}, {"id": "786691950", "price": 878.85, "amount": 0.01, "side": "sell", "timestamp": 1765756321642}, {"id": "786691951", "price": 878.85, "amount": 0.29, "side": "sell", "timestamp": 1765756321913}, {"id": "786691952", "price": 878.85, "amount": 0.01, "side": "sell", "timestamp": 1765756322081}, {"id": "786691953", "price": 878.86, "amount": 4.86, "side": "buy", "timestamp": 1765756322214}, {"id": "786691954", "price": 878.88, "amount": 0.01, "side": "buy", "timestamp": 1765756322217}, {"id": "786691955", "price": 878.89, "amount": 0.02, "side": "buy", "timestamp": 1765756322217}, {"id": "786691956", "price": 878.92, "amount": 0.01, "side": "buy", "timestamp": 1765756322217}, {"id": "786691957", "price": 878.93, "amount": 0.02, "side": "buy", "timestamp": 1765756322217}, {"id": "786691958", "price": 878.94, "amount": 0.03, "side": "buy", "timestamp": 1765756322287}, {"id": "786691959", "price": 878.96, "amount": 0.03, "side": "buy", "timestamp": 1765756322287}, {"id": "786691960", "price": 878.96, "amount": 0.48, "side": "sell", "timestamp": 1765756322466}, {"id": "786691961", "price": 878.96, "amount": 0.01, "side": "sell", "timestamp": 1765756322723}, {"id": "786691962", "price": 878.96, "amount": 0.12, "side": "sell", "timestamp": 1765756323104}, {"id": "786691963", "price": 878.97, "amount": 4.18, "side": "buy", "timestamp": 1765756323478}, {"id": "786691964", "price": 879.0, "amount": 0.03, "side": "buy", "timestamp": 1765756323481}, {"id": "786691965", "price": 879.02, "amount": 0.03, "side": "sell", "timestamp": 1765756323978}, {"id": "786691966", "price": 879.02, "amount": 0.01, "side": "sell", "timestamp": 1765756324113}, {"id": "786691967", "price": 879.02, "amount": 0.82, "side": "sell", "timestamp": 1765756324269}, {"id": "786691968", "price": 879.02, "amount": 0.01, "side": "sell", "timestamp": 1765756324964}, {"id": "786692229", "price": 878.77, "amount": 0.02, "side": "sell", "timestamp": 1765756364049}, {"id": "786692230", "price": 878.77, "amount": 0.11, "side": "sell", "timestamp": 1765756365065}, {"id": "786692231", "price": 878.78, "amount": 0.43, "side": "buy", "timestamp": 1765756365089}, {"id": "786692232", "price": 878.79, "amount": 0.03, "side": "buy", "timestamp": 1765756365089}, {"id": "786692233", "price": 878.8, "amount": 0.02, "side": "buy", "timestamp": 1765756365089}, {"id": "786692234", "price": 878.82, "amount": 0.03, "side": "buy", "timestamp": 1765756365089}, {"id": "786692235", "price": 878.84, "amount": 0.11, "side": "buy", "timestamp": 1765756365089}, {"id": "786692236", "price": 878.85, "amount": 0.11, "side": "buy", "timestamp": 1765756365089}, {"id": "786692237", "price": 878.84, "amount": 0.02, "side": "sell", "timestamp": 1765756365162}, {"id": "786692238", "price": 878.83, "amount": 0.01, "side": "sell", "timestamp": 1765756365170}, {"id": "786692239", "price": 878.83, "amount": 0.15, "side": "sell", "timestamp": 1765756365635}, {"id": "786692240", "price": 878.83, "amount": 0.01, "side": "sell", "timestamp": 1765756366016}, {"id": "786692241", "price": 878.83, "amount": 0.02, "side": "sell", "timestamp": 1765756366662}, {"id": "786692242", "price": 878.83, "amount": 0.04, "side": "sell", "timestamp": 1765756366868}, {"id": "786692243", "price": 878.83, "amount": 0.38, "side": "sell", "timestamp": 1765756366970}, {"id": "786692244", "price": 878.84, "amount": 0.41, "side": "buy", "timestamp": 1765756367211}, {"id": "786692245", "price": 878.83, "amount": 2.51, "side": "sell", "timestamp": 1765756367241}, {"id": "786692246", "price": 878.84, "amount": 0.17, "side": "buy", "timestamp": 1765756367340}, {"id": "786692247", "price": 878.83, "amount": 0.01, "side": "sell", "timestamp": 1765756367695}, {"id": "786692248", "price": 878.83, "amount": 0.03, "side": "sell", "timestamp": 1765756367900}, {"id": "786692249", "price": 878.83, "amount": 0.12, "side": "sell", "timestamp": 1765756368080}, {"id": "786692250", "price": 878.83, "amount": 4.65, "side": "sell", "timestamp": 1765756368184}, {"id": "786692251", "price": 878.84, "amount": 0.28, "side": "buy", "timestamp": 1765756368567}, {"id": "786692252", "price": 878.83, "amount": 1.19, "side": "sell", "timestamp": 1765756369122}, {"id": "786692253", "price": 878.83, "amount": 0.02, "side": "sell", "timestamp": 1765756369585}, {"id": "786692254", "price": 878.84, "amount": 0.35, "side": "buy", "timestamp": 1765756369593}, {"id": "786692255", "price": 878.83, "amount": 0.01, "side": "sell", "timestamp": 1765756370137}, {"id": "786692256", "price": 878.83, "amount": 0.12, "side": "sell", "timestamp": 1765756371121}, {"id": "786692257", "price": 878.83, "amount": 0.05, "side": "sell", "timestamp": 1765756371782}, {"id": "786692258", "price": 878.83, "amount": 0.01, "side": "sell", "timestamp": 1765756372008}, {"id": "786692259", "price": 878.84, "amount": 0.34, "side": "buy", "timestamp": 1765756372214}, {"id": "786692260", "price": 878.86, "amount": 0.01, "side": "sell", "timestamp": 1765756373039}, {"id": "786692261", "price": 878.86, "amount": 0.12, "side": "sell", "timestamp": 1765756374121}, {"id": "786692262", "price": 878.86, "amount": 0.02, "side": "sell", "timestamp": 1765756374425}, {"id": "786692263", "price": 878.86, "amount": 0.01, "side": "sell", "timestamp": 1765756375162}, {"id": "786692264", "price": 878.87, "amount": 0.01, "side": "buy", "timestamp": 1765756375541}, {"id": "786692265", "price": 878.86, "amount": 0.55, "side": "sell", "timestamp": 1765756376135}, {"id": "786692266", "price": 878.86, "amount": 0.01, "side": "sell", "timestamp": 1765756377047}, {"id": "786692267", "price": 878.86, "amount": 0.19, "side": "sell", "timestamp": 1765756377167}, {"id": "786692268", "price": 878.86, "amount": 1.52, "side": "sell", "timestamp": 1765756378080}, {"id": "786692269", "price": 878.85, "amount": 0.01, "side": "sell", "timestamp": 1765756378181}, {"id": "786692270", "price": 878.83, "amount": 2.07, "side": "sell", "timestamp": 1765756378181}, {"id": "786692271", "price": 878.82, "amount": 0.02, "side": "sell", "timestamp": 1765756378193}, {"id": "786692272", "price": 878.81, "amount": 3.41, "side": "buy", "timestamp": 1765756379097}, {"id": "786692273", "price": 878.8, "amount": 0.01, "side": "sell", "timestamp": 1765756379122}, {"id": "786692274", "price": 878.8, "amount": 0.04, "side": "sell", "timestamp": 1765756379545}, {"id": "786692275", "price": 878.8, "amount": 1.48, "side": "buy", "timestamp": 1765756379588}, {"id": "786692276", "price": 878.79, "amount": 0.03, "side": "sell", "timestamp": 1765756379747}, {"id": "786692277", "price": 878.76, "amount": 0.01, "side": "sell", "timestamp": 1765756379747}, {"id": "786692278", "price": 878.75, "amount": 0.01, "side": "sell", "timestamp": 1765756379747}, {"id": "786692483", "price": 878.87, "amount": 0.04, "side": "buy", "timestamp": 1765756421385}, {"id": "786692484", "price": 878.88, "amount": 0.18, "side": "buy", "timestamp": 1765756421385}, {"id": "786692485", "price": 878.89, "amount": 0.03, "side": "buy", "timestamp": 1765756421385}, {"id": "786692486", "price": 878.89, "amount": 0.06, "side": "sell", "timestamp": 1765756421968}, {"id": "786692487", "price": 878.89, "amount": 0.12, "side": "sell", "timestamp": 1765756422094}, {"id": "786692488", "price": 878.89, "amount": 6.35, "side": "sell", "timestamp": 1765756422886}, {"id": "786692489", "price": 878.88, "amount": 0.02, "side": "sell", "timestamp": 1765756422893}, {"id": "786692490", "price": 878.85, "amount": 6.17, "side": "sell", "timestamp": 1765756422992}, {"id": "786692491", "price": 878.83, "amount": 0.63, "side": "sell", "timestamp": 1765756422993}, {"id": "786692492", "price": 878.82, "amount": 0.03, "side": "sell", "timestamp": 1765756422997}, {"id": "786692493", "price": 878.81, "amount": 0.02, "side": "sell", "timestamp": 1765756422997}, {"id": "786692494", "price": 878.8, "amount": 0.03, "side": "sell", "timestamp": 1765756423000}, {"id": "786692495", "price": 878.79, "amount": 0.01, "side": "sell", "timestamp": 1765756423147}, {"id": "786692496", "price": 878.79, "amount": 0.01, "side": "sell", "timestamp": 1765756424163}, {"id": "786692497", "price": 878.79, "amount": 0.01, "side": "sell", "timestamp": 1765756424282}, {"id": "786692498", "price": 878.79, "amount": 0.61, "side": "sell", "timestamp": 1765756424757}, {"id": "786692499", "price": 878.79, "amount": 0.12, "side": "sell", "timestamp": 1765756425085}, {"id": "786692500", "price": 878.8, "amount": 0.2, "side": "buy", "timestamp": 1765756425853}, {"id": "786692501", "price": 878.79, "amount": 0.01, "side": "sell", "timestamp": 1765756426069}, {"id": "786692502", "price": 878.79, "amount": 0.04, "side": "sell", "timestamp": 1765756426566}, {"id": "786692503", "price": 878.79, "amount": 0.01, "side": "sell", "timestamp": 1765756427159}, {"id": "786692504", "price": 878.79, "amount": 1.14, "side": "sell", "timestamp": 1765756428010}, {"id": "786692505", "price": 878.78, "amount": 0.02, "side": "sell", "timestamp": 1765756428053}, {"id": "786692506", "price": 878.77, "amount": 0.01, "side": "sell", "timestamp": 1765756428053}, {"id": "786692507", "price": 878.75, "amount": 0.11, "side": "sell", "timestamp": 1765756428212}, {"id": "786692508", "price": 878.75, "amount": 0.02, "side": "sell", "timestamp": 1765756428487}, {"id": "786692509", "price": 878.74, "amount": 0.06, "side": "sell", "timestamp": 1765756428489}, {"id": "786692510", "price": 878.73, "amount": 0.03, "side": "sell", "timestamp": 1765756428550}, {"id": "786692511", "price": 878.72, "amount": 0.01, "side": "sell", "timestamp": 1765756428550}, {"id": "786692512", "price": 878.71, "amount": 0.02, "side": "sell", "timestamp": 1765756428550}, {"id": "786692513", "price": 878.7, "amount": 0.15, "side": "sell", "timestamp": 1765756428550}, {"id": "786692514", "price": 878.68, "amount": 0.03, "side": "sell", "timestamp": 1765756428550}, {"id": "786692515", "price": 878.67, "amount": 0.02, "side": "sell", "timestamp": 1765756428647}, {"id": "786692516", "price": 878.67, "amount": 0.01, "side": "sell", "timestamp": 1765756429134}, {"id": "786692517", "price": 878.68, "amount": 0.02, "side": "buy", "timestamp": 1765756429454}, {"id": "786692518", "price": 878.67, "amount": 0.01, "side": "sell", "timestamp": 1765756430174}, {"id": "786692519", "price": 878.67, "amount": 0.01, "side": "sell", "timestamp": 1765756430457}, {"id": "786692520", "price": 878.67, "amount": 0.31, "side": "sell", "timestamp": 1765756430635}, {"id": "786692521", "price": 878.67, "amount": 0.11, "side": "sell", "timestamp": 1765756431070}, {"id": "786692522", "price": 878.67, "amount": 0.01, "side": "sell", "timestamp": 1765756431203}, {"id": "786692523", "price": 878.67, "amount": 0.01, "side": "sell", "timestamp": 1765756432022}, {"id": "786692524", "price": 878.67, "amount": 0.01, "side": "sell", "timestamp": 1765756433089}, {"id": "786692525", "price": 878.67, "amount": 1.76, "side": "sell", "timestamp": 1765756433488}, {"id": "786692526", "price": 878.66, "amount": 0.02, "side": "sell", "timestamp": 1765756433491}, {"id": "786692527", "price": 878.64, "amount": 0.01, "side": "sell", "timestamp": 1765756433597}, {"id": "786692528", "price": 878.63, "amount": 0.02, "side": "sell", "timestamp": 1765756433600}, {"id": "786692529", "price": 878.62, "amount": 0.01, "side": "sell", "timestamp": 1765756433600}, {"id": "786692530", "price": 878.61, "amount": 0.01, "side": "sell", "timestamp": 1765756433600}, {"id": "786692531", "price": 878.6, "amount": 0.03, "side": "sell", "timestamp": 1765756433663}, {"id": "786692532", "price": 878.6, "amount": 0.12, "side": "sell", "timestamp": 1765756434104}, {"id": "786692704", "price": 878.64, "amount": 0.02, "side": "sell", "timestamp": 1765756475077}, {"id": "786692705", "price": 878.65, "amount": 0.29, "side": "buy", "timestamp": 1765756475163}, {"id": "786692706", "price": 878.64, "amount": 0.01, "side": "sell", "timestamp": 1765756475695}, {"id": "786692707", "price": 878.65, "amount": 11.08, "side": "buy", "timestamp": 1765756475852}, {"id": "786692708", "price": 878.68, "amount": 0.01, "side": "buy", "timestamp": 1765756475947}, {"id": "786692709", "price": 878.7, "amount": 0.04, "side": "buy", "timestamp": 1765756475979}, {"id": "786692710", "price": 878.69, "amount": 0.12, "side": "sell", "timestamp": 1765756476086}, {"id": "786692711", "price": 878.7, "amount": 2.66, "side": "buy", "timestamp": 1765756476280}, {"id": "786692712", "price": 878.7, "amount": 10.24, "side": "buy", "timestamp": 1765756476491}, {"id": "786692713", "price": 878.7, "amount": 0.26, "side": "buy", "timestamp": 1765756476867}, {"id": "786692714", "price": 878.69, "amount": 0.01, "side": "sell", "timestamp": 1765756476875}, {"id": "786692715", "price": 878.69, "amount": 2.24, "side": "sell", "timestamp": 1765756477130}, {"id": "786692716", "price": 878.68, "amount": 0.02, "side": "sell", "timestamp": 1765756477250}, {"id": "786692717", "price": 878.67, "amount": 0.02, "side": "sell", "timestamp": 1765756477258}, {"id": "786692718", "price": 878.65, "amount": 7.04, "side": "sell", "timestamp": 1765756477287}, {"id": "786692719", "price": 878.64, "amount": 0.14, "side": "sell", "timestamp": 1765756477572}, {"id": "786692720", "price": 878.63, "amount": 1.37, "side": "buy", "timestamp": 1765756477610}, {"id": "786692721", "price": 878.61, "amount": 0.01, "side": "sell", "timestamp": 1765756477620}, {"id": "786692722", "price": 878.6, "amount": 0.05, "side": "sell", "timestamp": 1765756478180}, {"id": "786692723", "price": 878.6, "amount": 0.12, "side": "sell", "timestamp": 1765756479011}, {"id": "786692724", "price": 878.6, "amount": 0.09, "side": "sell", "timestamp": 1765756479205}, {"id": "786692725", "price": 878.6, "amount": 0.01, "side": "sell", "timestamp": 1765756479498}, {"id": "786692726", "price": 878.6, "amount": 7.68, "side": "sell", "timestamp": 1765756479722}, {"id": "786692727", "price": 878.59, "amount": 0.02, "side": "sell", "timestamp": 1765756479723}, {"id": "786692728", "price": 878.58, "amount": 0.01, "side": "sell", "timestamp": 1765756479723}, {"id": "786692729", "price": 878.56, "amount": 0.01, "side": "sell", "timestamp": 1765756479723}, {"id": "786692730", "price": 878.55, "amount": 0.05, "side": "sell", "timestamp": 1765756479723}, {"id": "786692731", "price": 878.54, "amount": 1.53, "side": "sell", "timestamp": 1765756479723}, {"id": "786692732", "price": 878.53, "amount": 7.37, "side": "sell", "timestamp": 1765756479727}, {"id": "786692733", "price": 878.52, "amount": 0.01, "side": "sell", "timestamp": 1765756479758}, {"id": "786692734", "price": 878.51, "amount": 0.01, "side": "sell", "timestamp": 1765756480097}, {"id": "786692735", "price": 878.51, "amount": 0.01, "side": "sell", "timestamp": 1765756481107}, {"id": "786692736", "price": 878.51, "amount": 2.94, "side": "sell", "timestamp": 1765756482065}, {"id": "786692737", "price": 878.51, "amount": 0.01, "side": "sell", "timestamp": 1765756483099}, {"id": "786692738", "price": 878.51, "amount": 0.09, "side": "sell", "timestamp": 1765756483440}, {"id": "786692739", "price": 878.51, "amount": 0.01, "side": "sell", "timestamp": 1765756484175}, {"id": "786692740", "price": 878.51, "amount": 0.06, "side": "sell", "timestamp": 1765756484653}, {"id": "786692741", "price": 878.51, "amount": 0.01, "side": "sell", "timestamp": 1765756485005}, {"id": "786692742", "price": 878.51, "amount": 0.11, "side": "sell", "timestamp": 1765756485132}, {"id": "786692743", "price": 878.52, "amount": 0.03, "side": "buy", "timestamp": 1765756485267}, {"id": "786692744", "price": 878.51, "amount": 0.04, "side": "sell", "timestamp": 1765756485657}, {"id": "786692745", "price": 878.51, "amount": 0.01, "side": "sell", "timestamp": 1765756486195}, {"id": "786692746", "price": 878.51, "amount": 0.01, "side": "sell", "timestamp": 1765756487009}, {"id": "786692747", "price": 878.51, "amount": 0.23, "side": "sell", "timestamp": 1765756487354}, {"id": "786692748", "price": 878.51, "amount": 0.08, "side": "sell", "timestamp": 1765756487675}, {"id": "786692749", "price": 878.51, "amount": 0.01, "side": "sell", "timestamp": 1765756488070}, {"id": "786692750", "price": 878.52, "amount": 10.62, "side": "buy", "timestamp": 1765756488182}, {"id": "786692751", "price": 878.51, "amount": 0.11, "side": "sell", "timestamp": 1765756488201}, {"id": "786692752", "price": 878.52, "amount": 0.34, "side": "buy", "timestamp": 1765756488885}, {"id": "786692753", "price": 878.51, "amount": 0.01, "side": "sell", "timestamp": 1765756489080}, {"id": "786692929", "price": 878.12, "amount": 0.02, "side": "buy", "timestamp": 1765756528844}, {"id": "786692930", "price": 878.14, "amount": 1.03, "side": "buy", "timestamp": 1765756528859}, {"id": "786692931", "price": 878.16, "amount": 0.02, "side": "buy", "timestamp": 1765756528879}, {"id": "786692932", "price": 878.17, "amount": 0.02, "side": "buy", "timestamp": 1765756528879}, {"id": "786692933", "price": 878.19, "amount": 0.05, "side": "buy", "timestamp": 1765756528901}, {"id": "786692934", "price": 878.2, "amount": 0.03, "side": "buy", "timestamp": 1765756528948}, {"id": "786692935", "price": 878.21, "amount": 0.12, "side": "buy", "timestamp": 1765756528958}, {"id": "786692936", "price": 878.22, "amount": 0.02, "side": "buy", "timestamp": 1765756528973}, {"id": "786692937", "price": 878.23, "amount": 0.14, "side": "buy", "timestamp": 1765756528973}, {"id": "786692938", "price": 878.24, "amount": 0.12, "side": "buy", "timestamp": 1765756529025}, {"id": "786692939", "price": 878.25, "amount": 0.11, "side": "buy", "timestamp": 1765756529030}, {"id": "786692940", "price": 878.26, "amount": 0.03, "side": "buy", "timestamp": 1765756529030}, {"id": "786692941", "price": 878.27, "amount": 0.01, "side": "buy", "timestamp": 1765756529043}, {"id": "786692942", "price": 878.28, "amount": 0.04, "side": "buy", "timestamp": 1765756529043}, {"id": "786692943", "price": 878.29, "amount": 0.02, "side": "buy", "timestamp": 1765756529056}, {"id": "786692944", "price": 878.3, "amount": 0.01, "side": "buy", "timestamp": 1765756529057}, {"id": "786692945", "price": 878.31, "amount": 0.04, "side": "buy", "timestamp": 1765756529057}, {"id": "786692946", "price": 878.32, "amount": 0.04, "side": "buy", "timestamp": 1765756529081}, {"id": "786692947", "price": 878.33, "amount": 0.03, "side": "buy", "timestamp": 1765756529110}, {"id": "786692948", "price": 878.34, "amount": 0.02, "side": "buy", "timestamp": 1765756529110}, {"id": "786692949", "price": 878.36, "amount": 0.04, "side": "buy", "timestamp": 1765756529110}, {"id": "786692950", "price": 878.36, "amount": 0.02, "side": "sell", "timestamp": 1765756529119}, {"id": "786692951", "price": 878.36, "amount": 0.27, "side": "sell", "timestamp": 1765756529224}, {"id": "786692952", "price": 878.36, "amount": 0.12, "side": "sell", "timestamp": 1765756530060}, {"id": "786692953", "price": 878.36, "amount": 0.01, "side": "sell", "timestamp": 1765756531059}, {"id": "786692954", "price": 878.36, "amount": 0.05, "side": "sell", "timestamp": 1765756531245}, {"id": "786692955", "price": 878.36, "amount": 0.01, "side": "sell", "timestamp": 1765756532088}, {"id": "786692956", "price": 878.36, "amount": 0.02, "side": "sell", "timestamp": 1765756532257}, {"id": "786692957", "price": 878.36, "amount": 0.12, "side": "sell", "timestamp": 1765756533087}, {"id": "786692958", "price": 878.37, "amount": 3.09, "side": "buy", "timestamp": 1765756533631}, {"id": "786692959", "price": 878.38, "amount": 0.01, "side": "buy", "timestamp": 1765756533652}, {"id": "786692960", "price": 878.4, "amount": 0.04, "side": "buy", "timestamp": 1765756533652}, {"id": "786692961", "price": 878.43, "amount": 0.08, "side": "buy", "timestamp": 1765756533662}, {"id": "786692962", "price": 878.44, "amount": 0.03, "side": "buy", "timestamp": 1765756533662}, {"id": "786692963", "price": 878.44, "amount": 0.01, "side": "sell", "timestamp": 1765756534162}, {"id": "786692964", "price": 878.45, "amount": 0.09, "side": "buy", "timestamp": 1765756534677}, {"id": "786692965", "price": 878.44, "amount": 0.09, "side": "sell", "timestamp": 1765756535130}, {"id": "786692966", "price": 878.44, "amount": 0.12, "side": "sell", "timestamp": 1765756536029}, {"id": "786692967", "price": 878.44, "amount": 0.01, "side": "sell", "timestamp": 1765756537038}, {"id": "786692968", "price": 878.44, "amount": 0.06, "side": "sell", "timestamp": 1765756538009}, {"id": "786692969", "price": 878.44, "amount": 0.12, "side": "sell", "timestamp": 1765756539143}, {"id": "786692970", "price": 878.45, "amount": 0.04, "side": "buy", "timestamp": 1765756539357}, {"id": "786692971", "price": 878.44, "amount": 0.01, "side": "sell", "timestamp": 1765756540013}, {"id": "786692972", "price": 878.44, "amount": 0.01, "side": "sell", "timestamp": 1765756541058}, {"id": "786692973", "price": 878.44, "amount": 0.12, "side": "sell", "timestamp": 1765756542106}, {"id": "786692974", "price": 878.44, "amount": 7.3, "side": "sell", "timestamp": 1765756542528}, {"id": "786692975", "price": 878.43, "amount": 0.06, "side": "sell", "timestamp": 1765756542532}, {"id": "786692976", "price": 878.42, "amount": 0.01, "side": "sell", "timestamp": 1765756543125}, {"id": "786692977", "price": 878.42, "amount": 0.71, "side": "sell", "timestamp": 1765756543943}, {"id": "786692978", "price": 878.42, "amount": 0.01, "side": "sell", "timestamp": 1765756544195}, {"id": "786693183", "price": 878.54, "amount": 0.02, "side": "buy", "timestamp": 1765756591994}, {"id": "786693184", "price": 878.53, "amount": 0.01, "side": "sell", "timestamp": 1765756592193}, {"id": "786693185", "price": 878.53, "amount": 0.02, "side": "sell", "timestamp": 1765756592815}, {"id": "786693186", "price": 878.53, "amount": 0.11, "side": "sell", "timestamp": 1765756593097}, {"id": "786693187", "price": 878.53, "amount": 0.01, "side": "sell", "timestamp": 1765756593202}, {"id": "786693188", "price": 878.53, "amount": 0.02, "side": "sell", "timestamp": 1765756593874}, {"id": "786693189", "price": 878.53, "amount": 0.01, "side": "sell", "timestamp": 1765756594019}, {"id": "786693190", "price": 878.53, "amount": 8.75, "side": "sell", "timestamp": 1765756594223}, {"id": "786693191", "price": 878.52, "amount": 0.02, "side": "sell", "timestamp": 1765756594223}, {"id": "786693192", "price": 878.49, "amount": 0.07, "side": "sell", "timestamp": 1765756594236}, {"id": "786693193", "price": 878.48, "amount": 4.97, "side": "sell", "timestamp": 1765756594236}, {"id": "786693194", "price": 878.47, "amount": 0.01, "side": "sell", "timestamp": 1765756594279}, {"id": "786693195", "price": 878.46, "amount": 0.04, "side": "sell", "timestamp": 1765756594279}, {"id": "786693196", "price": 878.45, "amount": 0.28, "side": "sell", "timestamp": 1765756594320}, {"id": "786693197", "price": 878.44, "amount": 0.47, "side": "sell", "timestamp": 1765756594350}, {"id": "786693198", "price": 878.43, "amount": 0.08, "side": "sell", "timestamp": 1765756594350}, {"id": "786693199", "price": 878.42, "amount": 0.21, "side": "sell", "timestamp": 1765756594363}, {"id": "786693200", "price": 878.41, "amount": 0.22, "side": "sell", "timestamp": 1765756594370}, {"id": "786693201", "price": 878.4, "amount": 3.19, "side": "sell", "timestamp": 1765756594371}, {"id": "786693202", "price": 878.39, "amount": 0.01, "side": "sell", "timestamp": 1765756594498}, {"id": "786693203", "price": 878.37, "amount": 0.04, "side": "sell", "timestamp": 1765756594559}, {"id": "786693204", "price": 878.36, "amount": 1.7, "side": "sell", "timestamp": 1765756595002}, {"id": "786693205", "price": 878.34, "amount": 0.52, "side": "sell", "timestamp": 1765756595051}, {"id": "786693206", "price": 878.32, "amount": 0.31, "side": "sell", "timestamp": 1765756595067}, {"id": "786693207", "price": 878.31, "amount": 0.03, "side": "sell", "timestamp": 1765756595138}, {"id": "786693208", "price": 878.28, "amount": 0.01, "side": "sell", "timestamp": 1765756595139}, {"id": "786693209", "price": 878.27, "amount": 0.2, "side": "sell", "timestamp": 1765756595139}, {"id": "786693210", "price": 878.26, "amount": 0.1, "side": "sell", "timestamp": 1765756595144}, {"id": "786693211", "price": 878.25, "amount": 0.01, "side": "sell", "timestamp": 1765756595153}, {"id": "786693212", "price": 878.24, "amount": 0.03, "side": "sell", "timestamp": 1765756595154}, {"id": "786693213", "price": 878.22, "amount": 0.04, "side": "sell", "timestamp": 1765756595189}, {"id": "786693214", "price": 878.19, "amount": 0.03, "side": "sell", "timestamp": 1765756595238}, {"id": "786693215", "price": 878.17, "amount": 0.01, "side": "sell", "timestamp": 1765756595411}, {"id": "786693216", "price": 878.17, "amount": 0.12, "side": "sell", "timestamp": 1765756596130}, {"id": "786693217", "price": 878.17, "amount": 1.0, "side": "sell", "timestamp": 1765756596388}, {"id": "786693218", "price": 878.17, "amount": 2.27, "side": "sell", "timestamp": 1765756596692}, {"id": "786693219", "price": 878.17, "amount": 0.01, "side": "sell", "timestamp": 1765756596880}, {"id": "786693220", "price": 878.17, "amount": 0.01, "side": "sell", "timestamp": 1765756597172}, {"id": "786693221", "price": 878.18, "amount": 1.1, "side": "buy", "timestamp": 1765756597509}, {"id": "786693222", "price": 878.2, "amount": 0.02, "side": "buy", "timestamp": 1765756597513}, {"id": "786693223", "price": 878.21, "amount": 0.32, "side": "buy", "timestamp": 1765756597531}, {"id": "786693224", "price": 878.22, "amount": 0.2, "side": "buy", "timestamp": 1765756597531}, {"id": "786693225", "price": 878.24, "amount": 0.01, "side": "buy", "timestamp": 1765756597537}, {"id": "786693226", "price": 878.25, "amount": 0.03, "side": "buy", "timestamp": 1765756597537}, {"id": "786693227", "price": 878.27, "amount": 0.02, "side": "buy", "timestamp": 1765756597537}, {"id": "786693228", "price": 878.28, "amount": 0.02, "side": "buy", "timestamp": 1765756597537}, {"id": "786693229", "price": 878.28, "amount": 0.01, "side": "sell", "timestamp": 1765756598184}, {"id": "786693230", "price": 878.28, "amount": 0.11, "side": "sell", "timestamp": 1765756599074}, {"id": "786693231", "price": 878.29, "amount": 0.01, "side": "buy", "timestamp": 1765756599113}, {"id": "786693232", "price": 878.28, "amount": 0.01, "side": "sell", "timestamp": 1765756599210}, {"id": "786693476", "price": 877.79, "amount": 0.05, "side": "buy", "timestamp": 1765756645296}, {"id": "786693477", "price": 877.8, "amount": 2.35, "side": "buy", "timestamp": 1765756645304}, {"id": "786693478", "price": 877.81, "amount": 0.99, "side": "buy", "timestamp": 1765756646515}, {"id": "786693479", "price": 877.82, "amount": 0.11, "side": "sell", "timestamp": 1765756646577}, {"id": "786693480", "price": 877.83, "amount": 0.08, "side": "buy", "timestamp": 1765756646622}, {"id": "786693481", "price": 877.84, "amount": 0.01, "side": "buy", "timestamp": 1765756646626}, {"id": "786693482", "price": 877.86, "amount": 0.01, "side": "buy", "timestamp": 1765756646626}, {"id": "786693483", "price": 877.88, "amount": 0.01, "side": "buy", "timestamp": 1765756646626}, {"id": "786693484", "price": 877.88, "amount": 0.01, "side": "sell", "timestamp": 1765756646783}, {"id": "786693485", "price": 877.88, "amount": 0.01, "side": "sell", "timestamp": 1765756647009}, {"id": "786693486", "price": 877.89, "amount": 0.08, "side": "buy", "timestamp": 1765756647147}, {"id": "786693487", "price": 877.9, "amount": 0.02, "side": "buy", "timestamp": 1765756647147}, {"id": "786693488", "price": 877.92, "amount": 0.03, "side": "buy", "timestamp": 1765756647147}, {"id": "786693489", "price": 877.93, "amount": 0.02, "side": "buy", "timestamp": 1765756647147}, {"id": "786693490", "price": 877.95, "amount": 0.03, "side": "buy", "timestamp": 1765756647147}, {"id": "786693491", "price": 877.96, "amount": 0.1, "side": "buy", "timestamp": 1765756647331}, {"id": "786693492", "price": 877.95, "amount": 0.35, "side": "sell", "timestamp": 1765756647600}, {"id": "786693493", "price": 877.95, "amount": 0.03, "side": "sell", "timestamp": 1765756648026}, {"id": "786693494", "price": 877.95, "amount": 0.12, "side": "sell", "timestamp": 1765756649124}, {"id": "786693495", "price": 877.95, "amount": 0.2, "side": "sell", "timestamp": 1765756649420}, {"id": "786693496", "price": 877.95, "amount": 0.06, "side": "sell", "timestamp": 1765756649911}, {"id": "786693497", "price": 877.95, "amount": 0.01, "side": "sell", "timestamp": 1765756650144}, {"id": "786693498", "price": 877.96, "amount": 4.9, "side": "buy", "timestamp": 1765756650188}, {"id": "786693499", "price": 877.97, "amount": 0.02, "side": "buy", "timestamp": 1765756650201}, {"id": "786693500", "price": 877.98, "amount": 0.01, "side": "buy", "timestamp": 1765756650201}, {"id": "786693501", "price": 877.98, "amount": 0.01, "side": "sell", "timestamp": 1765756650490}, {"id": "786693502", "price": 877.98, "amount": 0.01, "side": "sell", "timestamp": 1765756651161}, {"id": "786693503", "price": 877.99, "amount": 0.07, "side": "buy", "timestamp": 1765756651180}, {"id": "786693504", "price": 877.98, "amount": 0.96, "side": "sell", "timestamp": 1765756651249}, {"id": "786693505", "price": 877.98, "amount": 0.09, "side": "sell", "timestamp": 1765756651674}, {"id": "786693506", "price": 877.98, "amount": 1.0, "side": "sell", "timestamp": 1765756652009}, {"id": "786693507", "price": 877.98, "amount": 0.12, "side": "sell", "timestamp": 1765756652173}, {"id": "786693508", "price": 877.99, "amount": 2.05, "side": "buy", "timestamp": 1765756652984}, {"id": "786693509", "price": 878.0, "amount": 1.04, "side": "buy", "timestamp": 1765756652985}, {"id": "786693510", "price": 878.01, "amount": 0.09, "side": "buy", "timestamp": 1765756653003}, {"id": "786693511", "price": 878.02, "amount": 0.04, "side": "buy", "timestamp": 1765756653010}, {"id": "786693512", "price": 878.03, "amount": 12.0, "side": "sell", "timestamp": 1765756653117}, {"id": "786693513", "price": 878.02, "amount": 0.03, "side": "sell", "timestamp": 1765756653126}, {"id": "786693514", "price": 878.0, "amount": 0.01, "side": "sell", "timestamp": 1765756653232}, {"id": "786693515", "price": 878.0, "amount": 0.01, "side": "sell", "timestamp": 1765756653468}, {"id": "786693516", "price": 878.0, "amount": 0.02, "side": "sell", "timestamp": 1765756653584}, {"id": "786693517", "price": 878.0, "amount": 0.02, "side": "sell", "timestamp": 1765756653691}, {"id": "786693518", "price": 878.0, "amount": 0.01, "side": "sell", "timestamp": 1765756654054}, {"id": "786693519", "price": 878.0, "amount": 1.85, "side": "sell", "timestamp": 1765756654333}, {"id": "786693520", "price": 877.99, "amount": 1.89, "side": "sell", "timestamp": 1765756654333}, {"id": "786693521", "price": 877.98, "amount": 1.73, "side": "sell", "timestamp": 1765756654335}, {"id": "786693522", "price": 877.96, "amount": 0.12, "side": "sell", "timestamp": 1765756654460}, {"id": "786693523", "price": 877.95, "amount": 0.56, "side": "sell", "timestamp": 1765756654471}, {"id": "786693524", "price": 877.93, "amount": 0.03, "side": "sell", "timestamp": 1765756654478}, {"id": "786693525", "price": 877.92, "amount": 0.02, "side": "sell", "timestamp": 1765756654478}, {"id": "786693672", "price": 877.62, "amount": 0.03, "side": "sell", "timestamp": 1765756693572}, {"id": "786693673", "price": 877.62, "amount": 0.01, "side": "sell", "timestamp": 1765756694022}, {"id": "786693674", "price": 877.62, "amount": 0.01, "side": "sell", "timestamp": 1765756695037}, {"id": "786693675", "price": 877.62, "amount": 0.11, "side": "sell", "timestamp": 1765756695138}, {"id": "786693676", "price": 877.62, "amount": 0.01, "side": "sell", "timestamp": 1765756695377}, {"id": "786693677", "price": 877.62, "amount": 0.01, "side": "sell", "timestamp": 1765756696067}, {"id": "786693678", "price": 877.62, "amount": 0.01, "side": "sell", "timestamp": 1765756697095}, {"id": "786693679", "price": 877.62, "amount": 0.01, "side": "sell", "timestamp": 1765756697456}, {"id": "786693680", "price": 877.62, "amount": 0.12, "side": "sell", "timestamp": 1765756698104}, {"id": "786693681", "price": 877.62, "amount": 0.01, "side": "sell", "timestamp": 1765756698819}, {"id": "786693682", "price": 877.62, "amount": 0.36, "side": "sell", "timestamp": 1765756698944}, {"id": "786693683", "price": 877.62, "amount": 0.01, "side": "sell", "timestamp": 1765756699113}, {"id": "786693684", "price": 877.62, "amount": 0.09, "side": "sell", "timestamp": 1765756699420}, {"id": "786693685", "price": 877.63, "amount": 3.12, "side": "buy", "timestamp": 1765756699587}, {"id": "786693686", "price": 877.64, "amount": 0.04, "side": "buy", "timestamp": 1765756699616}, {"id": "786693687", "price": 877.65, "amount": 0.02, "side": "buy", "timestamp": 1765756699616}, {"id": "786693688", "price": 877.67, "amount": 0.18, "side": "buy", "timestamp": 1765756699738}, {"id": "786693689", "price": 877.68, "amount": 0.02, "side": "buy", "timestamp": 1765756699777}, {"id": "786693690", "price": 877.7, "amount": 0.02, "side": "buy", "timestamp": 1765756699777}, {"id": "786693691", "price": 877.71, "amount": 0.01, "side": "buy", "timestamp": 1765756699777}, {"id": "786693692", "price": 877.72, "amount": 0.02, "side": "buy", "timestamp": 1765756699851}, {"id": "786693693", "price": 877.71, "amount": 0.01, "side": "sell", "timestamp": 1765756700123}, {"id": "786693694", "price": 877.71, "amount": 0.04, "side": "sell", "timestamp": 1765756700269}, {"id": "786693695", "price": 877.71, "amount": 0.12, "side": "sell", "timestamp": 1765756701140}, {"id": "786693696", "price": 877.71, "amount": 2.1, "side": "sell", "timestamp": 1765756701706}, {"id": "786693697", "price": 877.71, "amount": 0.01, "side": "sell", "timestamp": 1765756702048}, {"id": "786693698", "price": 877.71, "amount": 0.03, "side": "sell", "timestamp": 1765756702157}, {"id": "786693699", "price": 877.72, "amount": 0.6, "side": "buy", "timestamp": 1765756702869}, {"id": "786693700", "price": 877.73, "amount": 0.09, "side": "buy", "timestamp": 1765756702869}, {"id": "786693701", "price": 877.74, "amount": 0.07, "side": "buy", "timestamp": 1765756702869}, {"id": "786693702", "price": 877.76, "amount": 0.37, "side": "buy", "timestamp": 1765756702869}, {"id": "786693703", "price": 877.77, "amount": 0.14, "side": "buy", "timestamp": 1765756702869}, {"id": "786693704", "price": 877.78, "amount": 0.56, "side": "buy", "timestamp": 1765756702869}, {"id": "786693705", "price": 877.79, "amount": 1.75, "side": "buy", "timestamp": 1765756702869}, {"id": "786693706", "price": 877.8, "amount": 1.05, "side": "buy", "timestamp": 1765756702869}, {"id": "786693707", "price": 877.81, "amount": 1.06, "side": "buy", "timestamp": 1765756702869}, {"id": "786693708", "price": 877.8, "amount": 20.62, "side": "sell", "timestamp": 1765756702877}, {"id": "786693709", "price": 877.74, "amount": 0.01, "side": "sell", "timestamp": 1765756703166}, {"id": "786693710", "price": 877.74, "amount": 0.12, "side": "sell", "timestamp": 1765756704062}, {"id": "786693711", "price": 877.74, "amount": 0.12, "side": "sell", "timestamp": 1765756704190}, {"id": "786693712", "price": 877.74, "amount": 0.13, "side": "sell", "timestamp": 1765756704377}, {"id": "786693713", "price": 877.73, "amount": 0.01, "side": "sell", "timestamp": 1765756705213}, {"id": "786693714", "price": 877.74, "amount": 0.04, "side": "buy", "timestamp": 1765756705305}, {"id": "786693715", "price": 877.73, "amount": 0.01, "side": "sell", "timestamp": 1765756706047}, {"id": "786693716", "price": 877.73, "amount": 0.12, "side": "sell", "timestamp": 1765756707031}, {"id": "786693717", "price": 877.73, "amount": 0.02, "side": "sell", "timestamp": 1765756707266}, {"id": "786693718", "price": 877.73, "amount": 0.01, "side": "sell", "timestamp": 1765756708135}, {"id": "786693719", "price": 877.74, "amount": 0.75, "side": "buy", "timestamp": 1765756708500}, {"id": "786693720", "price": 877.73, "amount": 0.01, "side": "sell", "timestamp": 1765756709163}, {"id": "786693721", "price": 877.73, "amount": 0.01, "side": "sell", "timestamp": 1765756709324}, {"id": "786693824", "price": 877.68, "amount": 12.73, "side": "buy", "timestamp": 1765756748090}, {"id": "786693825", "price": 877.69, "amount": 4.63, "side": "buy", "timestamp": 1765756748090}, {"id": "786693826", "price": 877.7, "amount": 0.37, "side": "buy", "timestamp": 1765756748090}, {"id": "786693827", "price": 877.71, "amount": 2.81, "side": "buy", "timestamp": 1765756748090}, {"id": "786693828", "price": 877.72, "amount": 5.39, "side": "buy", "timestamp": 1765756748090}, {"id": "786693829", "price": 877.72, "amount": 0.12, "side": "sell", "timestamp": 1765756748192}, {"id": "786693830", "price": 877.72, "amount": 0.78, "side": "sell", "timestamp": 1765756748561}, {"id": "786693831", "price": 877.72, "amount": 0.06, "side": "sell", "timestamp": 1765756748954}, {"id": "786693832", "price": 877.72, "amount": 8.67, "side": "sell", "timestamp": 1765756749242}, {"id": "786693833", "price": 877.72, "amount": 0.01, "side": "sell", "timestamp": 1765756749571}, {"id": "786693834", "price": 877.72, "amount": 0.01, "side": "sell", "timestamp": 1765756749822}, {"id": "786693835", "price": 877.72, "amount": 0.01, "side": "sell", "timestamp": 1765756750080}, {"id": "786693836", "price": 877.72, "amount": 0.12, "side": "sell", "timestamp": 1765756751038}, {"id": "786693837", "price": 877.73, "amount": 1.3, "side": "buy", "timestamp": 1765756751926}, {"id": "786693838", "price": 877.74, "amount": 0.02, "side": "buy", "timestamp": 1765756751926}, {"id": "786693839", "price": 877.75, "amount": 0.01, "side": "sell", "timestamp": 1765756752204}, {"id": "786693840", "price": 877.75, "amount": 0.03, "side": "sell", "timestamp": 1765756752802}, {"id": "786693841", "price": 877.75, "amount": 0.01, "side": "sell", "timestamp": 1765756753113}, {"id": "786693842", "price": 877.75, "amount": 0.01, "side": "sell", "timestamp": 1765756753402}, {"id": "786693843", "price": 877.75, "amount": 0.12, "side": "sell", "timestamp": 1765756754083}, {"id": "786693844", "price": 877.75, "amount": 3.04, "side": "sell", "timestamp": 1765756754286}, {"id": "786693845", "price": 877.76, "amount": 0.12, "side": "buy", "timestamp": 1765756754595}, {"id": "786693846", "price": 877.75, "amount": 0.01, "side": "sell", "timestamp": 1765756755195}, {"id": "786693847", "price": 877.75, "amount": 0.03, "side": "sell", "timestamp": 1765756755777}, {"id": "786693848", "price": 877.75, "amount": 0.02, "side": "sell", "timestamp": 1765756756035}, {"id": "786693849", "price": 877.76, "amount": 0.01, "side": "buy", "timestamp": 1765756756467}, {"id": "786693850", "price": 877.75, "amount": 5.0, "side": "sell", "timestamp": 1765756756735}, {"id": "786693851", "price": 877.75, "amount": 0.12, "side": "sell", "timestamp": 1765756757114}, {"id": "786693852", "price": 877.75, "amount": 0.08, "side": "sell", "timestamp": 1765756757482}, {"id": "786693853", "price": 877.75, "amount": 0.05, "side": "sell", "timestamp": 1765756757637}, {"id": "786693854", "price": 877.76, "amount": 0.21, "side": "buy", "timestamp": 1765756757999}, {"id": "786693855", "price": 877.75, "amount": 0.01, "side": "sell", "timestamp": 1765756758010}, {"id": "786693856", "price": 877.75, "amount": 0.01, "side": "sell", "timestamp": 1765756759048}, {"id": "786693857", "price": 877.75, "amount": 0.01, "side": "sell", "timestamp": 1765756759642}, {"id": "786693858", "price": 877.75, "amount": 0.12, "side": "sell", "timestamp": 1765756760118}, {"id": "786693859", "price": 877.76, "amount": 0.12, "side": "buy", "timestamp": 1765756760441}, {"id": "786693860", "price": 877.75, "amount": 0.01, "side": "sell", "timestamp": 1765756760969}, {"id": "786693861", "price": 877.75, "amount": 0.03, "side": "sell", "timestamp": 1765756761203}, {"id": "786693862", "price": 877.75, "amount": 0.01, "side": "sell", "timestamp": 1765756762043}, {"id": "786693863", "price": 877.75, "amount": 0.05, "side": "sell", "timestamp": 1765756762327}, {"id": "786693864", "price": 877.75, "amount": 0.03, "side": "sell", "timestamp": 1765756763077}, {"id": "786693865", "price": 877.75, "amount": 0.11, "side": "sell", "timestamp": 1765756763193}, {"id": "786693866", "price": 877.75, "amount": 3.3, "side": "sell", "timestamp": 1765756763564}, {"id": "786693867", "price": 877.74, "amount": 0.4, "side": "sell", "timestamp": 1765756763654}, {"id": "786693868", "price": 877.73, "amount": 0.99, "side": "sell", "timestamp": 1765756763654}, {"id": "786693869", "price": 877.74, "amount": 0.01, "side": "buy", "timestamp": 1765756763692}, {"id": "786693870", "price": 877.73, "amount": 0.01, "side": "sell", "timestamp": 1765756764119}, {"id": "786693871", "price": 877.74, "amount": 0.02, "side": "buy", "timestamp": 1765756764245}, {"id": "786693872", "price": 877.73, "amount": 0.14, "side": "sell", "timestamp": 1765756764837}, {"id": "786693873", "price": 877.73, "amount": 0.18, "side": "sell", "timestamp": 1765756764950}]