[{"symbol": "ADAUSDT", "bids": [[0.3803, 74192.0], [0.3802, 144217.0], [0.3801, 292266.0], [0.38, 268542.0], [0.3799, 194385.0], [0.3798, 180779.0], [0.3797, 171929.0], [0.3796, 137667.0], [0.3795, 197117.0], [0.3794, 165252.0], [0.3793, 189463.0], [0.3792, 94604.0], [0.3791, 229372.0], [0.379, 166899.0], [0.3789, 139087.0], [0.3788, 203057.0], [0.3787, 133489.0], [0.3786, 146371.0], [0.3785, 90065.0], [0.3784, 314086.0]], "asks": [[0.3804, 91634.0], [0.3805, 288152.0], [0.3806, 263027.0], [0.3807, 245161.0], [0.3808, 280639.0], [0.3809, 312718.0], [0.381, 276646.0], [0.3811, 199075.0], [0.3812, 185377.0], [0.3813, 147978.0], [0.3814, 203320.0], [0.3815, 276588.0], [0.3816, 247518.0], [0.3817, 131578.0], [0.3818, 188664.0], [0.3819, 102421.0], [0.382, 94914.0], [0.3821, 185751.0], [0.3822, 157709.0], [0.3823, 104900.0]], "timestamp": "2025-12-16T09:25:49.693862+00:00"}, {"symbol": "ADAUSDT", "bids": [[0.3802, 115132.0], [0.3801, 223063.0], [0.38, 293203.0], [0.3799, 215379.0], [0.3798, 161214.0], [0.3797, 186497.0], [0.3796, 156725.0], [0.3795, 103982.0], [0.3794, 211724.0], [0.3793, 156359.0], [0.3792, 160315.0], [0.3791, 232458.0], [0.379, 186301.0], [0.3789, 93597.0], [0.3788, 182080.0], [0.3787, 146832.0], [0.3786, 169568.0], [0.3785, 82820.0], [0.3784, 114951.0], [0.3783, 281097.0]], "asks": [[0.3803, 57106.0], [0.3804, 210152.0], [0.3805, 234933.0], [0.3806, 244466.0], [0.3807, 241029.0], [0.3808, 364585.0], [0.3809, 214091.0], [0.381, 301670.0], [0.3811, 188865.0], [0.3812, 249404.0], [0.3813, 124886.0], [0.3814, 217483.0], [0.3815, 261582.0], [0.3816, 209003.0], [0.3817, 162182.0], [0.3818, 199315.0], [0.3819, 107658.0], [0.382, 162200.0], [0.3821, 152547.0], [0.3822, 81717.0]], "timestamp": "2025-12-16T09:26:44.199513+00:00"}, {"symbol": "ADAUSDT", "bids": [[0.3801, 69406.0], [0.38, 194877.0], [0.3799, 287117.0], [0.3798, 185608.0], [0.3797, 115645.0], [0.3796, 141893.0], [0.3795, 238100.0], [0.3794, 183334.0], [0.3793, 239119.0], [0.3792, 103255.0], [0.3791, 122026.0], [0.379, 185619.0], [0.3789, 218615.0], [0.3788, 184838.0], [0.3787, 154950.0], [0.3786, 172475.0], [0.3785, 109728.0], [0.3784, 99190.0], [0.3783, 191029.0], [0.3782, 294238.0]], "asks": [[0.3802, 63347.0], [0.3803, 284654.0], [0.3804, 269509.0], [0.3805, 235417.0], [0.3806, 253280.0], [0.3807, 347028.0], [0.3808, 314736.0], [0.3809, 207012.0], [0.381, 255763.0], [0.3811, 158495.0], [0.3812, 227251.0], [0.3813, 199911.0], [0.3814, 168199.0], [0.3815, 184118.0], [0.3816, 208979.0], [0.3817, 137953.0], [0.3818, 173823.0], [0.3819, 99497.0], [0.382, 114457.0], [0.3821, 217380.0]], "timestamp": "2025-12-16T09:27:38.879949+00:00"}, {"symbol": "ADAUSDT", "bids": [[0.3802, 66679.0], [0.3801, 110350.0], [0.38, 345795.0], [0.3799, 182844.0], [0.3798, 180791.0], [0.3797, 104194.0], [0.3796, 151659.0], [0.3795, 190857.0], [0.3794, 220307.0], [0.3793, 174114.0], [0.3792, 181741.0], [0.3791, 116283.0], [0.379, 203252.0], [0.3789, 218283.0], [0.3788, 169617.0], [0.3787, 146384.0], [0.3786, 170480.0], [0.3785, 82779.0], [0.3784, 107248.0], [0.3783, 274481.0]], "asks": [[0.3803, 138304.0], [0.3804, 347388.0], [0.3805, 263519.0], [0.3806, 257412.0], [0.3807, 249362.0], [0.3808, 407147.0], [0.3809, 190963.0], [0.381, 273269.0], [0.3811, 161515.0], [0.3812, 252872.0], [0.3813, 155267.0], [0.3814, 302383.0], [0.3815, 143030.0], [0.3816, 209449.0], [0.3817, 129481.0], [0.3818, 199791.0], [0.3819, 99262.0], [0.382, 133290.0], [0.3821, 248239.0], [0.3822, 87648.0]], "timestamp": "2025-12-16T09:28:33.294912+00:00"}, {"symbol": "ADAUSDT", "bids": [[0.3802, 108329.0], [0.3801, 147217.0], [0.38, 373181.0], [0.3799, 189138.0], [0.3798, 253516.0], [0.3797, 157280.0], [0.3796, 196806.0], [0.3795, 112218.0], [0.3794, 221024.0], [0.3793, 165662.0], [0.3792, 120847.0], [0.3791, 242484.0], [0.379, 187443.0], [0.3789, 92034.0], [0.3788, 169603.0], [0.3787, 146384.0], [0.3786, 170480.0], [0.3785, 116239.0], [0.3784, 185264.0], [0.3783, 179843.0]], "asks": [[0.3803, 37311.0], [0.3804, 224690.0], [0.3805, 231598.0], [0.3806, 220612.0], [0.3807, 250397.0], [0.3808, 344121.0], [0.3809, 265286.0], [0.381, 286164.0], [0.3811, 178673.0], [0.3812, 257841.0], [0.3813, 149791.0], [0.3814, 343310.0], [0.3815, 131482.0], [0.3816, 202530.0], [0.3817, 145882.0], [0.3818, 200411.0], [0.3819, 99278.0], [0.382, 133175.0], [0.3821, 248159.0], [0.3822, 87970.0]], "timestamp": "2025-12-16T09:29:27.321645+00:00"}, {"symbol": "ADAUSDT", "bids": [[0.3805, 56920.0], [0.3804, 256068.0], [0.3803, 286163.0], [0.3802, 271979.0], [0.3801, 155266.0], [0.38, 220137.0], [0.3799, 152864.0], [0.3798, 209871.0], [0.3797, 105816.0], [0.3796, 200124.0], [0.3795, 99450.0], [0.3794, 133379.0], [0.3793, 179225.0], [0.3792, 242825.0], [0.3791, 103436.0], [0.379, 131744.0], [0.3789, 106375.0], [0.3788, 174640.0], [0.3787, 144487.0], [0.3786, 155560.0]], "asks": [[0.3806, 75514.0], [0.3807, 282726.0], [0.3808, 251999.0], [0.3809, 186294.0], [0.381, 234826.0], [0.3811, 243560.0], [0.3812, 242318.0], [0.3813, 173922.0], [0.3814, 190915.0], [0.3815, 197856.0], [0.3816, 243833.0], [0.3817, 226812.0], [0.3818, 224135.0], [0.3819, 123065.0], [0.382, 135052.0], [0.3821, 132958.0], [0.3822, 104959.0], [0.3823, 123184.0], [0.3824, 128160.0], [0.3825, 236803.0]], "timestamp": "2025-12-16T09:30:21.081502+00:00"}, {"symbol": "ADAUSDT", "bids": [[0.3805, 110210.0], [0.3804, 185116.0], [0.3803, 305571.0], [0.3802, 187998.0], [0.3801, 192388.0], [0.38, 240749.0], [0.3799, 174608.0], [0.3798, 210436.0], [0.3797, 116429.0], [0.3796, 263406.0], [0.3795, 121017.0], [0.3794, 151076.0], [0.3793, 287601.0], [0.3792, 116706.0], [0.3791, 160822.0], [0.379, 131085.0], [0.3789, 122776.0], [0.3788, 215288.0], [0.3787, 141807.0], [0.3786, 236668.0]], "asks": [[0.3806, 68053.0], [0.3807, 283784.0], [0.3808, 254365.0], [0.3809, 228066.0], [0.381, 256058.0], [0.3811, 313980.0], [0.3812, 235551.0], [0.3813, 222831.0], [0.3814, 326377.0], [0.3815, 168054.0], [0.3816, 243971.0], [0.3817, 240875.0], [0.3818, 223140.0], [0.3819, 132296.0], [0.382, 173288.0], [0.3821, 175836.0], [0.3822, 133987.0], [0.3823, 136747.0], [0.3824, 123385.0], [0.3825, 236798.0]], "timestamp": "2025-12-16T09:31:15.252011+00:00"}, {"symbol": "ADAUSDT", "bids": [[0.3808, 193160.0], [0.3807, 227542.0], [0.3806, 281234.0], [0.3805, 222819.0], [0.3804, 258064.0], [0.3803, 199373.0], [0.3802, 185198.0], [0.3801, 223468.0], [0.38, 324003.0], [0.3799, 140413.0], [0.3798, 146935.0], [0.3797, 207094.0], [0.3796, 156983.0], [0.3795, 157374.0], [0.3794, 191539.0], [0.3793, 199952.0], [0.3792, 113793.0], [0.3791, 165928.0], [0.379, 111943.0], [0.3789, 125132.0]], "asks": [[0.3809, 69892.0], [0.381, 139170.0], [0.3811, 220187.0], [0.3812, 230370.0], [0.3813, 155672.0], [0.3814, 350746.0], [0.3815, 234523.0], [0.3816, 296557.0], [0.3817, 144589.0], [0.3818, 231171.0], [0.3819, 296112.0], [0.382, 184341.0], [0.3821, 225004.0], [0.3822, 163957.0], [0.3823, 168329.0], [0.3824, 194044.0], [0.3825, 144796.0], [0.3826, 146049.0], [0.3827, 247847.0], [0.3828, 124299.0]], "timestamp": "2025-12-16T09:32:09.628565+00:00"}, {"symbol": "ADAUSDT", "bids": [[0.3815, 118274.0], [0.3814, 189518.0], [0.3813, 370971.0], [0.3812, 250219.0], [0.3811, 247220.0], [0.381, 209890.0], [0.3809, 258230.0], [0.3808, 162122.0], [0.3807, 138743.0], [0.3806, 197557.0], [0.3805, 212910.0], [0.3804, 89368.0], [0.3803, 78447.0], [0.3802, 123769.0], [0.3801, 144459.0], [0.38, 296049.0], [0.3799, 149885.0], [0.3798, 112613.0], [0.3797, 155039.0], [0.3796, 264125.0]], "asks": [[0.3816, 117107.0], [0.3817, 195949.0], [0.3818, 238113.0], [0.3819, 215814.0], [0.382, 200666.0], [0.3821, 259216.0], [0.3822, 186888.0], [0.3823, 241814.0], [0.3824, 226046.0], [0.3825, 367894.0], [0.3826, 192281.0], [0.3827, 202221.0], [0.3828, 161811.0], [0.3829, 128341.0], [0.383, 201660.0], [0.3831, 178155.0], [0.3832, 264208.0], [0.3833, 119295.0], [0.3834, 250280.0], [0.3835, 160741.0]], "timestamp": "2025-12-16T09:33:03.514989+00:00"}, {"symbol": "ADAUSDT", "bids": [[0.3812, 4647.0], [0.3811, 257085.0], [0.381, 275055.0], [0.3809, 223675.0], [0.3808, 204986.0], [0.3807, 142787.0], [0.3806, 184923.0], [0.3805, 120143.0], [0.3804, 126564.0], [0.3803, 189537.0], [0.3802, 140728.0], [0.3801, 125167.0], [0.38, 334970.0], [0.3799, 137364.0], [0.3798, 189152.0], [0.3797, 115779.0], [0.3796, 220191.0], [0.3795, 116077.0], [0.3794, 305185.0], [0.3793, 168274.0]], "asks": [[0.3813, 140551.0], [0.3814, 274175.0], [0.3815, 254619.0], [0.3816, 204936.0], [0.3817, 271451.0], [0.3818, 360597.0], [0.3819, 332907.0], [0.382, 216224.0], [0.3821, 219954.0], [0.3822, 250666.0], [0.3823, 175322.0], [0.3824, 181298.0], [0.3825, 268573.0], [0.3826, 196873.0], [0.3827, 146483.0], [0.3828, 132828.0], [0.3829, 128130.0], [0.383, 206262.0], [0.3831, 102603.0], [0.3832, 265407.0]], "timestamp": "2025-12-16T09:33:57.274099+00:00"}, {"symbol": "ADAUSDT", "bids": [[0.3808, 70399.0], [0.3807, 126974.0], [0.3806, 221958.0], [0.3805, 194743.0], [0.3804, 186052.0], [0.3803, 88469.0], [0.3802, 123942.0], [0.3801, 106481.0], [0.38, 248559.0], [0.3799, 205924.0], [0.3798, 301870.0], [0.3797, 175695.0], [0.3796, 233544.0], [0.3795, 125785.0], [0.3794, 199239.0], [0.3793, 244124.0], [0.3792, 112971.0], [0.3791, 256635.0], [0.379, 297879.0], [0.3789, 301242.0]], "asks": [[0.3809, 171652.0], [0.381, 283457.0], [0.3811, 231319.0], [0.3812, 276950.0], [0.3813, 219118.0], [0.3814, 299277.0], [0.3815, 235022.0], [0.3816, 274401.0], [0.3817, 211632.0], [0.3818, 284245.0], [0.3819, 270927.0], [0.382, 175020.0], [0.3821, 234098.0], [0.3822, 169748.0], [0.3823, 110570.0], [0.3824, 264001.0], [0.3825, 137776.0], [0.3826, 108255.0], [0.3827, 158240.0], [0.3828, 164055.0]], "timestamp": "2025-12-16T09:34:51.117168+00:00"}, {"symbol": "ADAUSDT", "bids": [[0.3804, 99382.0], [0.3803, 191927.0], [0.3802, 247375.0], [0.3801, 179342.0], [0.38, 231624.0], [0.3799, 180044.0], [0.3798, 237804.0], [0.3797, 93992.0], [0.3796, 124199.0], [0.3795, 172421.0], [0.3794, 172039.0], [0.3793, 227830.0], [0.3792, 229908.0], [0.3791, 150603.0], [0.379, 146210.0], [0.3789, 207701.0], [0.3788, 165213.0], [0.3787, 159567.0], [0.3786, 146941.0], [0.3785, 137703.0]], "asks": [[0.3805, 62277.0], [0.3806, 256122.0], [0.3807, 297727.0], [0.3808, 233155.0], [0.3809, 238508.0], [0.381, 383056.0], [0.3811, 238929.0], [0.3812, 206506.0], [0.3813, 204203.0], [0.3814, 178710.0], [0.3815, 146245.0], [0.3816, 280526.0], [0.3817, 167371.0], [0.3818, 141231.0], [0.3819, 154738.0], [0.382, 169896.0], [0.3821, 126124.0], [0.3822, 211704.0], [0.3823, 135806.0], [0.3824, 224416.0]], "timestamp": "2025-12-16T09:35:45.695415+00:00"}, {"symbol": "ADAUSDT", "bids": [[0.3805, 94525.0], [0.3804, 182540.0], [0.3803, 328432.0], [0.3802, 205217.0], [0.3801, 200342.0], [0.38, 287374.0], [0.3799, 192133.0], [0.3798, 161061.0], [0.3797, 110228.0], [0.3796, 292291.0], [0.3795, 115093.0], [0.3794, 266217.0], [0.3793, 158223.0], [0.3792, 140265.0], [0.3791, 109650.0], [0.379, 136940.0], [0.3789, 176076.0], [0.3788, 186860.0], [0.3787, 187241.0], [0.3786, 156588.0]], "asks": [[0.3806, 108998.0], [0.3807, 306611.0], [0.3808, 213565.0], [0.3809, 189945.0], [0.381, 220112.0], [0.3811, 303314.0], [0.3812, 219375.0], [0.3813, 253020.0], [0.3814, 142709.0], [0.3815, 221774.0], [0.3816, 266048.0], [0.3817, 235082.0], [0.3818, 276130.0], [0.3819, 159925.0], [0.382, 177952.0], [0.3821, 158075.0], [0.3822, 159638.0], [0.3823, 152747.0], [0.3824, 289619.0], [0.3825, 150058.0]], "timestamp": "2025-12-16T09:36:39.660075+00:00"}, {"symbol": "ADAUSDT", "bids": [[0.3807, 3987.0], [0.3806, 160222.0], [0.3805, 306084.0], [0.3804, 186537.0], [0.3803, 233296.0], [0.3802, 187236.0], [0.3801, 257707.0], [0.38, 217693.0], [0.3799, 210358.0], [0.3798, 134403.0], [0.3797, 138450.0], [0.3796, 254207.0], [0.3795, 226751.0], [0.3794, 156647.0], [0.3793, 176409.0], [0.3792, 114718.0], [0.3791, 110770.0], [0.379, 135727.0], [0.3789, 170461.0], [0.3788, 264935.0]], "asks": [[0.3808, 170416.0], [0.3809, 232334.0], [0.381, 227350.0], [0.3811, 175722.0], [0.3812, 205327.0], [0.3813, 287947.0], [0.3814, 212566.0], [0.3815, 191440.0], [0.3816, 239582.0], [0.3817, 220871.0], [0.3818, 234783.0], [0.3819, 236723.0], [0.382, 158694.0], [0.3821, 192356.0], [0.3822, 187023.0], [0.3823, 159280.0], [0.3824, 238987.0], [0.3825, 148871.0], [0.3826, 117385.0], [0.3827, 244486.0]], "timestamp": "2025-12-16T09:37:33.035293+00:00"}, {"symbol": "ADAUSDT", "bids": [[0.3806, 104753.0], [0.3805, 196869.0], [0.3804, 327996.0], [0.3803, 182671.0], [0.3802, 233287.0], [0.3801, 197116.0], [0.38, 272936.0], [0.3799, 183208.0], [0.3798, 190562.0], [0.3797, 107138.0], [0.3796, 195368.0], [0.3795, 123369.0], [0.3794, 281116.0], [0.3793, 173553.0], [0.3792, 122131.0], [0.3791, 108199.0], [0.379, 111413.0], [0.3789, 182938.0], [0.3788, 182878.0], [0.3787, 256314.0]], "asks": [[0.3807, 116598.0], [0.3808, 248717.0], [0.3809, 239377.0], [0.381, 226737.0], [0.3811, 208698.0], [0.3812, 260236.0], [0.3813, 225384.0], [0.3814, 243597.0], [0.3815, 213766.0], [0.3816, 183266.0], [0.3817, 234600.0], [0.3818, 164734.0], [0.3819, 223350.0], [0.382, 159107.0], [0.3821, 178820.0], [0.3822, 169963.0], [0.3823, 166362.0], [0.3824, 231121.0], [0.3825, 148640.0], [0.3826, 117385.0]], "timestamp": "2025-12-16T09:38:26.193563+00:00"}, {"symbol": "ADAUSDT", "bids": [[0.3809, 110216.0], [0.3808, 269511.0], [0.3807, 257526.0], [0.3806, 231850.0], [0.3805, 197280.0], [0.3804, 246383.0], [0.3803, 249335.0], [0.3802, 155074.0], [0.3801, 183408.0], [0.38, 308195.0], [0.3799, 153864.0], [0.3798, 279260.0], [0.3797, 105543.0], [0.3796, 237444.0], [0.3795, 105836.0], [0.3794, 143021.0], [0.3793, 166124.0], [0.3792, 101407.0], [0.3791, 121826.0], [0.379, 111413.0]], "asks": [[0.381, 74124.0], [0.3811, 211741.0], [0.3812, 151527.0], [0.3813, 173068.0], [0.3814, 241997.0], [0.3815, 247493.0], [0.3816, 202892.0], [0.3817, 221618.0], [0.3818, 247823.0], [0.3819, 161546.0], [0.382, 243830.0], [0.3821, 214331.0], [0.3822, 286172.0], [0.3823, 127860.0], [0.3824, 263815.0], [0.3825, 175452.0], [0.3826, 115817.0], [0.3827, 266180.0], [0.3828, 100556.0], [0.3829, 194916.0]], "timestamp": "2025-12-16T09:39:19.384021+00:00"}, {"symbol": "ADAUSDT", "bids": [[0.3809, 62105.0], [0.3808, 240010.0], [0.3807, 339817.0], [0.3806, 230056.0], [0.3805, 150108.0], [0.3804, 260730.0], [0.3803, 168513.0], [0.3802, 152818.0], [0.3801, 124975.0], [0.38, 294610.0], [0.3799, 132721.0], [0.3798, 167093.0], [0.3797, 270952.0], [0.3796, 221972.0], [0.3795, 101659.0], [0.3794, 136050.0], [0.3793, 139816.0], [0.3792, 117776.0], [0.3791, 142016.0], [0.379, 222719.0]], "asks": [[0.381, 87619.0], [0.3811, 251231.0], [0.3812, 228462.0], [0.3813, 176458.0], [0.3814, 218959.0], [0.3815, 263479.0], [0.3816, 213354.0], [0.3817, 294775.0], [0.3818, 230888.0], [0.3819, 186572.0], [0.382, 229747.0], [0.3821, 185903.0], [0.3822, 278247.0], [0.3823, 133052.0], [0.3824, 271372.0], [0.3825, 185693.0], [0.3826, 166808.0], [0.3827, 163727.0], [0.3828, 105796.0], [0.3829, 208592.0]], "timestamp": "2025-12-16T09:40:13.273094+00:00"}, {"symbol": "ADAUSDT", "bids": [[0.3809, 62678.0], [0.3808, 181396.0], [0.3807, 415193.0], [0.3806, 241377.0], [0.3805, 169767.0], [0.3804, 241270.0], [0.3803, 159990.0], [0.3802, 149130.0], [0.3801, 158962.0], [0.38, 262016.0], [0.3799, 130326.0], [0.3798, 172119.0], [0.3797, 267315.0], [0.3796, 222083.0], [0.3795, 103191.0], [0.3794, 162329.0], [0.3793, 139816.0], [0.3792, 117776.0], [0.3791, 143049.0], [0.379, 220274.0]], "asks": [[0.381, 147864.0], [0.3811, 248541.0], [0.3812, 252634.0], [0.3813, 176955.0], [0.3814, 215058.0], [0.3815, 248894.0], [0.3816, 212660.0], [0.3817, 270793.0], [0.3818, 229423.0], [0.3819, 191980.0], [0.382, 223382.0], [0.3821, 185637.0], [0.3822, 284327.0], [0.3823, 136375.0], [0.3824, 271607.0], [0.3825, 178075.0], [0.3826, 166808.0], [0.3827, 170875.0], [0.3828, 105796.0], [0.3829, 209062.0]], "timestamp": "2025-12-16T09:41:06.436969+00:00"}, {"symbol": "ADAUSDT", "bids": [[0.3809, 117835.0], [0.3808, 205898.0], [0.3807, 367067.0], [0.3806, 215159.0], [0.3805, 208803.0], [0.3804, 176454.0], [0.3803, 257237.0], [0.3802, 152745.0], [0.3801, 115053.0], [0.38, 261778.0], [0.3799, 155177.0], [0.3798, 174900.0], [0.3797, 307693.0], [0.3796, 222440.0], [0.3795, 102350.0], [0.3794, 162629.0], [0.3793, 156439.0], [0.3792, 101407.0], [0.3791, 142812.0], [0.379, 220258.0]], "asks": [[0.381, 86343.0], [0.3811, 277303.0], [0.3812, 238643.0], [0.3813, 196835.0], [0.3814, 227422.0], [0.3815, 251315.0], [0.3816, 209443.0], [0.3817, 289412.0], [0.3818, 225019.0], [0.3819, 259959.0], [0.382, 172228.0], [0.3821, 159037.0], [0.3822, 284131.0], [0.3823, 146828.0], [0.3824, 271607.0], [0.3825, 178075.0], [0.3826, 140660.0], [0.3827, 181481.0], [0.3828, 176677.0], [0.3829, 208827.0]], "timestamp": "2025-12-16T09:41:58.607275+00:00"}, {"symbol": "ADAUSDT", "bids": [[0.381, 158601.0], [0.3809, 307122.0], [0.3808, 281478.0], [0.3807, 216004.0], [0.3806, 236264.0], [0.3805, 228408.0], [0.3804, 168119.0], [0.3803, 235968.0], [0.3802, 188901.0], [0.3801, 156387.0], [0.38, 262588.0], [0.3799, 149870.0], [0.3798, 144109.0], [0.3797, 266575.0], [0.3796, 221463.0], [0.3795, 94937.0], [0.3794, 169074.0], [0.3793, 139801.0], [0.3792, 101407.0], [0.3791, 142971.0]], "asks": [[0.3811, 2493.0], [0.3812, 191094.0], [0.3813, 212800.0], [0.3814, 203632.0], [0.3815, 186900.0], [0.3816, 251964.0], [0.3817, 248557.0], [0.3818, 274123.0], [0.3819, 268919.0], [0.382, 199851.0], [0.3821, 199085.0], [0.3822, 291999.0], [0.3823, 144471.0], [0.3824, 271607.0], [0.3825, 211640.0], [0.3826, 157061.0], [0.3827, 189098.0], [0.3828, 177436.0], [0.3829, 209352.0], [0.383, 235390.0]], "timestamp": "2025-12-16T09:42:51.126370+00:00"}, {"symbol": "ADAUSDT", "bids": [[0.3809, 115100.0], [0.3808, 247142.0], [0.3807, 342295.0], [0.3806, 233516.0], [0.3805, 162682.0], [0.3804, 263182.0], [0.3803, 164753.0], [0.3802, 224159.0], [0.3801, 133303.0], [0.38, 246413.0], [0.3799, 170178.0], [0.3798, 250874.0], [0.3797, 123347.0], [0.3796, 221463.0], [0.3795, 127485.0], [0.3794, 142717.0], [0.3793, 164109.0], [0.3792, 115682.0], [0.3791, 219955.0], [0.379, 125821.0]], "asks": [[0.381, 101021.0], [0.3811, 279343.0], [0.3812, 234891.0], [0.3813, 186175.0], [0.3814, 234797.0], [0.3815, 318904.0], [0.3816, 178629.0], [0.3817, 243887.0], [0.3818, 235182.0], [0.3819, 244791.0], [0.382, 204238.0], [0.3821, 166087.0], [0.3822, 279276.0], [0.3823, 146810.0], [0.3824, 271623.0], [0.3825, 204751.0], [0.3826, 140608.0], [0.3827, 170655.0], [0.3828, 106031.0], [0.3829, 151385.0]], "timestamp": "2025-12-16T09:43:44.287509+00:00"}, {"symbol": "ADAUSDT", "bids": [[0.3813, 93823.0], [0.3812, 228253.0], [0.3811, 240756.0], [0.381, 248758.0], [0.3809, 233983.0], [0.3808, 190151.0], [0.3807, 278329.0], [0.3806, 202948.0], [0.3805, 143073.0], [0.3804, 264500.0], [0.3803, 213215.0], [0.3802, 163417.0], [0.3801, 216484.0], [0.38, 162230.0], [0.3799, 169257.0], [0.3798, 239856.0], [0.3797, 102008.0], [0.3796, 179226.0], [0.3795, 102389.0], [0.3794, 225344.0]], "asks": [[0.3814, 53655.0], [0.3815, 159840.0], [0.3816, 221541.0], [0.3817, 206413.0], [0.3818, 199123.0], [0.3819, 293909.0], [0.382, 185291.0], [0.3821, 250275.0], [0.3822, 329941.0], [0.3823, 259934.0], [0.3824, 236436.0], [0.3825, 234687.0], [0.3826, 179279.0], [0.3827, 168695.0], [0.3828, 163083.0], [0.3829, 237386.0], [0.383, 149194.0], [0.3831, 94831.0], [0.3832, 149291.0], [0.3833, 186024.0]], "timestamp": "2025-12-16T09:44:37.138103+00:00"}, {"symbol": "ADAUSDT", "bids": [[0.3814, 134220.0], [0.3813, 227628.0], [0.3812, 310260.0], [0.3811, 242187.0], [0.381, 242164.0], [0.3809, 240742.0], [0.3808, 254538.0], [0.3807, 151816.0], [0.3806, 182986.0], [0.3805, 207477.0], [0.3804, 133338.0], [0.3803, 186103.0], [0.3802, 243416.0], [0.3801, 226176.0], [0.38, 187630.0], [0.3799, 151657.0], [0.3798, 121108.0], [0.3797, 107252.0], [0.3796, 205557.0], [0.3795, 223790.0]], "asks": [[0.3815, 17241.0], [0.3816, 213295.0], [0.3817, 209413.0], [0.3818, 228777.0], [0.3819, 210341.0], [0.382, 376411.0], [0.3821, 162583.0], [0.3822, 164316.0], [0.3823, 238879.0], [0.3824, 263029.0], [0.3825, 193029.0], [0.3826, 256630.0], [0.3827, 279587.0], [0.3828, 124248.0], [0.3829, 201720.0], [0.383, 210433.0], [0.3831, 123810.0], [0.3832, 181394.0], [0.3833, 186040.0], [0.3834, 265132.0]], "timestamp": "2025-12-16T09:45:29.988161+00:00"}, {"symbol": "ADAUSDT", "bids": [[0.3812, 110471.0], [0.3811, 235094.0], [0.381, 274022.0], [0.3809, 180960.0], [0.3808, 186630.0], [0.3807, 176924.0], [0.3806, 220573.0], [0.3805, 185459.0], [0.3804, 249508.0], [0.3803, 235101.0], [0.3802, 241062.0], [0.3801, 115987.0], [0.38, 175501.0], [0.3799, 185500.0], [0.3798, 304734.0], [0.3797, 102827.0], [0.3796, 162096.0], [0.3795, 107959.0], [0.3794, 239142.0], [0.3793, 159691.0]], "asks": [[0.3813, 179086.0], [0.3814, 272743.0], [0.3815, 235391.0], [0.3816, 238263.0], [0.3817, 254934.0], [0.3818, 328059.0], [0.3819, 252844.0], [0.382, 294544.0], [0.3821, 233288.0], [0.3822, 196752.0], [0.3823, 141645.0], [0.3824, 220179.0], [0.3825, 147366.0], [0.3826, 275482.0], [0.3827, 173905.0], [0.3828, 93233.0], [0.3829, 211432.0], [0.383, 161090.0], [0.3831, 174035.0], [0.3832, 180166.0]], "timestamp": "2025-12-16T09:46:23.035954+00:00"}, {"symbol": "ADAUSDT", "bids": [[0.3814, 126857.0], [0.3813, 283292.0], [0.3812, 315091.0], [0.3811, 239115.0], [0.381, 236047.0], [0.3809, 186743.0], [0.3808, 180959.0], [0.3807, 248724.0], [0.3806, 202435.0], [0.3805, 200445.0], [0.3804, 207025.0], [0.3803, 274744.0], [0.3802, 200309.0], [0.3801, 168712.0], [0.38, 196403.0], [0.3799, 135470.0], [0.3798, 120523.0], [0.3797, 114839.0], [0.3796, 253607.0], [0.3795, 107886.0]], "asks": [[0.3815, 93107.0], [0.3816, 193236.0], [0.3817, 237999.0], [0.3818, 233152.0], [0.3819, 208081.0], [0.382, 306577.0], [0.3821, 249642.0], [0.3822, 169384.0], [0.3823, 213917.0], [0.3824, 316621.0], [0.3825, 227273.0], [0.3826, 252062.0], [0.3827, 231608.0], [0.3828, 105808.0], [0.3829, 221452.0], [0.383, 210658.0], [0.3831, 103150.0], [0.3832, 206751.0], [0.3833, 278279.0], [0.3834, 224407.0]], "timestamp": "2025-12-16T09:47:16.140269+00:00"}, {"symbol": "ADAUSDT", "bids": [[0.3812, 126524.0], [0.3811, 211854.0], [0.381, 426061.0], [0.3809, 193444.0], [0.3808, 248410.0], [0.3807, 167515.0], [0.3806, 276882.0], [0.3805, 159540.0], [0.3804, 173358.0], [0.3803, 278032.0], [0.3802, 173852.0], [0.3801, 142932.0], [0.38, 305909.0], [0.3799, 169221.0], [0.3798, 159292.0], [0.3797, 118091.0], [0.3796, 169362.0], [0.3795, 115542.0], [0.3794, 239049.0], [0.3793, 232115.0]], "asks": [[0.3813, 109891.0], [0.3814, 279246.0], [0.3815, 225590.0], [0.3816, 206324.0], [0.3817, 286807.0], [0.3818, 308263.0], [0.3819, 296379.0], [0.382, 175113.0], [0.3821, 229741.0], [0.3822, 191054.0], [0.3823, 148953.0], [0.3824, 186757.0], [0.3825, 172165.0], [0.3826, 241684.0], [0.3827, 225395.0], [0.3828, 90770.0], [0.3829, 214039.0], [0.383, 185009.0], [0.3831, 110980.0], [0.3832, 180182.0]], "timestamp": "2025-12-16T09:48:07.672999+00:00"}, {"symbol": "ADAUSDT", "bids": [[0.3813, 60257.0], [0.3812, 183365.0], [0.3811, 271260.0], [0.381, 228379.0], [0.3809, 232327.0], [0.3808, 288489.0], [0.3807, 185424.0], [0.3806, 168890.0], [0.3805, 142567.0], [0.3804, 260455.0], [0.3803, 278011.0], [0.3802, 239228.0], [0.3801, 128970.0], [0.38, 179711.0], [0.3799, 164180.0], [0.3798, 152756.0], [0.3797, 130716.0], [0.3796, 178511.0], [0.3795, 202471.0], [0.3794, 232461.0]], "asks": [[0.3814, 170996.0], [0.3815, 277432.0], [0.3816, 226005.0], [0.3817, 202360.0], [0.3818, 253709.0], [0.3819, 279869.0], [0.382, 193650.0], [0.3821, 201236.0], [0.3822, 273855.0], [0.3823, 197695.0], [0.3824, 270148.0], [0.3825, 132366.0], [0.3826, 170518.0], [0.3827, 322741.0], [0.3828, 122229.0], [0.3829, 214117.0], [0.383, 185028.0], [0.3831, 129281.0], [0.3832, 183309.0], [0.3833, 220551.0]], "timestamp": "2025-12-16T09:49:01.008471+00:00"}, {"symbol": "ADAUSDT", "bids": [[0.3809, 83439.0], [0.3808, 211113.0], [0.3807, 319162.0], [0.3806, 251000.0], [0.3805, 126810.0], [0.3804, 155703.0], [0.3803, 243170.0], [0.3802, 149643.0], [0.3801, 147345.0], [0.38, 340113.0], [0.3799, 187758.0], [0.3798, 279412.0], [0.3797, 145102.0], [0.3796, 163911.0], [0.3795, 136347.0], [0.3794, 260253.0], [0.3793, 152088.0], [0.3792, 141385.0], [0.3791, 290678.0], [0.379, 416074.0]], "asks": [[0.381, 89233.0], [0.3811, 267499.0], [0.3812, 252417.0], [0.3813, 330504.0], [0.3814, 304454.0], [0.3815, 390248.0], [0.3816, 302180.0], [0.3817, 227793.0], [0.3818, 254563.0], [0.3819, 178755.0], [0.382, 194473.0], [0.3821, 326915.0], [0.3822, 144367.0], [0.3823, 146166.0], [0.3824, 180923.0], [0.3825, 102564.0], [0.3826, 171817.0], [0.3827, 195447.0], [0.3828, 80917.0], [0.3829, 176036.0]], "timestamp": "2025-12-16T09:49:53.860400+00:00"}, {"symbol": "ADAUSDT", "bids": [[0.3805, 73121.0], [0.3804, 126015.0], [0.3803, 305805.0], [0.3802, 182245.0], [0.3801, 113968.0], [0.38, 211551.0], [0.3799, 261338.0], [0.3798, 168177.0], [0.3797, 105665.0], [0.3796, 223030.0], [0.3795, 178336.0], [0.3794, 212386.0], [0.3793, 327561.0], [0.3792, 111033.0], [0.3791, 144861.0], [0.379, 183390.0], [0.3789, 398703.0], [0.3788, 322146.0], [0.3787, 742832.0], [0.3786, 268553.0]], "asks": [[0.3806, 160944.0], [0.3807, 247028.0], [0.3808, 220223.0], [0.3809, 239383.0], [0.381, 362103.0], [0.3811, 277510.0], [0.3812, 228998.0], [0.3813, 335154.0], [0.3814, 270090.0], [0.3815, 216882.0], [0.3816, 131455.0], [0.3817, 158230.0], [0.3818, 167631.0], [0.3819, 286971.0], [0.382, 112870.0], [0.3821, 145497.0], [0.3822, 171493.0], [0.3823, 149182.0], [0.3824, 227505.0], [0.3825, 100284.0]], "timestamp": "2025-12-16T09:50:45.803306+00:00"}, {"symbol": "ADAUSDT", "bids": [[0.3803, 67026.0], [0.3802, 112162.0], [0.3801, 238058.0], [0.38, 228698.0], [0.3799, 264356.0], [0.3798, 194457.0], [0.3797, 126211.0], [0.3796, 117283.0], [0.3795, 165151.0], [0.3794, 168120.0], [0.3793, 288083.0], [0.3792, 142338.0], [0.3791, 148824.0], [0.379, 210743.0], [0.3789, 256087.0], [0.3788, 336378.0], [0.3787, 497545.0], [0.3786, 350203.0], [0.3785, 196216.0], [0.3784, 416549.0]], "asks": [[0.3804, 155968.0], [0.3805, 230011.0], [0.3806, 256404.0], [0.3807, 268796.0], [0.3808, 364962.0], [0.3809, 272790.0], [0.381, 289031.0], [0.3811, 257369.0], [0.3812, 287639.0], [0.3813, 264343.0], [0.3814, 195063.0], [0.3815, 94912.0], [0.3816, 102394.0], [0.3817, 186924.0], [0.3818, 243692.0], [0.3819, 185875.0], [0.382, 106956.0], [0.3821, 137998.0], [0.3822, 167319.0], [0.3823, 143926.0]], "timestamp": "2025-12-16T09:51:39.291604+00:00"}, {"symbol": "ADAUSDT", "bids": [[0.3805, 88854.0], [0.3804, 202979.0], [0.3803, 349991.0], [0.3802, 245085.0], [0.3801, 123876.0], [0.38, 315126.0], [0.3799, 166482.0], [0.3798, 129644.0], [0.3797, 197595.0], [0.3796, 229585.0], [0.3795, 107273.0], [0.3794, 275947.0], [0.3793, 156149.0], [0.3792, 86828.0], [0.3791, 141460.0], [0.379, 132338.0], [0.3789, 202971.0], [0.3788, 185893.0], [0.3787, 183056.0], [0.3786, 211283.0]], "asks": [[0.3806, 150870.0], [0.3807, 267865.0], [0.3808, 244363.0], [0.3809, 234838.0], [0.381, 393159.0], [0.3811, 274126.0], [0.3812, 278573.0], [0.3813, 246021.0], [0.3814, 208346.0], [0.3815, 168323.0], [0.3816, 177796.0], [0.3817, 284565.0], [0.3818, 215593.0], [0.3819, 139662.0], [0.382, 140453.0], [0.3821, 150066.0], [0.3822, 210112.0], [0.3823, 139799.0], [0.3824, 194360.0], [0.3825, 221896.0]], "timestamp": "2025-12-16T09:52:31.469838+00:00"}, {"symbol": "ADAUSDT", "bids": [[0.3808, 148572.0], [0.3807, 241114.0], [0.3806, 244340.0], [0.3805, 220113.0], [0.3804, 249078.0], [0.3803, 249325.0], [0.3802, 231928.0], [0.3801, 136225.0], [0.38, 346611.0], [0.3799, 129878.0], [0.3798, 121759.0], [0.3797, 245195.0], [0.3796, 303418.0], [0.3795, 102519.0], [0.3794, 168525.0], [0.3793, 124669.0], [0.3792, 101441.0], [0.3791, 107638.0], [0.379, 113870.0], [0.3789, 178080.0]], "asks": [[0.3809, 76386.0], [0.381, 260212.0], [0.3811, 266577.0], [0.3812, 244338.0], [0.3813, 406957.0], [0.3814, 187384.0], [0.3815, 182142.0], [0.3816, 180382.0], [0.3817, 337591.0], [0.3818, 308019.0], [0.3819, 246209.0], [0.382, 164594.0], [0.3821, 123544.0], [0.3822, 219600.0], [0.3823, 137693.0], [0.3824, 285376.0], [0.3825, 229738.0], [0.3826, 105878.0], [0.3827, 176369.0], [0.3828, 97179.0]], "timestamp": "2025-12-16T09:53:23.107625+00:00"}, {"symbol": "ADAUSDT", "bids": [[0.3809, 17715.0], [0.3808, 282394.0], [0.3807, 291934.0], [0.3806, 246953.0], [0.3805, 255692.0], [0.3804, 261577.0], [0.3803, 340506.0], [0.3802, 142870.0], [0.3801, 115370.0], [0.38, 309019.0], [0.3799, 175769.0], [0.3798, 117170.0], [0.3797, 193563.0], [0.3796, 285698.0], [0.3795, 108499.0], [0.3794, 192187.0], [0.3793, 112362.0], [0.3792, 108897.0], [0.3791, 128801.0], [0.379, 202939.0]], "asks": [[0.381, 165771.0], [0.3811, 257443.0], [0.3812, 269972.0], [0.3813, 298753.0], [0.3814, 221677.0], [0.3815, 248109.0], [0.3816, 192037.0], [0.3817, 319093.0], [0.3818, 264401.0], [0.3819, 272262.0], [0.382, 271242.0], [0.3821, 145485.0], [0.3822, 206530.0], [0.3823, 125400.0], [0.3824, 297103.0], [0.3825, 169220.0], [0.3826, 117853.0], [0.3827, 267191.0], [0.3828, 80770.0], [0.3829, 194627.0]], "timestamp": "2025-12-16T09:54:16.514659+00:00"}, {"symbol": "ADAUSDT", "bids": [[0.3807, 87661.0], [0.3806, 165527.0], [0.3805, 413886.0], [0.3804, 255501.0], [0.3803, 262092.0], [0.3802, 247557.0], [0.3801, 104341.0], [0.38, 253584.0], [0.3799, 227251.0], [0.3798, 139790.0], [0.3797, 174033.0], [0.3796, 176776.0], [0.3795, 232407.0], [0.3794, 183118.0], [0.3793, 116806.0], [0.3792, 136043.0], [0.3791, 128930.0], [0.379, 120599.0], [0.3789, 266593.0], [0.3788, 155365.0]], "asks": [[0.3808, 88630.0], [0.3809, 270861.0], [0.381, 276869.0], [0.3811, 285192.0], [0.3812, 283764.0], [0.3813, 272065.0], [0.3814, 258297.0], [0.3815, 204129.0], [0.3816, 133842.0], [0.3817, 309724.0], [0.3818, 205906.0], [0.3819, 206069.0], [0.382, 239647.0], [0.3821, 118439.0], [0.3822, 189245.0], [0.3823, 101318.0], [0.3824, 272407.0], [0.3825, 156460.0], [0.3826, 188947.0], [0.3827, 185737.0]], "timestamp": "2025-12-16T09:55:09.394762+00:00"}, {"symbol": "ADAUSDT", "bids": [[0.3807, 27722.0], [0.3806, 150581.0], [0.3805, 370538.0], [0.3804, 302226.0], [0.3803, 249035.0], [0.3802, 149612.0], [0.3801, 200220.0], [0.38, 253378.0], [0.3799, 234451.0], [0.3798, 140026.0], [0.3797, 174584.0], [0.3796, 176251.0], [0.3795, 232407.0], [0.3794, 183118.0], [0.3793, 148129.0], [0.3792, 110069.0], [0.3791, 112529.0], [0.379, 125242.0], [0.3789, 180684.0], [0.3788, 251167.0]], "asks": [[0.3808, 135401.0], [0.3809, 278637.0], [0.381, 281872.0], [0.3811, 306065.0], [0.3812, 271294.0], [0.3813, 335943.0], [0.3814, 276856.0], [0.3815, 138169.0], [0.3816, 170988.0], [0.3817, 251278.0], [0.3818, 216801.0], [0.3819, 289577.0], [0.382, 145054.0], [0.3821, 135471.0], [0.3822, 172845.0], [0.3823, 101479.0], [0.3824, 277802.0], [0.3825, 156856.0], [0.3826, 189182.0], [0.3827, 185737.0]], "timestamp": "2025-12-16T09:56:02.452435+00:00"}, {"symbol": "ADAUSDT", "bids": [[0.3806, 83616.0], [0.3805, 182268.0], [0.3804, 447913.0], [0.3803, 257659.0], [0.3802, 159407.0], [0.3801, 123487.0], [0.38, 255784.0], [0.3799, 161984.0], [0.3798, 252397.0], [0.3797, 135188.0], [0.3796, 149424.0], [0.3795, 147014.0], [0.3794, 377505.0], [0.3793, 189364.0], [0.3792, 117512.0], [0.3791, 125052.0], [0.379, 115136.0], [0.3789, 163201.0], [0.3788, 175911.0], [0.3787, 286721.0]], "asks": [[0.3807, 133495.0], [0.3808, 301106.0], [0.3809, 255613.0], [0.381, 328921.0], [0.3811, 443062.0], [0.3812, 185495.0], [0.3813, 317873.0], [0.3814, 306821.0], [0.3815, 157429.0], [0.3816, 154608.0], [0.3817, 158836.0], [0.3818, 245164.0], [0.3819, 280412.0], [0.382, 120291.0], [0.3821, 115897.0], [0.3822, 161555.0], [0.3823, 127653.0], [0.3824, 251656.0], [0.3825, 154341.0], [0.3826, 189433.0]], "timestamp": "2025-12-16T09:56:54.904770+00:00"}, {"symbol": "ADAUSDT", "bids": [[0.3807, 83506.0], [0.3806, 241048.0], [0.3805, 279506.0], [0.3804, 333426.0], [0.3803, 246654.0], [0.3802, 161313.0], [0.3801, 236465.0], [0.38, 242496.0], [0.3799, 237259.0], [0.3798, 142226.0], [0.3797, 112986.0], [0.3796, 160839.0], [0.3795, 244079.0], [0.3794, 215618.0], [0.3793, 148145.0], [0.3792, 111313.0], [0.3791, 140928.0], [0.379, 114611.0], [0.3789, 181480.0], [0.3788, 259025.0]], "asks": [[0.3808, 101808.0], [0.3809, 263232.0], [0.381, 313601.0], [0.3811, 262977.0], [0.3812, 312537.0], [0.3813, 292162.0], [0.3814, 234341.0], [0.3815, 200138.0], [0.3816, 264489.0], [0.3817, 190771.0], [0.3818, 254712.0], [0.3819, 190596.0], [0.382, 220345.0], [0.3821, 124702.0], [0.3822, 176652.0], [0.3823, 119839.0], [0.3824, 277799.0], [0.3825, 152391.0], [0.3826, 118622.0], [0.3827, 303400.0]], "timestamp": "2025-12-16T09:57:46.686876+00:00"}, {"symbol": "ADAUSDT", "bids": [[0.3807, 70029.0], [0.3806, 158283.0], [0.3805, 414275.0], [0.3804, 320348.0], [0.3803, 226789.0], [0.3802, 186692.0], [0.3801, 229896.0], [0.38, 232671.0], [0.3799, 216733.0], [0.3798, 144144.0], [0.3797, 125485.0], [0.3796, 269921.0], [0.3795, 117898.0], [0.3794, 215618.0], [0.3793, 169008.0], [0.3792, 110093.0], [0.3791, 120025.0], [0.379, 114817.0], [0.3789, 181848.0], [0.3788, 259564.0]], "asks": [[0.3808, 146276.0], [0.3809, 291108.0], [0.381, 296510.0], [0.3811, 243481.0], [0.3812, 371206.0], [0.3813, 321715.0], [0.3814, 241971.0], [0.3815, 184113.0], [0.3816, 260459.0], [0.3817, 175667.0], [0.3818, 257976.0], [0.3819, 206057.0], [0.382, 208470.0], [0.3821, 124757.0], [0.3822, 176815.0], [0.3823, 115078.0], [0.3824, 285423.0], [0.3825, 152011.0], [0.3826, 126005.0], [0.3827, 242382.0]], "timestamp": "2025-12-16T09:58:38.910320+00:00"}, {"symbol": "ADAUSDT", "bids": [[0.3807, 175455.0], [0.3806, 249267.0], [0.3805, 420619.0], [0.3804, 256687.0], [0.3803, 253207.0], [0.3802, 255660.0], [0.3801, 130778.0], [0.38, 248923.0], [0.3799, 225585.0], [0.3798, 138780.0], [0.3797, 104407.0], [0.3796, 253725.0], [0.3795, 117898.0], [0.3794, 215596.0], [0.3793, 168483.0], [0.3792, 126677.0], [0.3791, 103861.0], [0.379, 114609.0], [0.3789, 191492.0], [0.3788, 257018.0]], "asks": [[0.3808, 5646.0], [0.3809, 246719.0], [0.381, 302688.0], [0.3811, 251289.0], [0.3812, 260662.0], [0.3813, 416834.0], [0.3814, 261913.0], [0.3815, 173248.0], [0.3816, 196852.0], [0.3817, 182899.0], [0.3818, 264227.0], [0.3819, 165660.0], [0.382, 221162.0], [0.3821, 99386.0], [0.3822, 154594.0], [0.3823, 161479.0], [0.3824, 285425.0], [0.3825, 131372.0], [0.3826, 123379.0], [0.3827, 303396.0]], "timestamp": "2025-12-16T09:59:31.647860+00:00"}, {"symbol": "ADAUSDT", "bids": [[0.3807, 54291.0], [0.3806, 207953.0], [0.3805, 380012.0], [0.3804, 245170.0], [0.3803, 187255.0], [0.3802, 215152.0], [0.3801, 106319.0], [0.38, 216578.0], [0.3799, 225313.0], [0.3798, 130805.0], [0.3797, 88336.0], [0.3796, 151524.0], [0.3795, 259157.0], [0.3794, 131148.0], [0.3793, 142258.0], [0.3792, 123413.0], [0.3791, 109660.0], [0.379, 96027.0], [0.3789, 138259.0], [0.3788, 240688.0]], "asks": [[0.3808, 106709.0], [0.3809, 276012.0], [0.381, 276120.0], [0.3811, 317774.0], [0.3812, 296383.0], [0.3813, 228646.0], [0.3814, 229935.0], [0.3815, 257051.0], [0.3816, 153103.0], [0.3817, 193654.0], [0.3818, 173658.0], [0.3819, 127312.0], [0.382, 199556.0], [0.3821, 115878.0], [0.3822, 149201.0], [0.3823, 127351.0], [0.3824, 212752.0], [0.3825, 127310.0], [0.3826, 103114.0], [0.3827, 137796.0]], "timestamp": "2025-12-16T10:00:23.649476+00:00"}, {"symbol": "ADAUSDT", "bids": [[0.3806, 17336.0], [0.3805, 153331.0], [0.3804, 390331.0], [0.3803, 201685.0], [0.3802, 155173.0], [0.3801, 129550.0], [0.38, 251845.0], [0.3799, 176419.0], [0.3798, 222510.0], [0.3797, 98582.0], [0.3796, 201001.0], [0.3795, 146466.0], [0.3794, 269193.0], [0.3793, 217420.0], [0.3792, 213881.0], [0.3791, 113103.0], [0.379, 179814.0], [0.3789, 121030.0], [0.3788, 171014.0], [0.3787, 263659.0]], "asks": [[0.3807, 154899.0], [0.3808, 320279.0], [0.3809, 303871.0], [0.381, 339222.0], [0.3811, 441380.0], [0.3812, 239519.0], [0.3813, 300378.0], [0.3814, 217603.0], [0.3815, 253884.0], [0.3816, 167217.0], [0.3817, 267161.0], [0.3818, 136051.0], [0.3819, 221296.0], [0.382, 113651.0], [0.3821, 181350.0], [0.3822, 206513.0], [0.3823, 103293.0], [0.3824, 205221.0], [0.3825, 136219.0], [0.3826, 170731.0]], "timestamp": "2025-12-16T10:01:16.673489+00:00"}, {"symbol": "ADAUSDT", "bids": [[0.3802, 88954.0], [0.3801, 169273.0], [0.38, 330719.0], [0.3799, 192162.0], [0.3798, 206846.0], [0.3797, 186304.0], [0.3796, 137354.0], [0.3795, 127914.0], [0.3794, 321145.0], [0.3793, 123726.0], [0.3792, 161678.0], [0.3791, 86509.0], [0.379, 200382.0], [0.3789, 237984.0], [0.3788, 215524.0], [0.3787, 140547.0], [0.3786, 156122.0], [0.3785, 203783.0], [0.3784, 199682.0], [0.3783, 146171.0]], "asks": [[0.3803, 111152.0], [0.3804, 266093.0], [0.3805, 376115.0], [0.3806, 286921.0], [0.3807, 362434.0], [0.3808, 306132.0], [0.3809, 255873.0], [0.381, 263917.0], [0.3811, 255071.0], [0.3812, 194521.0], [0.3813, 167321.0], [0.3814, 262216.0], [0.3815, 176323.0], [0.3816, 147278.0], [0.3817, 205926.0], [0.3818, 163373.0], [0.3819, 148103.0], [0.382, 106668.0], [0.3821, 140063.0], [0.3822, 150837.0]], "timestamp": "2025-12-16T10:02:09.964842+00:00"}, {"symbol": "ADAUSDT", "bids": [[0.3807, 85814.0], [0.3806, 239532.0], [0.3805, 356910.0], [0.3804, 177006.0], [0.3803, 202295.0], [0.3802, 171269.0], [0.3801, 148957.0], [0.38, 304260.0], [0.3799, 225435.0], [0.3798, 121657.0], [0.3797, 146063.0], [0.3796, 158343.0], [0.3795, 133233.0], [0.3794, 280380.0], [0.3793, 124228.0], [0.3792, 120231.0], [0.3791, 134944.0], [0.379, 225685.0], [0.3789, 105594.0], [0.3788, 189627.0]], "asks": [[0.3808, 94599.0], [0.3809, 202844.0], [0.381, 272408.0], [0.3811, 287656.0], [0.3812, 305282.0], [0.3813, 283107.0], [0.3814, 232375.0], [0.3815, 253249.0], [0.3816, 239890.0], [0.3817, 332269.0], [0.3818, 243734.0], [0.3819, 153335.0], [0.382, 140830.0], [0.3821, 168741.0], [0.3822, 166739.0], [0.3823, 181036.0], [0.3824, 152482.0], [0.3825, 134996.0], [0.3826, 153522.0], [0.3827, 182110.0]], "timestamp": "2025-12-16T10:03:02.052013+00:00"}, {"symbol": "ADAUSDT", "bids": [[0.3808, 140227.0], [0.3807, 264557.0], [0.3806, 308973.0], [0.3805, 295030.0], [0.3804, 181859.0], [0.3803, 150274.0], [0.3802, 148648.0], [0.3801, 208470.0], [0.38, 298733.0], [0.3799, 129356.0], [0.3798, 128879.0], [0.3797, 258584.0], [0.3796, 160082.0], [0.3795, 132484.0], [0.3794, 160895.0], [0.3793, 134527.0], [0.3792, 153680.0], [0.3791, 128748.0], [0.379, 210737.0], [0.3789, 187220.0]], "asks": [[0.3809, 100937.0], [0.381, 209981.0], [0.3811, 232056.0], [0.3812, 242103.0], [0.3813, 320436.0], [0.3814, 191923.0], [0.3815, 232958.0], [0.3816, 236530.0], [0.3817, 307371.0], [0.3818, 213937.0], [0.3819, 208599.0], [0.382, 290263.0], [0.3821, 192049.0], [0.3822, 218998.0], [0.3823, 178456.0], [0.3824, 187897.0], [0.3825, 164998.0], [0.3826, 103240.0], [0.3827, 202537.0], [0.3828, 228645.0]], "timestamp": "2025-12-16T10:03:54.171030+00:00"}, {"symbol": "ADAUSDT", "bids": [[0.381, 33960.0], [0.3809, 224715.0], [0.3808, 365265.0], [0.3807, 220428.0], [0.3806, 242341.0], [0.3805, 233823.0], [0.3804, 236264.0], [0.3803, 147329.0], [0.3802, 122258.0], [0.3801, 167137.0], [0.38, 309980.0], [0.3799, 146885.0], [0.3798, 251706.0], [0.3797, 87761.0], [0.3796, 165795.0], [0.3795, 116797.0], [0.3794, 165676.0], [0.3793, 144855.0], [0.3792, 136497.0], [0.3791, 223258.0]], "asks": [[0.3811, 99809.0], [0.3812, 187298.0], [0.3813, 190780.0], [0.3814, 223653.0], [0.3815, 221003.0], [0.3816, 286733.0], [0.3817, 264477.0], [0.3818, 226898.0], [0.3819, 254767.0], [0.382, 239196.0], [0.3821, 241647.0], [0.3822, 313467.0], [0.3823, 166761.0], [0.3824, 207167.0], [0.3825, 194202.0], [0.3826, 94901.0], [0.3827, 153253.0], [0.3828, 162544.0], [0.3829, 205718.0], [0.383, 377211.0]], "timestamp": "2025-12-16T10:04:46.664699+00:00"}, {"symbol": "ADAUSDT", "bids": [[0.3811, 141586.0], [0.381, 257526.0], [0.3809, 257463.0], [0.3808, 298732.0], [0.3807, 204827.0], [0.3806, 240063.0], [0.3805, 207873.0], [0.3804, 181059.0], [0.3803, 224372.0], [0.3802, 134953.0], [0.3801, 211127.0], [0.38, 154273.0], [0.3799, 143817.0], [0.3798, 195725.0], [0.3797, 259505.0], [0.3796, 180119.0], [0.3795, 113662.0], [0.3794, 159579.0], [0.3793, 142759.0], [0.3792, 122138.0]], "asks": [[0.3812, 86704.0], [0.3813, 106544.0], [0.3814, 284862.0], [0.3815, 207579.0], [0.3816, 217711.0], [0.3817, 344973.0], [0.3818, 263489.0], [0.3819, 226938.0], [0.382, 177155.0], [0.3821, 271359.0], [0.3822, 258029.0], [0.3823, 253950.0], [0.3824, 198852.0], [0.3825, 235666.0], [0.3826, 130217.0], [0.3827, 244231.0], [0.3828, 152738.0], [0.3829, 150462.0], [0.383, 351350.0], [0.3831, 69888.0]], "timestamp": "2025-12-16T10:05:39.476312+00:00"}, {"symbol": "ADAUSDT", "bids": [[0.3811, 125211.0], [0.381, 289682.0], [0.3809, 323352.0], [0.3808, 255334.0], [0.3807, 204070.0], [0.3806, 247414.0], [0.3805, 287823.0], [0.3804, 153998.0], [0.3803, 137746.0], [0.3802, 151306.0], [0.3801, 269879.0], [0.38, 321302.0], [0.3799, 137068.0], [0.3798, 108377.0], [0.3797, 108500.0], [0.3796, 206451.0], [0.3795, 107886.0], [0.3794, 159549.0], [0.3793, 154533.0], [0.3792, 216520.0]], "asks": [[0.3812, 109935.0], [0.3813, 198919.0], [0.3814, 211653.0], [0.3815, 212550.0], [0.3816, 220075.0], [0.3817, 346151.0], [0.3818, 262504.0], [0.3819, 253810.0], [0.382, 171505.0], [0.3821, 245332.0], [0.3822, 227392.0], [0.3823, 227531.0], [0.3824, 199704.0], [0.3825, 235666.0], [0.3826, 139196.0], [0.3827, 257722.0], [0.3828, 152738.0], [0.3829, 158296.0], [0.383, 351350.0], [0.3831, 69888.0]], "timestamp": "2025-12-16T10:06:31.868897+00:00"}, {"symbol": "ADAUSDT", "bids": [[0.3812, 99369.0], [0.3811, 292788.0], [0.381, 302987.0], [0.3809, 244824.0], [0.3808, 269992.0], [0.3807, 212660.0], [0.3806, 215711.0], [0.3805, 141849.0], [0.3804, 155911.0], [0.3803, 280290.0], [0.3802, 112298.0], [0.3801, 219954.0], [0.38, 197738.0], [0.3799, 138737.0], [0.3798, 113348.0], [0.3797, 96743.0], [0.3796, 276782.0], [0.3795, 115758.0], [0.3794, 183253.0], [0.3793, 241301.0]], "asks": [[0.3813, 86891.0], [0.3814, 205619.0], [0.3815, 211289.0], [0.3816, 186268.0], [0.3817, 254471.0], [0.3818, 388275.0], [0.3819, 230716.0], [0.382, 184932.0], [0.3821, 212006.0], [0.3822, 237961.0], [0.3823, 223161.0], [0.3824, 275064.0], [0.3825, 271285.0], [0.3826, 140049.0], [0.3827, 260147.0], [0.3828, 81702.0], [0.3829, 128234.0], [0.383, 153261.0], [0.3831, 118001.0], [0.3832, 194475.0]], "timestamp": "2025-12-16T10:07:24.411754+00:00"}, {"symbol": "ADAUSDT", "bids": [[0.3812, 91965.0], [0.3811, 191337.0], [0.381, 413921.0], [0.3809, 251645.0], [0.3808, 235101.0], [0.3807, 293126.0], [0.3806, 136904.0], [0.3805, 147910.0], [0.3804, 201549.0], [0.3803, 285609.0], [0.3802, 112088.0], [0.3801, 229617.0], [0.38, 212158.0], [0.3799, 138737.0], [0.3798, 118237.0], [0.3797, 123064.0], [0.3796, 202980.0], [0.3795, 197808.0], [0.3794, 262245.0], [0.3793, 146693.0]], "asks": [[0.3813, 140905.0], [0.3814, 261451.0], [0.3815, 179807.0], [0.3816, 201234.0], [0.3817, 244745.0], [0.3818, 301425.0], [0.3819, 234677.0], [0.382, 250249.0], [0.3821, 204075.0], [0.3822, 231165.0], [0.3823, 204514.0], [0.3824, 285930.0], [0.3825, 298924.0], [0.3826, 139522.0], [0.3827, 267300.0], [0.3828, 81575.0], [0.3829, 128774.0], [0.383, 153231.0], [0.3831, 117964.0], [0.3832, 194528.0]], "timestamp": "2025-12-16T10:08:17.169419+00:00"}, {"symbol": "ADAUSDT", "bids": [[0.3811, 128004.0], [0.381, 305949.0], [0.3809, 362795.0], [0.3808, 239063.0], [0.3807, 234802.0], [0.3806, 155101.0], [0.3805, 257575.0], [0.3804, 190126.0], [0.3803, 140999.0], [0.3802, 108299.0], [0.3801, 201787.0], [0.38, 230424.0], [0.3799, 271262.0], [0.3798, 118395.0], [0.3797, 133582.0], [0.3796, 199412.0], [0.3795, 174709.0], [0.3794, 167653.0], [0.3793, 165684.0], [0.3792, 179142.0]], "asks": [[0.3812, 103796.0], [0.3813, 258572.0], [0.3814, 249401.0], [0.3815, 249255.0], [0.3816, 255496.0], [0.3817, 310759.0], [0.3818, 286879.0], [0.3819, 228378.0], [0.382, 221676.0], [0.3821, 180661.0], [0.3822, 184035.0], [0.3823, 197428.0], [0.3824, 291551.0], [0.3825, 219156.0], [0.3826, 134008.0], [0.3827, 251593.0], [0.3828, 81810.0], [0.3829, 109924.0], [0.383, 162577.0], [0.3831, 174587.0]], "timestamp": "2025-12-16T10:09:09.948206+00:00"}, {"symbol": "ADAUSDT", "bids": [[0.3812, 97428.0], [0.3811, 235837.0], [0.381, 337965.0], [0.3809, 256283.0], [0.3808, 248373.0], [0.3807, 235408.0], [0.3806, 235812.0], [0.3805, 178621.0], [0.3804, 203999.0], [0.3803, 247857.0], [0.3802, 97591.0], [0.3801, 103803.0], [0.38, 338137.0], [0.3799, 144860.0], [0.3798, 118395.0], [0.3797, 126169.0], [0.3796, 199412.0], [0.3795, 174709.0], [0.3794, 184162.0], [0.3793, 248745.0]], "asks": [[0.3813, 146383.0], [0.3814, 308177.0], [0.3815, 251162.0], [0.3816, 222988.0], [0.3817, 222023.0], [0.3818, 343092.0], [0.3819, 200344.0], [0.382, 176126.0], [0.3821, 254929.0], [0.3822, 233767.0], [0.3823, 193206.0], [0.3824, 296894.0], [0.3825, 224947.0], [0.3826, 150409.0], [0.3827, 259006.0], [0.3828, 82310.0], [0.3829, 136052.0], [0.383, 162577.0], [0.3831, 174587.0], [0.3832, 123266.0]], "timestamp": "2025-12-16T10:10:02.148514+00:00"}, {"symbol": "ADAUSDT", "bids": [[0.3811, 135852.0], [0.381, 299154.0], [0.3809, 348131.0], [0.3808, 239068.0], [0.3807, 236683.0], [0.3806, 165974.0], [0.3805, 290808.0], [0.3804, 149498.0], [0.3803, 141465.0], [0.3802, 104347.0], [0.3801, 199519.0], [0.38, 229452.0], [0.3799, 271753.0], [0.3798, 122622.0], [0.3797, 130457.0], [0.3796, 199412.0], [0.3795, 174784.0], [0.3794, 167669.0], [0.3793, 165684.0], [0.3792, 179140.0]], "asks": [[0.3812, 94654.0], [0.3813, 258515.0], [0.3814, 254120.0], [0.3815, 260652.0], [0.3816, 236625.0], [0.3817, 341652.0], [0.3818, 319244.0], [0.3819, 160087.0], [0.382, 213666.0], [0.3821, 212246.0], [0.3822, 210782.0], [0.3823, 173924.0], [0.3824, 291045.0], [0.3825, 212751.0], [0.3826, 135122.0], [0.3827, 252383.0], [0.3828, 82545.0], [0.3829, 109924.0], [0.383, 162343.0], [0.3831, 174587.0]], "timestamp": "2025-12-16T10:10:54.104146+00:00"}, {"symbol": "ADAUSDT", "bids": [[0.3813, 147489.0], [0.3812, 279377.0], [0.3811, 330831.0], [0.381, 212196.0], [0.3809, 197982.0], [0.3808, 245255.0], [0.3807, 238323.0], [0.3806, 213685.0], [0.3805, 147079.0], [0.3804, 240744.0], [0.3803, 152244.0], [0.3802, 135645.0], [0.3801, 161755.0], [0.38, 338076.0], [0.3799, 123773.0], [0.3798, 125031.0], [0.3797, 106625.0], [0.3796, 199428.0], [0.3795, 200427.0], [0.3794, 262016.0]], "asks": [[0.3814, 131495.0], [0.3815, 222068.0], [0.3816, 228535.0], [0.3817, 238515.0], [0.3818, 211479.0], [0.3819, 259323.0], [0.382, 246299.0], [0.3821, 229283.0], [0.3822, 227649.0], [0.3823, 219883.0], [0.3824, 333652.0], [0.3825, 248146.0], [0.3826, 168154.0], [0.3827, 259240.0], [0.3828, 89488.0], [0.3829, 128217.0], [0.383, 153810.0], [0.3831, 111649.0], [0.3832, 123245.0], [0.3833, 264540.0]], "timestamp": "2025-12-16T10:11:45.661040+00:00"}, {"symbol": "ADAUSDT", "bids": [[0.3814, 153794.0], [0.3813, 271046.0], [0.3812, 293806.0], [0.3811, 304711.0], [0.381, 265125.0], [0.3809, 192669.0], [0.3808, 239757.0], [0.3807, 265463.0], [0.3806, 192278.0], [0.3805, 291434.0], [0.3804, 148228.0], [0.3803, 130345.0], [0.3802, 128231.0], [0.3801, 245882.0], [0.38, 212595.0], [0.3799, 139642.0], [0.3798, 100800.0], [0.3797, 80308.0], [0.3796, 178486.0], [0.3795, 182393.0]], "asks": [[0.3815, 79521.0], [0.3816, 243748.0], [0.3817, 247158.0], [0.3818, 242152.0], [0.3819, 197658.0], [0.382, 312830.0], [0.3821, 193631.0], [0.3822, 290521.0], [0.3823, 200625.0], [0.3824, 271442.0], [0.3825, 323040.0], [0.3826, 281635.0], [0.3827, 246663.0], [0.3828, 101002.0], [0.3829, 135630.0], [0.383, 143788.0], [0.3831, 94645.0], [0.3832, 121695.0], [0.3833, 264462.0], [0.3834, 149306.0]], "timestamp": "2025-12-16T10:12:38.935737+00:00"}, {"symbol": "ADAUSDT", "bids": [[0.3818, 72757.0], [0.3817, 238871.0], [0.3816, 311740.0], [0.3815, 250712.0], [0.3814, 300234.0], [0.3813, 221388.0], [0.3812, 212521.0], [0.3811, 219568.0], [0.381, 160423.0], [0.3809, 226669.0], [0.3808, 151949.0], [0.3807, 91911.0], [0.3806, 176282.0], [0.3805, 176218.0], [0.3804, 299683.0], [0.3803, 143239.0], [0.3802, 120868.0], [0.3801, 116472.0], [0.38, 196807.0], [0.3799, 142270.0]], "asks": [[0.3819, 129854.0], [0.382, 216879.0], [0.3821, 270824.0], [0.3822, 232534.0], [0.3823, 247298.0], [0.3824, 326152.0], [0.3825, 177336.0], [0.3826, 229051.0], [0.3827, 290261.0], [0.3828, 286488.0], [0.3829, 294023.0], [0.383, 224276.0], [0.3831, 110638.0], [0.3832, 166691.0], [0.3833, 274199.0], [0.3834, 128734.0], [0.3835, 163172.0], [0.3836, 102019.0], [0.3837, 133551.0], [0.3838, 244564.0]], "timestamp": "2025-12-16T10:13:30.909411+00:00"}, {"symbol": "ADAUSDT", "bids": [[0.3816, 92925.0], [0.3815, 175780.0], [0.3814, 485479.0], [0.3813, 180100.0], [0.3812, 268077.0], [0.3811, 225480.0], [0.381, 164535.0], [0.3809, 98909.0], [0.3808, 142914.0], [0.3807, 100500.0], [0.3806, 207566.0], [0.3805, 297527.0], [0.3804, 173613.0], [0.3803, 151926.0], [0.3802, 128265.0], [0.3801, 156797.0], [0.38, 197253.0], [0.3799, 157986.0], [0.3798, 222756.0], [0.3797, 134052.0]], "asks": [[0.3817, 145987.0], [0.3818, 265269.0], [0.3819, 294820.0], [0.382, 306657.0], [0.3821, 223420.0], [0.3822, 191778.0], [0.3823, 239742.0], [0.3824, 290377.0], [0.3825, 257230.0], [0.3826, 220064.0], [0.3827, 203037.0], [0.3828, 271463.0], [0.3829, 232026.0], [0.383, 138220.0], [0.3831, 120348.0], [0.3832, 145910.0], [0.3833, 243593.0], [0.3834, 152545.0], [0.3835, 110942.0], [0.3836, 156330.0]], "timestamp": "2025-12-16T10:14:22.590311+00:00"}, {"symbol": "ADAUSDT", "bids": [[0.3814, 159092.0], [0.3813, 209980.0], [0.3812, 275223.0], [0.3811, 261196.0], [0.381, 163910.0], [0.3809, 216702.0], [0.3808, 146025.0], [0.3807, 140179.0], [0.3806, 192264.0], [0.3805, 186256.0], [0.3804, 192522.0], [0.3803, 230144.0], [0.3802, 129433.0], [0.3801, 150980.0], [0.38, 211069.0], [0.3799, 168188.0], [0.3798, 134387.0], [0.3797, 150318.0], [0.3796, 172873.0], [0.3795, 461478.0]], "asks": [[0.3815, 149019.0], [0.3816, 274453.0], [0.3817, 273608.0], [0.3818, 233378.0], [0.3819, 406471.0], [0.382, 264535.0], [0.3821, 256201.0], [0.3822, 312304.0], [0.3823, 249533.0], [0.3824, 263980.0], [0.3825, 199557.0], [0.3826, 117353.0], [0.3827, 165747.0], [0.3828, 226651.0], [0.3829, 208706.0], [0.383, 105348.0], [0.3831, 74997.0], [0.3832, 163544.0], [0.3833, 241309.0], [0.3834, 132324.0]], "timestamp": "2025-12-16T10:15:16.397045+00:00"}, {"symbol": "ADAUSDT", "bids": [[0.3815, 117677.0], [0.3814, 250417.0], [0.3813, 268503.0], [0.3812, 249122.0], [0.3811, 241616.0], [0.381, 193786.0], [0.3809, 183075.0], [0.3808, 184887.0], [0.3807, 106185.0], [0.3806, 192264.0], [0.3805, 140758.0], [0.3804, 186033.0], [0.3803, 229583.0], [0.3802, 128281.0], [0.3801, 149994.0], [0.38, 203656.0], [0.3799, 168188.0], [0.3798, 142891.0], [0.3797, 149782.0], [0.3796, 275092.0]], "asks": [[0.3816, 136076.0], [0.3817, 287563.0], [0.3818, 286096.0], [0.3819, 320908.0], [0.382, 359789.0], [0.3821, 253440.0], [0.3822, 253098.0], [0.3823, 251704.0], [0.3824, 291578.0], [0.3825, 237611.0], [0.3826, 218777.0], [0.3827, 142600.0], [0.3828, 148791.0], [0.3829, 208706.0], [0.383, 150683.0], [0.3831, 75521.0], [0.3832, 163544.0], [0.3833, 240749.0], [0.3834, 132324.0], [0.3835, 165106.0]], "timestamp": "2025-12-16T10:16:08.605546+00:00"}, {"symbol": "ADAUSDT", "bids": [[0.3818, 112746.0], [0.3817, 158666.0], [0.3816, 406151.0], [0.3815, 189236.0], [0.3814, 287959.0], [0.3813, 245484.0], [0.3812, 140363.0], [0.3811, 93749.0], [0.381, 127531.0], [0.3809, 99693.0], [0.3808, 242672.0], [0.3807, 131818.0], [0.3806, 373899.0], [0.3805, 104003.0], [0.3804, 177939.0], [0.3803, 99444.0], [0.3802, 137203.0], [0.3801, 261775.0], [0.38, 248720.0], [0.3799, 320188.0]], "asks": [[0.3819, 121149.0], [0.382, 225219.0], [0.3821, 323284.0], [0.3822, 204398.0], [0.3823, 330834.0], [0.3824, 291090.0], [0.3825, 201143.0], [0.3826, 246075.0], [0.3827, 309529.0], [0.3828, 232926.0], [0.3829, 199965.0], [0.383, 150231.0], [0.3831, 165413.0], [0.3832, 257664.0], [0.3833, 250027.0], [0.3834, 186381.0], [0.3835, 99953.0], [0.3836, 147831.0], [0.3837, 150518.0], [0.3838, 232914.0]], "timestamp": "2025-12-16T10:17:00.441264+00:00"}, {"symbol": "ADAUSDT", "bids": [[0.3814, 35897.0], [0.3813, 179656.0], [0.3812, 325446.0], [0.3811, 211320.0], [0.381, 267309.0], [0.3809, 137924.0], [0.3808, 267528.0], [0.3807, 119390.0], [0.3806, 147972.0], [0.3805, 139316.0], [0.3804, 236003.0], [0.3803, 102554.0], [0.3802, 153640.0], [0.3801, 214199.0], [0.38, 285137.0], [0.3799, 140886.0], [0.3798, 146843.0], [0.3797, 176749.0], [0.3796, 327591.0], [0.3795, 586798.0]], "asks": [[0.3815, 122801.0], [0.3816, 294149.0], [0.3817, 322394.0], [0.3818, 380187.0], [0.3819, 339824.0], [0.382, 312418.0], [0.3821, 291315.0], [0.3822, 264982.0], [0.3823, 283643.0], [0.3824, 283347.0], [0.3825, 205384.0], [0.3826, 206925.0], [0.3827, 116367.0], [0.3828, 161988.0], [0.3829, 202987.0], [0.383, 155381.0], [0.3831, 122145.0], [0.3832, 153715.0], [0.3833, 145772.0], [0.3834, 246494.0]], "timestamp": "2025-12-16T10:17:52.060716+00:00"}, {"symbol": "ADAUSDT", "bids": [[0.3818, 150723.0], [0.3817, 239392.0], [0.3816, 392103.0], [0.3815, 337324.0], [0.3814, 206748.0], [0.3813, 158857.0], [0.3812, 236327.0], [0.3811, 114789.0], [0.381, 170577.0], [0.3809, 102385.0], [0.3808, 202792.0], [0.3807, 284939.0], [0.3806, 135441.0], [0.3805, 106489.0], [0.3804, 143981.0], [0.3803, 89302.0], [0.3802, 153863.0], [0.3801, 264117.0], [0.38, 351453.0], [0.3799, 146104.0]], "asks": [[0.3819, 101692.0], [0.382, 259897.0], [0.3821, 296810.0], [0.3822, 221754.0], [0.3823, 319279.0], [0.3824, 300404.0], [0.3825, 285749.0], [0.3826, 188481.0], [0.3827, 286939.0], [0.3828, 299661.0], [0.3829, 199225.0], [0.383, 133744.0], [0.3831, 199816.0], [0.3832, 221250.0], [0.3833, 193736.0], [0.3834, 239905.0], [0.3835, 85547.0], [0.3836, 112182.0], [0.3837, 140779.0], [0.3838, 159850.0]], "timestamp": "2025-12-16T10:18:43.777625+00:00"}, {"symbol": "ADAUSDT", "bids": [[0.3818, 79243.0], [0.3817, 250150.0], [0.3816, 390945.0], [0.3815, 172989.0], [0.3814, 263546.0], [0.3813, 212378.0], [0.3812, 166342.0], [0.3811, 102816.0], [0.381, 184779.0], [0.3809, 212213.0], [0.3808, 188723.0], [0.3807, 140048.0], [0.3806, 262928.0], [0.3805, 116114.0], [0.3804, 156743.0], [0.3803, 126276.0], [0.3802, 127561.0], [0.3801, 274508.0], [0.38, 349671.0], [0.3799, 231537.0]], "asks": [[0.3819, 163996.0], [0.382, 240938.0], [0.3821, 296814.0], [0.3822, 279434.0], [0.3823, 208242.0], [0.3824, 320477.0], [0.3825, 284388.0], [0.3826, 151871.0], [0.3827, 336771.0], [0.3828, 212546.0], [0.3829, 157048.0], [0.383, 126261.0], [0.3831, 200440.0], [0.3832, 288291.0], [0.3833, 193736.0], [0.3834, 213334.0], [0.3835, 127144.0], [0.3836, 121769.0], [0.3837, 137930.0], [0.3838, 162471.0]], "timestamp": "2025-12-16T10:19:35.310724+00:00"}, {"symbol": "ADAUSDT", "bids": [[0.3812, 149335.0], [0.3811, 166528.0], [0.381, 328593.0], [0.3809, 195562.0], [0.3808, 276480.0], [0.3807, 205882.0], [0.3806, 164432.0], [0.3805, 136400.0], [0.3804, 156856.0], [0.3803, 107383.0], [0.3802, 162268.0], [0.3801, 127553.0], [0.38, 200205.0], [0.3799, 268581.0], [0.3798, 154348.0], [0.3797, 124112.0], [0.3796, 377903.0], [0.3795, 130174.0], [0.3794, 199403.0], [0.3793, 243663.0]], "asks": [[0.3813, 95546.0], [0.3814, 287231.0], [0.3815, 232264.0], [0.3816, 359982.0], [0.3817, 323634.0], [0.3818, 283441.0], [0.3819, 159692.0], [0.382, 293668.0], [0.3821, 240952.0], [0.3822, 278958.0], [0.3823, 191595.0], [0.3824, 200428.0], [0.3825, 250125.0], [0.3826, 134240.0], [0.3827, 183283.0], [0.3828, 117623.0], [0.3829, 99926.0], [0.383, 187030.0], [0.3831, 168968.0], [0.3832, 148785.0]], "timestamp": "2025-12-16T10:20:27.056622+00:00"}, {"symbol": "ADAUSDT", "bids": [[0.3811, 121662.0], [0.381, 203689.0], [0.3809, 383962.0], [0.3808, 326825.0], [0.3807, 131734.0], [0.3806, 243462.0], [0.3805, 248273.0], [0.3804, 122859.0], [0.3803, 104702.0], [0.3802, 136711.0], [0.3801, 179961.0], [0.38, 197759.0], [0.3799, 259692.0], [0.3798, 126440.0], [0.3797, 104931.0], [0.3796, 139091.0], [0.3795, 151565.0], [0.3794, 159535.0], [0.3793, 183202.0], [0.3792, 321406.0]], "asks": [[0.3812, 86400.0], [0.3813, 273509.0], [0.3814, 248100.0], [0.3815, 193033.0], [0.3816, 368051.0], [0.3817, 275153.0], [0.3818, 262978.0], [0.3819, 172829.0], [0.382, 194216.0], [0.3821, 191579.0], [0.3822, 337830.0], [0.3823, 184443.0], [0.3824, 281424.0], [0.3825, 156345.0], [0.3826, 141643.0], [0.3827, 154756.0], [0.3828, 132382.0], [0.3829, 91720.0], [0.383, 131357.0], [0.3831, 160408.0]], "timestamp": "2025-12-16T10:21:19.512093+00:00"}, {"symbol": "ADAUSDT", "bids": [[0.3816, 75619.0], [0.3815, 211626.0], [0.3814, 444711.0], [0.3813, 425540.0], [0.3812, 159134.0], [0.3811, 169665.0], [0.381, 152492.0], [0.3809, 263432.0], [0.3808, 175488.0], [0.3807, 152849.0], [0.3806, 161072.0], [0.3805, 146748.0], [0.3804, 235378.0], [0.3803, 104846.0], [0.3802, 132571.0], [0.3801, 181665.0], [0.38, 207146.0], [0.3799, 320385.0], [0.3798, 291734.0], [0.3797, 104176.0]], "asks": [[0.3817, 123394.0], [0.3818, 199184.0], [0.3819, 224639.0], [0.382, 201305.0], [0.3821, 270995.0], [0.3822, 164475.0], [0.3823, 214189.0], [0.3824, 338864.0], [0.3825, 273866.0], [0.3826, 188803.0], [0.3827, 205337.0], [0.3828, 242562.0], [0.3829, 170596.0], [0.383, 189498.0], [0.3831, 154271.0], [0.3832, 207892.0], [0.3833, 155668.0], [0.3834, 195617.0], [0.3835, 139827.0], [0.3836, 163805.0]], "timestamp": "2025-12-16T10:22:12.227419+00:00"}, {"symbol": "ADAUSDT", "bids": [[0.3817, 136004.0], [0.3816, 256110.0], [0.3815, 352007.0], [0.3814, 421244.0], [0.3813, 286343.0], [0.3812, 145072.0], [0.3811, 183133.0], [0.381, 216463.0], [0.3809, 153049.0], [0.3808, 207542.0], [0.3807, 146696.0], [0.3806, 123666.0], [0.3805, 258643.0], [0.3804, 116337.0], [0.3803, 160702.0], [0.3802, 141793.0], [0.3801, 165468.0], [0.38, 180347.0], [0.3799, 294063.0], [0.3798, 291679.0]], "asks": [[0.3818, 83701.0], [0.3819, 183749.0], [0.382, 229653.0], [0.3821, 259272.0], [0.3822, 175615.0], [0.3823, 287988.0], [0.3824, 267487.0], [0.3825, 279380.0], [0.3826, 220721.0], [0.3827, 207951.0], [0.3828, 180625.0], [0.3829, 280406.0], [0.383, 168513.0], [0.3831, 147998.0], [0.3832, 241179.0], [0.3833, 155373.0], [0.3834, 203235.0], [0.3835, 132246.0], [0.3836, 163805.0], [0.3837, 122126.0]], "timestamp": "2025-12-16T10:23:04.186346+00:00"}, {"symbol": "ADAUSDT", "bids": [[0.3816, 155974.0], [0.3815, 316367.0], [0.3814, 387959.0], [0.3813, 404114.0], [0.3812, 162543.0], [0.3811, 182116.0], [0.381, 218552.0], [0.3809, 143732.0], [0.3808, 146747.0], [0.3807, 93248.0], [0.3806, 158081.0], [0.3805, 257347.0], [0.3804, 115719.0], [0.3803, 180920.0], [0.3802, 149190.0], [0.3801, 202527.0], [0.38, 170347.0], [0.3799, 294071.0], [0.3798, 291841.0], [0.3797, 120097.0]], "asks": [[0.3817, 77512.0], [0.3818, 246279.0], [0.3819, 201866.0], [0.382, 204247.0], [0.3821, 260570.0], [0.3822, 186208.0], [0.3823, 324979.0], [0.3824, 263953.0], [0.3825, 276976.0], [0.3826, 197513.0], [0.3827, 238788.0], [0.3828, 168563.0], [0.3829, 282758.0], [0.383, 179481.0], [0.3831, 141737.0], [0.3832, 220826.0], [0.3833, 155390.0], [0.3834, 178411.0], [0.3835, 129608.0], [0.3836, 179501.0]], "timestamp": "2025-12-16T10:23:55.671458+00:00"}, {"symbol": "ADAUSDT", "bids": [[0.3819, 137790.0], [0.3818, 261114.0], [0.3817, 333746.0], [0.3816, 411260.0], [0.3815, 255264.0], [0.3814, 262499.0], [0.3813, 177552.0], [0.3812, 135434.0], [0.3811, 133962.0], [0.381, 108947.0], [0.3809, 144327.0], [0.3808, 114257.0], [0.3807, 212120.0], [0.3806, 149739.0], [0.3805, 163319.0], [0.3804, 231876.0], [0.3803, 217145.0], [0.3802, 140126.0], [0.3801, 213130.0], [0.38, 269401.0]], "asks": [[0.382, 86771.0], [0.3821, 211633.0], [0.3822, 195429.0], [0.3823, 203778.0], [0.3824, 327401.0], [0.3825, 206752.0], [0.3826, 240273.0], [0.3827, 201990.0], [0.3828, 204455.0], [0.3829, 284730.0], [0.383, 192183.0], [0.3831, 263973.0], [0.3832, 236946.0], [0.3833, 151285.0], [0.3834, 205478.0], [0.3835, 134771.0], [0.3836, 121811.0], [0.3837, 149728.0], [0.3838, 274804.0], [0.3839, 241134.0]], "timestamp": "2025-12-16T10:24:47.463319+00:00"}, {"symbol": "ADAUSDT", "bids": [[0.3818, 100445.0], [0.3817, 225694.0], [0.3816, 414542.0], [0.3815, 241712.0], [0.3814, 301255.0], [0.3813, 255123.0], [0.3812, 138224.0], [0.3811, 153815.0], [0.381, 110726.0], [0.3809, 110529.0], [0.3808, 112529.0], [0.3807, 236175.0], [0.3806, 183890.0], [0.3805, 162782.0], [0.3804, 239525.0], [0.3803, 217381.0], [0.3802, 161045.0], [0.3801, 213433.0], [0.38, 269219.0], [0.3799, 222338.0]], "asks": [[0.3819, 156104.0], [0.382, 300257.0], [0.3821, 253164.0], [0.3822, 269860.0], [0.3823, 222987.0], [0.3824, 223780.0], [0.3825, 221460.0], [0.3826, 244516.0], [0.3827, 202152.0], [0.3828, 236304.0], [0.3829, 284573.0], [0.383, 139375.0], [0.3831, 167850.0], [0.3832, 282952.0], [0.3833, 145710.0], [0.3834, 198346.0], [0.3835, 134910.0], [0.3836, 120993.0], [0.3837, 142300.0], [0.3838, 214973.0]], "timestamp": "2025-12-16T10:25:39.168620+00:00"}, {"symbol": "ADAUSDT", "bids": [[0.3824, 149991.0], [0.3823, 297119.0], [0.3822, 322185.0], [0.3821, 366566.0], [0.382, 237886.0], [0.3819, 295470.0], [0.3818, 289625.0], [0.3817, 206363.0], [0.3816, 131570.0], [0.3815, 159132.0], [0.3814, 147670.0], [0.3813, 124781.0], [0.3812, 225054.0], [0.3811, 96525.0], [0.381, 170511.0], [0.3809, 146091.0], [0.3808, 91247.0], [0.3807, 121464.0], [0.3806, 127325.0], [0.3805, 186691.0]], "asks": [[0.3825, 79881.0], [0.3826, 190496.0], [0.3827, 281500.0], [0.3828, 258819.0], [0.3829, 295050.0], [0.383, 208230.0], [0.3831, 173516.0], [0.3832, 190891.0], [0.3833, 263654.0], [0.3834, 208813.0], [0.3835, 258529.0], [0.3836, 238577.0], [0.3837, 187207.0], [0.3838, 157603.0], [0.3839, 224631.0], [0.384, 172108.0], [0.3841, 263635.0], [0.3842, 156650.0], [0.3843, 88269.0], [0.3844, 92574.0]], "timestamp": "2025-12-16T10:26:31.296238+00:00"}, {"symbol": "ADAUSDT", "bids": [[0.3824, 84048.0], [0.3823, 244943.0], [0.3822, 335720.0], [0.3821, 257298.0], [0.382, 347042.0], [0.3819, 232968.0], [0.3818, 217994.0], [0.3817, 137809.0], [0.3816, 146949.0], [0.3815, 92712.0], [0.3814, 187207.0], [0.3813, 125204.0], [0.3812, 264442.0], [0.3811, 174309.0], [0.381, 110722.0], [0.3809, 152273.0], [0.3808, 176876.0], [0.3807, 143244.0], [0.3806, 134460.0], [0.3805, 221351.0]], "asks": [[0.3825, 155564.0], [0.3826, 264126.0], [0.3827, 327512.0], [0.3828, 310741.0], [0.3829, 206475.0], [0.383, 250077.0], [0.3831, 252221.0], [0.3832, 213390.0], [0.3833, 190827.0], [0.3834, 160276.0], [0.3835, 239993.0], [0.3836, 146237.0], [0.3837, 354406.0], [0.3838, 143839.0], [0.3839, 218515.0], [0.384, 159378.0], [0.3841, 200517.0], [0.3842, 176275.0], [0.3843, 90936.0], [0.3844, 181957.0]], "timestamp": "2025-12-16T10:27:22.918567+00:00"}, {"symbol": "ADAUSDT", "bids": [[0.3824, 86855.0], [0.3823, 252606.0], [0.3822, 380708.0], [0.3821, 231684.0], [0.382, 375178.0], [0.3819, 304201.0], [0.3818, 119311.0], [0.3817, 133677.0], [0.3816, 161556.0], [0.3815, 92695.0], [0.3814, 152445.0], [0.3813, 268862.0], [0.3812, 105180.0], [0.3811, 174409.0], [0.381, 138174.0], [0.3809, 277371.0], [0.3808, 184722.0], [0.3807, 158430.0], [0.3806, 214901.0], [0.3805, 127403.0]], "asks": [[0.3825, 192600.0], [0.3826, 316202.0], [0.3827, 270132.0], [0.3828, 335417.0], [0.3829, 205369.0], [0.383, 253435.0], [0.3831, 255926.0], [0.3832, 220620.0], [0.3833, 148768.0], [0.3834, 175540.0], [0.3835, 226490.0], [0.3836, 184216.0], [0.3837, 275442.0], [0.3838, 249509.0], [0.3839, 218226.0], [0.384, 158988.0], [0.3841, 200517.0], [0.3842, 202314.0], [0.3843, 90936.0], [0.3844, 188500.0]], "timestamp": "2025-12-16T10:28:14.698587+00:00"}, {"symbol": "ADAUSDT", "bids": [[0.3819, 144847.0], [0.3818, 160095.0], [0.3817, 277041.0], [0.3816, 199615.0], [0.3815, 195155.0], [0.3814, 155528.0], [0.3813, 158411.0], [0.3812, 224803.0], [0.3811, 156667.0], [0.381, 96432.0], [0.3809, 172016.0], [0.3808, 118614.0], [0.3807, 129594.0], [0.3806, 267194.0], [0.3805, 148900.0], [0.3804, 143066.0], [0.3803, 189696.0], [0.3802, 202651.0], [0.3801, 209095.0], [0.38, 237042.0]], "asks": [[0.382, 95523.0], [0.3821, 298504.0], [0.3822, 352670.0], [0.3823, 333787.0], [0.3824, 257021.0], [0.3825, 223937.0], [0.3826, 240757.0], [0.3827, 218400.0], [0.3828, 219227.0], [0.3829, 263695.0], [0.383, 310815.0], [0.3831, 258463.0], [0.3832, 141238.0], [0.3833, 122449.0], [0.3834, 95472.0], [0.3835, 141578.0], [0.3836, 149191.0], [0.3837, 130307.0], [0.3838, 135188.0], [0.3839, 209132.0]], "timestamp": "2025-12-16T10:29:07.019029+00:00"}, {"symbol": "ADAUSDT", "bids": [[0.3818, 64747.0], [0.3817, 145707.0], [0.3816, 316571.0], [0.3815, 173738.0], [0.3814, 235650.0], [0.3813, 162706.0], [0.3812, 184355.0], [0.3811, 117874.0], [0.381, 142036.0], [0.3809, 198268.0], [0.3808, 118866.0], [0.3807, 129564.0], [0.3806, 266988.0], [0.3805, 150655.0], [0.3804, 150479.0], [0.3803, 189696.0], [0.3802, 199528.0], [0.3801, 212154.0], [0.38, 237042.0], [0.3799, 414669.0]], "asks": [[0.3819, 73728.0], [0.382, 227012.0], [0.3821, 313108.0], [0.3822, 231165.0], [0.3823, 333977.0], [0.3824, 299425.0], [0.3825, 279904.0], [0.3826, 194449.0], [0.3827, 217430.0], [0.3828, 206943.0], [0.3829, 264354.0], [0.383, 252111.0], [0.3831, 250489.0], [0.3832, 159333.0], [0.3833, 106048.0], [0.3834, 87522.0], [0.3835, 141578.0], [0.3836, 123634.0], [0.3837, 160307.0], [0.3838, 133445.0]], "timestamp": "2025-12-16T10:30:00.403504+00:00"}, {"symbol": "ADAUSDT", "bids": [[0.3818, 118901.0], [0.3817, 136209.0], [0.3816, 325641.0], [0.3815, 224022.0], [0.3814, 162333.0], [0.3813, 150197.0], [0.3812, 277930.0], [0.3811, 112629.0], [0.381, 96035.0], [0.3809, 106886.0], [0.3808, 101853.0], [0.3807, 129564.0], [0.3806, 316079.0], [0.3805, 148900.0], [0.3804, 150984.0], [0.3803, 228714.0], [0.3802, 202477.0], [0.3801, 209252.0], [0.38, 237554.0], [0.3799, 414426.0]], "asks": [[0.3819, 130278.0], [0.382, 284935.0], [0.3821, 268543.0], [0.3822, 253931.0], [0.3823, 366028.0], [0.3824, 305714.0], [0.3825, 273879.0], [0.3826, 178384.0], [0.3827, 212017.0], [0.3828, 217676.0], [0.3829, 258125.0], [0.383, 222496.0], [0.3831, 255651.0], [0.3832, 135315.0], [0.3833, 118776.0], [0.3834, 127785.0], [0.3835, 141727.0], [0.3836, 141691.0], [0.3837, 159864.0], [0.3838, 205952.0]], "timestamp": "2025-12-16T10:30:53.194046+00:00"}, {"symbol": "ADAUSDT", "bids": [[0.382, 111449.0], [0.3819, 236004.0], [0.3818, 384619.0], [0.3817, 284246.0], [0.3816, 197102.0], [0.3815, 210193.0], [0.3814, 131097.0], [0.3813, 132122.0], [0.3812, 155161.0], [0.3811, 139534.0], [0.381, 145066.0], [0.3809, 232767.0], [0.3808, 144289.0], [0.3807, 175099.0], [0.3806, 133806.0], [0.3805, 141539.0], [0.3804, 141209.0], [0.3803, 206911.0], [0.3802, 274614.0], [0.3801, 176095.0]], "asks": [[0.3821, 42663.0], [0.3822, 181693.0], [0.3823, 316945.0], [0.3824, 269587.0], [0.3825, 304546.0], [0.3826, 200570.0], [0.3827, 219465.0], [0.3828, 257753.0], [0.3829, 279793.0], [0.383, 299872.0], [0.3831, 182615.0], [0.3832, 213999.0], [0.3833, 205424.0], [0.3834, 142903.0], [0.3835, 172707.0], [0.3836, 162593.0], [0.3837, 152078.0], [0.3838, 135249.0], [0.3839, 141856.0], [0.384, 122232.0]], "timestamp": "2025-12-16T10:31:46.089881+00:00"}, {"symbol": "ADAUSDT", "bids": [[0.3823, 97428.0], [0.3822, 262236.0], [0.3821, 268939.0], [0.382, 265675.0], [0.3819, 438171.0], [0.3818, 231771.0], [0.3817, 188848.0], [0.3816, 207772.0], [0.3815, 120258.0], [0.3814, 211368.0], [0.3813, 122957.0], [0.3812, 148739.0], [0.3811, 313063.0], [0.381, 89094.0], [0.3809, 105753.0], [0.3808, 86197.0], [0.3807, 130756.0], [0.3806, 126377.0], [0.3805, 128428.0], [0.3804, 136526.0]], "asks": [[0.3824, 106394.0], [0.3825, 253723.0], [0.3826, 247019.0], [0.3827, 272599.0], [0.3828, 202785.0], [0.3829, 235229.0], [0.383, 277079.0], [0.3831, 197222.0], [0.3832, 235452.0], [0.3833, 195183.0], [0.3834, 222583.0], [0.3835, 274976.0], [0.3836, 164461.0], [0.3837, 159443.0], [0.3838, 185125.0], [0.3839, 167914.0], [0.384, 122200.0], [0.3841, 291109.0], [0.3842, 154069.0], [0.3843, 88252.0]], "timestamp": "2025-12-16T10:32:38.865168+00:00"}, {"symbol": "ADAUSDT", "bids": [[0.3824, 75793.0], [0.3823, 285191.0], [0.3822, 377148.0], [0.3821, 245531.0], [0.382, 353479.0], [0.3819, 279712.0], [0.3818, 231961.0], [0.3817, 227779.0], [0.3816, 134660.0], [0.3815, 140463.0], [0.3814, 165840.0], [0.3813, 141308.0], [0.3812, 313757.0], [0.3811, 155021.0], [0.381, 88465.0], [0.3809, 124183.0], [0.3808, 84979.0], [0.3807, 124261.0], [0.3806, 137243.0], [0.3805, 230824.0]], "asks": [[0.3825, 57984.0], [0.3826, 244733.0], [0.3827, 286510.0], [0.3828, 271376.0], [0.3829, 187995.0], [0.383, 348768.0], [0.3831, 153421.0], [0.3832, 165753.0], [0.3833, 228770.0], [0.3834, 224056.0], [0.3835, 169373.0], [0.3836, 171666.0], [0.3837, 318353.0], [0.3838, 205162.0], [0.3839, 186197.0], [0.384, 150901.0], [0.3841, 228451.0], [0.3842, 222164.0], [0.3843, 155027.0], [0.3844, 101346.0]], "timestamp": "2025-12-16T10:33:31.287197+00:00"}, {"symbol": "ADAUSDT", "bids": [[0.3825, 144406.0], [0.3824, 283347.0], [0.3823, 336327.0], [0.3822, 299107.0], [0.3821, 382462.0], [0.382, 251758.0], [0.3819, 339041.0], [0.3818, 214949.0], [0.3817, 139615.0], [0.3816, 143543.0], [0.3815, 129625.0], [0.3814, 158401.0], [0.3813, 260283.0], [0.3812, 229109.0], [0.3811, 170727.0], [0.381, 88520.0], [0.3809, 130553.0], [0.3808, 85255.0], [0.3807, 130388.0], [0.3806, 210424.0]], "asks": [[0.3826, 79371.0], [0.3827, 156748.0], [0.3828, 353881.0], [0.3829, 325724.0], [0.383, 234837.0], [0.3831, 232113.0], [0.3832, 240218.0], [0.3833, 167683.0], [0.3834, 237446.0], [0.3835, 203068.0], [0.3836, 166186.0], [0.3837, 308389.0], [0.3838, 146739.0], [0.3839, 95409.0], [0.384, 186412.0], [0.3841, 230193.0], [0.3842, 230897.0], [0.3843, 115000.0], [0.3844, 170485.0], [0.3845, 287111.0]], "timestamp": "2025-12-16T10:34:24.145884+00:00"}, {"symbol": "ADAUSDT", "bids": [[0.3827, 95325.0], [0.3826, 199749.0], [0.3825, 383749.0], [0.3824, 265883.0], [0.3823, 408841.0], [0.3822, 239156.0], [0.3821, 330055.0], [0.382, 204607.0], [0.3819, 166406.0], [0.3818, 97146.0], [0.3817, 117996.0], [0.3816, 146950.0], [0.3815, 242326.0], [0.3814, 154255.0], [0.3813, 169827.0], [0.3812, 176683.0], [0.3811, 176997.0], [0.381, 87392.0], [0.3809, 171395.0], [0.3808, 188401.0]], "asks": [[0.3828, 157630.0], [0.3829, 279359.0], [0.383, 387397.0], [0.3831, 304549.0], [0.3832, 219323.0], [0.3833, 259112.0], [0.3834, 252662.0], [0.3835, 160651.0], [0.3836, 150214.0], [0.3837, 270962.0], [0.3838, 191049.0], [0.3839, 230803.0], [0.384, 231128.0], [0.3841, 221674.0], [0.3842, 194153.0], [0.3843, 108511.0], [0.3844, 179023.0], [0.3845, 91793.0], [0.3846, 209643.0], [0.3847, 146543.0]], "timestamp": "2025-12-16T10:35:16.971363+00:00"}, {"symbol": "ADAUSDT", "bids": [[0.3828, 149119.0], [0.3827, 270960.0], [0.3826, 302871.0], [0.3825, 292605.0], [0.3824, 370583.0], [0.3823, 303601.0], [0.3822, 228828.0], [0.3821, 219338.0], [0.382, 127987.0], [0.3819, 164912.0], [0.3818, 122656.0], [0.3817, 243314.0], [0.3816, 134178.0], [0.3815, 122842.0], [0.3814, 165347.0], [0.3813, 133257.0], [0.3812, 218725.0], [0.3811, 130813.0], [0.381, 98421.0], [0.3809, 255224.0]], "asks": [[0.3829, 95685.0], [0.383, 207446.0], [0.3831, 290985.0], [0.3832, 291694.0], [0.3833, 228719.0], [0.3834, 186781.0], [0.3835, 174038.0], [0.3836, 217889.0], [0.3837, 286860.0], [0.3838, 211040.0], [0.3839, 165902.0], [0.384, 246833.0], [0.3841, 320605.0], [0.3842, 208367.0], [0.3843, 155733.0], [0.3844, 183174.0], [0.3845, 99023.0], [0.3846, 195373.0], [0.3847, 76035.0], [0.3848, 141718.0]], "timestamp": "2025-12-16T10:36:09.176956+00:00"}, {"symbol": "ADAUSDT", "bids": [[0.3833, 93648.0], [0.3832, 240025.0], [0.3831, 238941.0], [0.383, 273722.0], [0.3829, 314009.0], [0.3828, 275312.0], [0.3827, 276651.0], [0.3826, 219948.0], [0.3825, 193069.0], [0.3824, 194510.0], [0.3823, 138159.0], [0.3822, 108330.0], [0.3821, 125468.0], [0.382, 96166.0], [0.3819, 242505.0], [0.3818, 146831.0], [0.3817, 183933.0], [0.3816, 230941.0], [0.3815, 286271.0], [0.3814, 117712.0]], "asks": [[0.3834, 27727.0], [0.3835, 164853.0], [0.3836, 249113.0], [0.3837, 326358.0], [0.3838, 230044.0], [0.3839, 231738.0], [0.384, 189844.0], [0.3841, 262920.0], [0.3842, 247555.0], [0.3843, 159124.0], [0.3844, 285041.0], [0.3845, 136688.0], [0.3846, 183028.0], [0.3847, 120602.0], [0.3848, 223508.0], [0.3849, 232779.0], [0.385, 142600.0], [0.3851, 94288.0], [0.3852, 129231.0], [0.3853, 163914.0]], "timestamp": "2025-12-16T10:37:01.674337+00:00"}, {"symbol": "ADAUSDT", "bids": [[0.383, 82677.0], [0.3829, 248233.0], [0.3828, 351799.0], [0.3827, 269363.0], [0.3826, 419279.0], [0.3825, 216126.0], [0.3824, 137951.0], [0.3823, 189238.0], [0.3822, 125921.0], [0.3821, 165856.0], [0.382, 121194.0], [0.3819, 171407.0], [0.3818, 170342.0], [0.3817, 281323.0], [0.3816, 156282.0], [0.3815, 265274.0], [0.3814, 180389.0], [0.3813, 149234.0], [0.3812, 165110.0], [0.3811, 227275.0]], "asks": [[0.3831, 125001.0], [0.3832, 245114.0], [0.3833, 242772.0], [0.3834, 366112.0], [0.3835, 196135.0], [0.3836, 187438.0], [0.3837, 305359.0], [0.3838, 211536.0], [0.3839, 217131.0], [0.384, 237818.0], [0.3841, 332737.0], [0.3842, 175365.0], [0.3843, 84348.0], [0.3844, 150604.0], [0.3845, 112901.0], [0.3846, 171236.0], [0.3847, 84856.0], [0.3848, 171035.0], [0.3849, 130411.0], [0.385, 205279.0]], "timestamp": "2025-12-16T10:37:53.756423+00:00"}, {"symbol": "ADAUSDT", "bids": [[0.3831, 86825.0], [0.383, 270758.0], [0.3829, 271503.0], [0.3828, 285791.0], [0.3827, 421272.0], [0.3826, 259132.0], [0.3825, 140486.0], [0.3824, 147061.0], [0.3823, 185834.0], [0.3822, 119700.0], [0.3821, 155522.0], [0.382, 77129.0], [0.3819, 196911.0], [0.3818, 309592.0], [0.3817, 217167.0], [0.3816, 158523.0], [0.3815, 232124.0], [0.3814, 111212.0], [0.3813, 184613.0], [0.3812, 258511.0]], "asks": [[0.3832, 72577.0], [0.3833, 199358.0], [0.3834, 239387.0], [0.3835, 265612.0], [0.3836, 173815.0], [0.3837, 225557.0], [0.3838, 233053.0], [0.3839, 170777.0], [0.384, 177650.0], [0.3841, 272621.0], [0.3842, 146603.0], [0.3843, 121850.0], [0.3844, 295073.0], [0.3845, 110488.0], [0.3846, 191100.0], [0.3847, 100310.0], [0.3848, 188085.0], [0.3849, 156984.0], [0.385, 231830.0], [0.3851, 163534.0]], "timestamp": "2025-12-16T10:38:46.653162+00:00"}, {"symbol": "ADAUSDT", "bids": [[0.3841, 93015.0], [0.384, 153556.0], [0.3839, 302757.0], [0.3838, 175519.0], [0.3837, 183745.0], [0.3836, 147227.0], [0.3835, 174302.0], [0.3834, 109131.0], [0.3833, 80255.0], [0.3832, 103856.0], [0.3831, 114694.0], [0.383, 283845.0], [0.3829, 88770.0], [0.3828, 129229.0], [0.3827, 115597.0], [0.3826, 140072.0], [0.3825, 201983.0], [0.3824, 116777.0], [0.3823, 114302.0], [0.3822, 121991.0]], "asks": [[0.3842, 132466.0], [0.3843, 184756.0], [0.3844, 204083.0], [0.3845, 270237.0], [0.3846, 182213.0], [0.3847, 234183.0], [0.3848, 157990.0], [0.3849, 145851.0], [0.385, 145429.0], [0.3851, 115272.0], [0.3852, 83689.0], [0.3853, 121174.0], [0.3854, 113929.0], [0.3855, 154700.0], [0.3856, 179279.0], [0.3857, 90596.0], [0.3858, 73754.0], [0.3859, 106477.0], [0.386, 252011.0], [0.3861, 100470.0]], "timestamp": "2025-12-16T10:39:39.664090+00:00"}, {"symbol": "ADAUSDT", "bids": [[0.3852, 134531.0], [0.3851, 217377.0], [0.385, 344615.0], [0.3849, 208427.0], [0.3848, 366332.0], [0.3847, 207290.0], [0.3846, 245092.0], [0.3845, 242609.0], [0.3844, 170483.0], [0.3843, 144725.0], [0.3842, 137890.0], [0.3841, 93087.0], [0.384, 253574.0], [0.3839, 122710.0], [0.3838, 124559.0], [0.3837, 128613.0], [0.3836, 243111.0], [0.3835, 145293.0], [0.3834, 144177.0], [0.3833, 73452.0]], "asks": [[0.3853, 114793.0], [0.3854, 111345.0], [0.3855, 228316.0], [0.3856, 162603.0], [0.3857, 112467.0], [0.3858, 131864.0], [0.3859, 147707.0], [0.386, 200868.0], [0.3861, 180233.0], [0.3862, 106839.0], [0.3863, 125102.0], [0.3864, 117421.0], [0.3865, 120703.0], [0.3866, 154830.0], [0.3867, 140249.0], [0.3868, 111716.0], [0.3869, 151846.0], [0.387, 267148.0], [0.3871, 148609.0], [0.3872, 152409.0]], "timestamp": "2025-12-16T10:40:31.346103+00:00"}, {"symbol": "ADAUSDT", "bids": [[0.385, 95335.0], [0.3849, 228585.0], [0.3848, 368420.0], [0.3847, 244537.0], [0.3846, 291406.0], [0.3845, 126103.0], [0.3844, 187474.0], [0.3843, 113917.0], [0.3842, 202830.0], [0.3841, 98333.0], [0.384, 253263.0], [0.3839, 199222.0], [0.3838, 254381.0], [0.3837, 116526.0], [0.3836, 142701.0], [0.3835, 144366.0], [0.3834, 169789.0], [0.3833, 88613.0], [0.3832, 218265.0], [0.3831, 89705.0]], "asks": [[0.3851, 176439.0], [0.3852, 178641.0], [0.3853, 269731.0], [0.3854, 320529.0], [0.3855, 236712.0], [0.3856, 160105.0], [0.3857, 220877.0], [0.3858, 123803.0], [0.3859, 144031.0], [0.386, 241087.0], [0.3861, 137170.0], [0.3862, 175997.0], [0.3863, 198151.0], [0.3864, 107901.0], [0.3865, 110776.0], [0.3866, 215681.0], [0.3867, 181070.0], [0.3868, 114888.0], [0.3869, 108287.0], [0.387, 162782.0]], "timestamp": "2025-12-16T10:41:23.589602+00:00"}, {"symbol": "ADAUSDT", "bids": [[0.3865, 71733.0], [0.3864, 231516.0], [0.3863, 309945.0], [0.3862, 218110.0], [0.3861, 233461.0], [0.386, 360854.0], [0.3859, 251341.0], [0.3858, 250245.0], [0.3857, 160642.0], [0.3856, 209208.0], [0.3855, 145741.0], [0.3854, 84671.0], [0.3853, 89572.0], [0.3852, 209935.0], [0.3851, 101756.0], [0.385, 106119.0], [0.3849, 101376.0], [0.3848, 180797.0], [0.3847, 91878.0], [0.3846, 105956.0]], "asks": [[0.3866, 119992.0], [0.3867, 151706.0], [0.3868, 201197.0], [0.3869, 336397.0], [0.387, 165309.0], [0.3871, 153352.0], [0.3872, 92113.0], [0.3873, 123884.0], [0.3874, 96002.0], [0.3875, 206955.0], [0.3876, 97787.0], [0.3877, 87368.0], [0.3878, 135275.0], [0.3879, 147004.0], [0.388, 189938.0], [0.3881, 110308.0], [0.3882, 122882.0], [0.3883, 118639.0], [0.3884, 155371.0], [0.3885, 174291.0]], "timestamp": "2025-12-16T10:42:15.430816+00:00"}, {"symbol": "ADAUSDT", "bids": [[0.3874, 74307.0], [0.3873, 200809.0], [0.3872, 290165.0], [0.3871, 222882.0], [0.387, 327233.0], [0.3869, 213035.0], [0.3868, 278712.0], [0.3867, 221873.0], [0.3866, 184657.0], [0.3865, 156065.0], [0.3864, 196707.0], [0.3863, 104082.0], [0.3862, 118308.0], [0.3861, 104194.0], [0.386, 164060.0], [0.3859, 202873.0], [0.3858, 120858.0], [0.3857, 114502.0], [0.3856, 122551.0], [0.3855, 69340.0]], "asks": [[0.3875, 108827.0], [0.3876, 117706.0], [0.3877, 384630.0], [0.3878, 203810.0], [0.3879, 135619.0], [0.388, 311853.0], [0.3881, 81207.0], [0.3882, 123167.0], [0.3883, 107127.0], [0.3884, 77207.0], [0.3885, 124429.0], [0.3886, 106786.0], [0.3887, 215873.0], [0.3888, 182667.0], [0.3889, 173758.0], [0.389, 227107.0], [0.3891, 60129.0], [0.3892, 150799.0], [0.3893, 96629.0], [0.3894, 164708.0]], "timestamp": "2025-12-16T10:43:07.022032+00:00"}, {"symbol": "ADAUSDT", "bids": [[0.3892, 23912.0], [0.3891, 156082.0], [0.389, 282207.0], [0.3889, 209877.0], [0.3888, 299167.0], [0.3887, 225520.0], [0.3886, 243254.0], [0.3885, 280577.0], [0.3884, 166468.0], [0.3883, 158021.0], [0.3882, 154316.0], [0.3881, 83793.0], [0.388, 115515.0], [0.3879, 239220.0], [0.3878, 111876.0], [0.3877, 101505.0], [0.3876, 114687.0], [0.3875, 63420.0], [0.3874, 128872.0], [0.3873, 97864.0]], "asks": [[0.3893, 88314.0], [0.3894, 136734.0], [0.3895, 173857.0], [0.3896, 228496.0], [0.3897, 81011.0], [0.3898, 98436.0], [0.3899, 152239.0], [0.39, 162381.0], [0.3901, 104647.0], [0.3902, 221573.0], [0.3903, 104488.0], [0.3904, 74195.0], [0.3905, 90260.0], [0.3906, 155547.0], [0.3907, 177553.0], [0.3908, 78253.0], [0.3909, 103090.0], [0.391, 126621.0], [0.3911, 92161.0], [0.3912, 306058.0]], "timestamp": "2025-12-16T10:43:59.547255+00:00"}, {"symbol": "ADAUSDT", "bids": [[0.3885, 55669.0], [0.3884, 315420.0], [0.3883, 266777.0], [0.3882, 168947.0], [0.3881, 199700.0], [0.388, 258525.0], [0.3879, 250466.0], [0.3878, 300937.0], [0.3877, 126307.0], [0.3876, 115292.0], [0.3875, 165447.0], [0.3874, 105995.0], [0.3873, 229495.0], [0.3872, 107987.0], [0.3871, 95609.0], [0.387, 177841.0], [0.3869, 99898.0], [0.3868, 148131.0], [0.3867, 140574.0], [0.3866, 203259.0]], "asks": [[0.3886, 118511.0], [0.3887, 172277.0], [0.3888, 261177.0], [0.3889, 134500.0], [0.389, 119791.0], [0.3891, 195756.0], [0.3892, 181922.0], [0.3893, 135276.0], [0.3894, 157276.0], [0.3895, 123842.0], [0.3896, 103855.0], [0.3897, 168805.0], [0.3898, 202515.0], [0.3899, 194048.0], [0.39, 554600.0], [0.3901, 105237.0], [0.3902, 200142.0], [0.3903, 77395.0], [0.3904, 89380.0], [0.3905, 170409.0]], "timestamp": "2025-12-16T10:44:52.569703+00:00"}, {"symbol": "ADAUSDT", "bids": [[0.3889, 71049.0], [0.3888, 269733.0], [0.3887, 345966.0], [0.3886, 239222.0], [0.3885, 276686.0], [0.3884, 193310.0], [0.3883, 115758.0], [0.3882, 220793.0], [0.3881, 108073.0], [0.388, 105929.0], [0.3879, 91671.0], [0.3878, 88959.0], [0.3877, 88968.0], [0.3876, 108189.0], [0.3875, 149500.0], [0.3874, 77274.0], [0.3873, 124573.0], [0.3872, 240890.0], [0.3871, 109606.0], [0.387, 178455.0]], "asks": [[0.389, 95557.0], [0.3891, 100966.0], [0.3892, 308797.0], [0.3893, 317315.0], [0.3894, 134431.0], [0.3895, 258833.0], [0.3896, 170479.0], [0.3897, 165270.0], [0.3898, 111538.0], [0.3899, 162288.0], [0.39, 186074.0], [0.3901, 89887.0], [0.3902, 245783.0], [0.3903, 187177.0], [0.3904, 146854.0], [0.3905, 148536.0], [0.3906, 93759.0], [0.3907, 126262.0], [0.3908, 134253.0], [0.3909, 138076.0]], "timestamp": "2025-12-16T10:45:45.357049+00:00"}, {"symbol": "ADAUSDT", "bids": [[0.3903, 103283.0], [0.3902, 200025.0], [0.3901, 213963.0], [0.39, 139236.0], [0.3899, 283749.0], [0.3898, 200072.0], [0.3897, 180611.0], [0.3896, 232049.0], [0.3895, 92401.0], [0.3894, 108287.0], [0.3893, 98321.0], [0.3892, 127827.0], [0.3891, 72484.0], [0.389, 113733.0], [0.3889, 96298.0], [0.3888, 195695.0], [0.3887, 241088.0], [0.3886, 90703.0], [0.3885, 101776.0], [0.3884, 163953.0]], "asks": [[0.3904, 54842.0], [0.3905, 77806.0], [0.3906, 267169.0], [0.3907, 310846.0], [0.3908, 196636.0], [0.3909, 207987.0], [0.391, 126303.0], [0.3911, 176274.0], [0.3912, 141989.0], [0.3913, 142078.0], [0.3914, 113636.0], [0.3915, 97627.0], [0.3916, 135156.0], [0.3917, 251423.0], [0.3918, 137853.0], [0.3919, 120544.0], [0.392, 167062.0], [0.3921, 58828.0], [0.3922, 94706.0], [0.3923, 187114.0]], "timestamp": "2025-12-16T10:46:38.074382+00:00"}, {"symbol": "ADAUSDT", "bids": [[0.3894, 100118.0], [0.3893, 177552.0], [0.3892, 232414.0], [0.3891, 176310.0], [0.389, 247742.0], [0.3889, 130572.0], [0.3888, 159122.0], [0.3887, 184731.0], [0.3886, 141421.0], [0.3885, 96000.0], [0.3884, 118968.0], [0.3883, 89317.0], [0.3882, 252275.0], [0.3881, 105066.0], [0.388, 152826.0], [0.3879, 125519.0], [0.3878, 149136.0], [0.3877, 150111.0], [0.3876, 220170.0], [0.3875, 344623.0]], "asks": [[0.3895, 139233.0], [0.3896, 131008.0], [0.3897, 296556.0], [0.3898, 236601.0], [0.3899, 208141.0], [0.39, 317011.0], [0.3901, 242328.0], [0.3902, 207871.0], [0.3903, 197968.0], [0.3904, 202741.0], [0.3905, 100524.0], [0.3906, 135181.0], [0.3907, 214839.0], [0.3908, 142502.0], [0.3909, 147246.0], [0.391, 134209.0], [0.3911, 108832.0], [0.3912, 156163.0], [0.3913, 99317.0], [0.3914, 136462.0]], "timestamp": "2025-12-16T10:47:29.921186+00:00"}, {"symbol": "ADAUSDT", "bids": [[0.3878, 100404.0], [0.3877, 134556.0], [0.3876, 198866.0], [0.3875, 211742.0], [0.3874, 133955.0], [0.3873, 137142.0], [0.3872, 185931.0], [0.3871, 89385.0], [0.387, 139022.0], [0.3869, 83462.0], [0.3868, 113208.0], [0.3867, 209460.0], [0.3866, 119504.0], [0.3865, 130062.0], [0.3864, 181107.0], [0.3863, 217509.0], [0.3862, 368366.0], [0.3861, 349419.0], [0.386, 120023.0], [0.3859, 130544.0]], "asks": [[0.3879, 81023.0], [0.388, 189127.0], [0.3881, 262923.0], [0.3882, 222285.0], [0.3883, 217034.0], [0.3884, 439587.0], [0.3885, 280408.0], [0.3886, 203274.0], [0.3887, 219899.0], [0.3888, 189150.0], [0.3889, 117474.0], [0.389, 96936.0], [0.3891, 85540.0], [0.3892, 124493.0], [0.3893, 106500.0], [0.3894, 72673.0], [0.3895, 104311.0], [0.3896, 71804.0], [0.3897, 129159.0], [0.3898, 196647.0]], "timestamp": "2025-12-16T10:48:22.316833+00:00"}, {"symbol": "ADAUSDT", "bids": [[0.3874, 100563.0], [0.3873, 157839.0], [0.3872, 218146.0], [0.3871, 141050.0], [0.387, 264564.0], [0.3869, 209630.0], [0.3868, 112818.0], [0.3867, 106811.0], [0.3866, 125068.0], [0.3865, 82962.0], [0.3864, 103336.0], [0.3863, 98294.0], [0.3862, 267272.0], [0.3861, 149190.0], [0.386, 193368.0], [0.3859, 114452.0], [0.3858, 245245.0], [0.3857, 131603.0], [0.3856, 311692.0], [0.3855, 179476.0]], "asks": [[0.3875, 140398.0], [0.3876, 209494.0], [0.3877, 199216.0], [0.3878, 217043.0], [0.3879, 270041.0], [0.388, 315972.0], [0.3881, 150512.0], [0.3882, 165296.0], [0.3883, 162963.0], [0.3884, 216682.0], [0.3885, 149232.0], [0.3886, 130648.0], [0.3887, 181561.0], [0.3888, 114523.0], [0.3889, 131272.0], [0.389, 128082.0], [0.3891, 75401.0], [0.3892, 102392.0], [0.3893, 120780.0], [0.3894, 159266.0]], "timestamp": "2025-12-16T10:49:14.265537+00:00"}, {"symbol": "ADAUSDT", "bids": [[0.3876, 105482.0], [0.3875, 245890.0], [0.3874, 293787.0], [0.3873, 296308.0], [0.3872, 317596.0], [0.3871, 250704.0], [0.387, 208774.0], [0.3869, 246411.0], [0.3868, 129027.0], [0.3867, 120890.0], [0.3866, 202829.0], [0.3865, 325764.0], [0.3864, 102847.0], [0.3863, 116176.0], [0.3862, 172499.0], [0.3861, 131841.0], [0.386, 128068.0], [0.3859, 106725.0], [0.3858, 219903.0], [0.3857, 110676.0]], "asks": [[0.3877, 107463.0], [0.3878, 219769.0], [0.3879, 301683.0], [0.388, 232684.0], [0.3881, 186689.0], [0.3882, 338221.0], [0.3883, 189100.0], [0.3884, 145541.0], [0.3885, 239576.0], [0.3886, 200057.0], [0.3887, 167667.0], [0.3888, 140248.0], [0.3889, 214632.0], [0.389, 102812.0], [0.3891, 76260.0], [0.3892, 117318.0], [0.3893, 141360.0], [0.3894, 105985.0], [0.3895, 128751.0], [0.3896, 113848.0]], "timestamp": "2025-12-16T10:50:06.533057+00:00"}, {"symbol": "ADAUSDT", "bids": [[0.3868, 106249.0], [0.3867, 115065.0], [0.3866, 238923.0], [0.3865, 161925.0], [0.3864, 150976.0], [0.3863, 179770.0], [0.3862, 193650.0], [0.3861, 312403.0], [0.386, 249478.0], [0.3859, 108257.0], [0.3858, 100707.0], [0.3857, 95301.0], [0.3856, 97981.0], [0.3855, 101967.0], [0.3854, 121736.0], [0.3853, 135508.0], [0.3852, 201816.0], [0.3851, 122270.0], [0.385, 97578.0], [0.3849, 203892.0]], "asks": [[0.3869, 44866.0], [0.387, 364644.0], [0.3871, 349208.0], [0.3872, 333659.0], [0.3873, 333979.0], [0.3874, 426622.0], [0.3875, 274236.0], [0.3876, 234314.0], [0.3877, 119026.0], [0.3878, 158090.0], [0.3879, 196220.0], [0.388, 250297.0], [0.3881, 86077.0], [0.3882, 129137.0], [0.3883, 124179.0], [0.3884, 138775.0], [0.3885, 135367.0], [0.3886, 95015.0], [0.3887, 159981.0], [0.3888, 159101.0]], "timestamp": "2025-12-16T10:50:59.549714+00:00"}, {"symbol": "ADAUSDT", "bids": [[0.3867, 210760.0], [0.3866, 158662.0], [0.3865, 245721.0], [0.3864, 268449.0], [0.3863, 257426.0], [0.3862, 174671.0], [0.3861, 144072.0], [0.386, 141538.0], [0.3859, 144260.0], [0.3858, 206145.0], [0.3857, 252145.0], [0.3856, 114629.0], [0.3855, 122675.0], [0.3854, 257016.0], [0.3853, 98656.0], [0.3852, 99883.0], [0.3851, 134253.0], [0.385, 170431.0], [0.3849, 297097.0], [0.3848, 197527.0]], "asks": [[0.3868, 205305.0], [0.3869, 163314.0], [0.387, 212109.0], [0.3871, 164278.0], [0.3872, 249642.0], [0.3873, 363892.0], [0.3874, 155472.0], [0.3875, 179040.0], [0.3876, 219833.0], [0.3877, 136455.0], [0.3878, 141662.0], [0.3879, 123691.0], [0.388, 160014.0], [0.3881, 226282.0], [0.3882, 130243.0], [0.3883, 108361.0], [0.3884, 108941.0], [0.3885, 192956.0], [0.3886, 154154.0], [0.3887, 79259.0]], "timestamp": "2025-12-16T10:51:51.501787+00:00"}, {"symbol": "ADAUSDT", "bids": [[0.3871, 97832.0], [0.387, 167219.0], [0.3869, 353236.0], [0.3868, 207583.0], [0.3867, 158692.0], [0.3866, 168892.0], [0.3865, 269327.0], [0.3864, 125319.0], [0.3863, 113244.0], [0.3862, 259095.0], [0.3861, 473047.0], [0.386, 111528.0], [0.3859, 114659.0], [0.3858, 126045.0], [0.3857, 206519.0], [0.3856, 243340.0], [0.3855, 149448.0], [0.3854, 86498.0], [0.3853, 181281.0], [0.3852, 381864.0]], "asks": [[0.3872, 77398.0], [0.3873, 374019.0], [0.3874, 323452.0], [0.3875, 164021.0], [0.3876, 167770.0], [0.3877, 268995.0], [0.3878, 221267.0], [0.3879, 182114.0], [0.388, 206043.0], [0.3881, 176364.0], [0.3882, 178437.0], [0.3883, 98341.0], [0.3884, 145531.0], [0.3885, 270737.0], [0.3886, 101737.0], [0.3887, 149159.0], [0.3888, 200581.0], [0.3889, 264514.0], [0.389, 161575.0], [0.3891, 131626.0]], "timestamp": "2025-12-16T10:52:43.116932+00:00"}, {"symbol": "ADAUSDT", "bids": [[0.3871, 64808.0], [0.387, 198004.0], [0.3869, 345301.0], [0.3868, 203220.0], [0.3867, 139234.0], [0.3866, 215815.0], [0.3865, 228395.0], [0.3864, 113789.0], [0.3863, 84989.0], [0.3862, 188959.0], [0.3861, 97011.0], [0.386, 247278.0], [0.3859, 112945.0], [0.3858, 144088.0], [0.3857, 249701.0], [0.3856, 187985.0], [0.3855, 202383.0], [0.3854, 112290.0], [0.3853, 255379.0], [0.3852, 237809.0]], "asks": [[0.3872, 167725.0], [0.3873, 404115.0], [0.3874, 358684.0], [0.3875, 244300.0], [0.3876, 202643.0], [0.3877, 296872.0], [0.3878, 251651.0], [0.3879, 224436.0], [0.388, 217096.0], [0.3881, 209582.0], [0.3882, 174763.0], [0.3883, 170480.0], [0.3884, 205297.0], [0.3885, 334990.0], [0.3886, 93729.0], [0.3887, 92242.0], [0.3888, 245314.0], [0.3889, 161508.0], [0.389, 148189.0], [0.3891, 68681.0]], "timestamp": "2025-12-16T10:53:35.533370+00:00"}, {"symbol": "ADAUSDT", "bids": [[0.3876, 154512.0], [0.3875, 276004.0], [0.3874, 283894.0], [0.3873, 257294.0], [0.3872, 257447.0], [0.3871, 167625.0], [0.387, 218119.0], [0.3869, 85463.0], [0.3868, 128988.0], [0.3867, 189787.0], [0.3866, 305109.0], [0.3865, 199857.0], [0.3864, 146201.0], [0.3863, 109028.0], [0.3862, 99018.0], [0.3861, 142118.0], [0.386, 96165.0], [0.3859, 163240.0], [0.3858, 92857.0], [0.3857, 186365.0]], "asks": [[0.3877, 68860.0], [0.3878, 346038.0], [0.3879, 442776.0], [0.388, 247111.0], [0.3881, 196259.0], [0.3882, 342719.0], [0.3883, 171993.0], [0.3884, 190722.0], [0.3885, 195524.0], [0.3886, 232742.0], [0.3887, 111531.0], [0.3888, 205240.0], [0.3889, 156159.0], [0.389, 241760.0], [0.3891, 134724.0], [0.3892, 197471.0], [0.3893, 76839.0], [0.3894, 140874.0], [0.3895, 200696.0], [0.3896, 99967.0]], "timestamp": "2025-12-16T10:54:27.261417+00:00"}, {"symbol": "ADAUSDT", "bids": [[0.3876, 183708.0], [0.3875, 256395.0], [0.3874, 160507.0], [0.3873, 220891.0], [0.3872, 183375.0], [0.3871, 319041.0], [0.387, 272711.0], [0.3869, 85684.0], [0.3868, 130710.0], [0.3867, 154638.0], [0.3866, 116242.0], [0.3865, 75519.0], [0.3864, 118593.0], [0.3863, 215820.0], [0.3862, 97082.0], [0.3861, 117416.0], [0.386, 104205.0], [0.3859, 127947.0], [0.3858, 133337.0], [0.3857, 243200.0]], "asks": [[0.3877, 76106.0], [0.3878, 314159.0], [0.3879, 418871.0], [0.388, 264047.0], [0.3881, 213192.0], [0.3882, 346855.0], [0.3883, 281668.0], [0.3884, 236424.0], [0.3885, 148784.0], [0.3886, 158463.0], [0.3887, 139139.0], [0.3888, 297860.0], [0.3889, 223651.0], [0.389, 122285.0], [0.3891, 186937.0], [0.3892, 130979.0], [0.3893, 110247.0], [0.3894, 133188.0], [0.3895, 168610.0], [0.3896, 229209.0]], "timestamp": "2025-12-16T10:55:19.424460+00:00"}, {"symbol": "ADAUSDT", "bids": [[0.3879, 140334.0], [0.3878, 265779.0], [0.3877, 217037.0], [0.3876, 278126.0], [0.3875, 219708.0], [0.3874, 189968.0], [0.3873, 276457.0], [0.3872, 295027.0], [0.3871, 282244.0], [0.387, 252697.0], [0.3869, 98036.0], [0.3868, 104460.0], [0.3867, 122138.0], [0.3866, 130439.0], [0.3865, 238671.0], [0.3864, 139118.0], [0.3863, 123566.0], [0.3862, 89777.0], [0.3861, 102918.0], [0.386, 103138.0]], "asks": [[0.388, 62036.0], [0.3881, 282403.0], [0.3882, 303935.0], [0.3883, 181026.0], [0.3884, 272039.0], [0.3885, 322591.0], [0.3886, 191786.0], [0.3887, 166246.0], [0.3888, 135588.0], [0.3889, 236169.0], [0.389, 280642.0], [0.3891, 95630.0], [0.3892, 263963.0], [0.3893, 109690.0], [0.3894, 122786.0], [0.3895, 211341.0], [0.3896, 268939.0], [0.3897, 112365.0], [0.3898, 126534.0], [0.3899, 79710.0]], "timestamp": "2025-12-16T10:56:10.828891+00:00"}, {"symbol": "ADAUSDT", "bids": [[0.3876, 77719.0], [0.3875, 168084.0], [0.3874, 335701.0], [0.3873, 161399.0], [0.3872, 217700.0], [0.3871, 157207.0], [0.387, 149847.0], [0.3869, 99575.0], [0.3868, 112200.0], [0.3867, 162782.0], [0.3866, 155426.0], [0.3865, 243572.0], [0.3864, 168195.0], [0.3863, 132000.0], [0.3862, 98986.0], [0.3861, 128895.0], [0.386, 170795.0], [0.3859, 249577.0], [0.3858, 210041.0], [0.3857, 287826.0]], "asks": [[0.3877, 163992.0], [0.3878, 415625.0], [0.3879, 272912.0], [0.388, 253874.0], [0.3881, 176100.0], [0.3882, 351811.0], [0.3883, 239848.0], [0.3884, 239918.0], [0.3885, 176378.0], [0.3886, 223055.0], [0.3887, 163978.0], [0.3888, 150860.0], [0.3889, 147496.0], [0.389, 241903.0], [0.3891, 151862.0], [0.3892, 226443.0], [0.3893, 102002.0], [0.3894, 111878.0], [0.3895, 176957.0], [0.3896, 168324.0]], "timestamp": "2025-12-16T10:57:03.265852+00:00"}, {"symbol": "ADAUSDT", "bids": [[0.3878, 90694.0], [0.3877, 252519.0], [0.3876, 238630.0], [0.3875, 263497.0], [0.3874, 196728.0], [0.3873, 152331.0], [0.3872, 206359.0], [0.3871, 187895.0], [0.387, 206923.0], [0.3869, 88695.0], [0.3868, 93353.0], [0.3867, 100687.0], [0.3866, 255173.0], [0.3865, 87501.0], [0.3864, 121933.0], [0.3863, 126123.0], [0.3862, 90053.0], [0.3861, 150406.0], [0.386, 172174.0], [0.3859, 287640.0]], "asks": [[0.3879, 92709.0], [0.388, 307893.0], [0.3881, 311867.0], [0.3882, 220307.0], [0.3883, 230710.0], [0.3884, 293194.0], [0.3885, 226635.0], [0.3886, 216939.0], [0.3887, 195526.0], [0.3888, 194667.0], [0.3889, 202739.0], [0.389, 235786.0], [0.3891, 157744.0], [0.3892, 156612.0], [0.3893, 106622.0], [0.3894, 166021.0], [0.3895, 177448.0], [0.3896, 187025.0], [0.3897, 174266.0], [0.3898, 144595.0]], "timestamp": "2025-12-16T10:57:56.274929+00:00"}, {"symbol": "ADAUSDT", "bids": [[0.3875, 100956.0], [0.3874, 129840.0], [0.3873, 304250.0], [0.3872, 176510.0], [0.3871, 232346.0], [0.387, 120760.0], [0.3869, 82948.0], [0.3868, 147642.0], [0.3867, 91542.0], [0.3866, 184455.0], [0.3865, 95127.0], [0.3864, 218586.0], [0.3863, 152450.0], [0.3862, 120864.0], [0.3861, 177464.0], [0.386, 166232.0], [0.3859, 202174.0], [0.3858, 112589.0], [0.3857, 380605.0], [0.3856, 181609.0]], "asks": [[0.3876, 148044.0], [0.3877, 373386.0], [0.3878, 295814.0], [0.3879, 155685.0], [0.388, 197895.0], [0.3881, 272286.0], [0.3882, 230288.0], [0.3883, 336139.0], [0.3884, 173078.0], [0.3885, 134255.0], [0.3886, 170463.0], [0.3887, 105208.0], [0.3888, 187791.0], [0.3889, 246450.0], [0.389, 182487.0], [0.3891, 85054.0], [0.3892, 152941.0], [0.3893, 91131.0], [0.3894, 158576.0], [0.3895, 174972.0]], "timestamp": "2025-12-16T10:58:49.119799+00:00"}, {"symbol": "ADAUSDT", "bids": [[0.3876, 147889.0], [0.3875, 244264.0], [0.3874, 303196.0], [0.3873, 157407.0], [0.3872, 149248.0], [0.3871, 174651.0], [0.387, 244809.0], [0.3869, 76164.0], [0.3868, 127871.0], [0.3867, 194040.0], [0.3866, 115033.0], [0.3865, 94004.0], [0.3864, 237988.0], [0.3863, 93020.0], [0.3862, 151393.0], [0.3861, 209300.0], [0.386, 97026.0], [0.3859, 126078.0], [0.3858, 159052.0], [0.3857, 339615.0]], "asks": [[0.3877, 62263.0], [0.3878, 213793.0], [0.3879, 335178.0], [0.388, 183654.0], [0.3881, 185026.0], [0.3882, 330266.0], [0.3883, 286429.0], [0.3884, 195533.0], [0.3885, 141546.0], [0.3886, 158263.0], [0.3887, 174147.0], [0.3888, 127267.0], [0.3889, 231599.0], [0.389, 205841.0], [0.3891, 74479.0], [0.3892, 99221.0], [0.3893, 142018.0], [0.3894, 181330.0], [0.3895, 126690.0], [0.3896, 222924.0]], "timestamp": "2025-12-16T10:59:41.378657+00:00"}, {"symbol": "ADAUSDT", "bids": [[0.3877, 74811.0], [0.3876, 203147.0], [0.3875, 306153.0], [0.3874, 284086.0], [0.3873, 173464.0], [0.3872, 160191.0], [0.3871, 243884.0], [0.387, 134767.0], [0.3869, 178224.0], [0.3868, 126956.0], [0.3867, 90621.0], [0.3866, 128217.0], [0.3865, 218062.0], [0.3864, 121540.0], [0.3863, 107058.0], [0.3862, 178107.0], [0.3861, 156131.0], [0.386, 80618.0], [0.3859, 175435.0], [0.3858, 235158.0]], "asks": [[0.3878, 114373.0], [0.3879, 249745.0], [0.388, 336135.0], [0.3881, 179483.0], [0.3882, 220098.0], [0.3883, 324371.0], [0.3884, 187768.0], [0.3885, 151321.0], [0.3886, 162262.0], [0.3887, 128489.0], [0.3888, 197231.0], [0.3889, 256465.0], [0.389, 202115.0], [0.3891, 72529.0], [0.3892, 100974.0], [0.3893, 127686.0], [0.3894, 132865.0], [0.3895, 150186.0], [0.3896, 267725.0], [0.3897, 205303.0]], "timestamp": "2025-12-16T11:00:33.193629+00:00"}, {"symbol": "ADAUSDT", "bids": [[0.3873, 61359.0], [0.3872, 120730.0], [0.3871, 304030.0], [0.387, 155223.0], [0.3869, 215126.0], [0.3868, 129777.0], [0.3867, 169144.0], [0.3866, 141885.0], [0.3865, 164094.0], [0.3864, 175689.0], [0.3863, 75686.0], [0.3862, 156546.0], [0.3861, 312803.0], [0.386, 90396.0], [0.3859, 132120.0], [0.3858, 143502.0], [0.3857, 116712.0], [0.3856, 127955.0], [0.3855, 108170.0], [0.3854, 155774.0]], "asks": [[0.3874, 86865.0], [0.3875, 261237.0], [0.3876, 255672.0], [0.3877, 251725.0], [0.3878, 287057.0], [0.3879, 309627.0], [0.388, 272323.0], [0.3881, 199053.0], [0.3882, 221818.0], [0.3883, 144968.0], [0.3884, 205051.0], [0.3885, 128866.0], [0.3886, 214127.0], [0.3887, 163891.0], [0.3888, 150463.0], [0.3889, 162871.0], [0.389, 140498.0], [0.3891, 113535.0], [0.3892, 139096.0], [0.3893, 148432.0]], "timestamp": "2025-12-16T11:01:24.733586+00:00"}, {"symbol": "ADAUSDT", "bids": [[0.3873, 77038.0], [0.3872, 142654.0], [0.3871, 310490.0], [0.387, 198988.0], [0.3869, 140335.0], [0.3868, 177298.0], [0.3867, 91225.0], [0.3866, 139660.0], [0.3865, 170907.0], [0.3864, 169641.0], [0.3863, 76061.0], [0.3862, 124065.0], [0.3861, 267740.0], [0.386, 139652.0], [0.3859, 191765.0], [0.3858, 122720.0], [0.3857, 96146.0], [0.3856, 145955.0], [0.3855, 141214.0], [0.3854, 215935.0]], "asks": [[0.3874, 187772.0], [0.3875, 280570.0], [0.3876, 298104.0], [0.3877, 252764.0], [0.3878, 208889.0], [0.3879, 366003.0], [0.388, 282396.0], [0.3881, 252100.0], [0.3882, 202639.0], [0.3883, 181433.0], [0.3884, 201205.0], [0.3885, 137553.0], [0.3886, 222095.0], [0.3887, 193262.0], [0.3888, 159403.0], [0.3889, 170485.0], [0.389, 107727.0], [0.3891, 115499.0], [0.3892, 148005.0], [0.3893, 213297.0]], "timestamp": "2025-12-16T11:02:17.043114+00:00"}, {"symbol": "ADAUSDT", "bids": [[0.3867, 148351.0], [0.3866, 167032.0], [0.3865, 292184.0], [0.3864, 290813.0], [0.3863, 225301.0], [0.3862, 199010.0], [0.3861, 147317.0], [0.386, 91071.0], [0.3859, 172404.0], [0.3858, 108744.0], [0.3857, 185731.0], [0.3856, 102098.0], [0.3855, 150521.0], [0.3854, 132044.0], [0.3853, 164326.0], [0.3852, 131253.0], [0.3851, 201326.0], [0.385, 153244.0], [0.3849, 131616.0], [0.3848, 276288.0]], "asks": [[0.3868, 76077.0], [0.3869, 157706.0], [0.387, 279471.0], [0.3871, 194155.0], [0.3872, 243769.0], [0.3873, 392528.0], [0.3874, 171847.0], [0.3875, 166217.0], [0.3876, 191988.0], [0.3877, 154300.0], [0.3878, 151703.0], [0.3879, 155438.0], [0.388, 168892.0], [0.3881, 130751.0], [0.3882, 264204.0], [0.3883, 141825.0], [0.3884, 199574.0], [0.3885, 147539.0], [0.3886, 132971.0], [0.3887, 74684.0]], "timestamp": "2025-12-16T11:03:09.533261+00:00"}, {"symbol": "ADAUSDT", "bids": [[0.3861, 99494.0], [0.386, 145186.0], [0.3859, 229406.0], [0.3858, 197596.0], [0.3857, 257732.0], [0.3856, 136926.0], [0.3855, 136829.0], [0.3854, 228756.0], [0.3853, 167236.0], [0.3852, 232615.0], [0.3851, 100346.0], [0.385, 172867.0], [0.3849, 195503.0], [0.3848, 135055.0], [0.3847, 79998.0], [0.3846, 113092.0], [0.3845, 116326.0], [0.3844, 265526.0], [0.3843, 276994.0], [0.3842, 121728.0]], "asks": [[0.3862, 21900.0], [0.3863, 212597.0], [0.3864, 273712.0], [0.3865, 235883.0], [0.3866, 266984.0], [0.3867, 351627.0], [0.3868, 220132.0], [0.3869, 194524.0], [0.387, 239332.0], [0.3871, 267218.0], [0.3872, 198013.0], [0.3873, 164011.0], [0.3874, 162238.0], [0.3875, 115471.0], [0.3876, 239836.0], [0.3877, 100863.0], [0.3878, 140180.0], [0.3879, 123351.0], [0.388, 141251.0], [0.3881, 161560.0]], "timestamp": "2025-12-16T11:04:02.038244+00:00"}