[{"id": "546813765", "price": 0.3847, "amount": 298.0, "side": "sell", "timestamp": 1765928526613}, {"id": "546813766", "price": 0.3848, "amount": 161.0, "side": "buy", "timestamp": 1765928528096}, {"id": "546813767", "price": 0.3847, "amount": 76.0, "side": "sell", "timestamp": 1765928529860}, {"id": "546813768", "price": 0.3847, "amount": 292.0, "side": "sell", "timestamp": 1765928530014}, {"id": "546813769", "price": 0.3847, "amount": 203.0, "side": "sell", "timestamp": 1765928530283}, {"id": "546813770", "price": 0.3847, "amount": 16.0, "side": "sell", "timestamp": 1765928530848}, {"id": "546813771", "price": 0.3848, "amount": 76.0, "side": "buy", "timestamp": 1765928534086}, {"id": "546813772", "price": 0.3847, "amount": 88.0, "side": "sell", "timestamp": 1765928535099}, {"id": "546813773", "price": 0.3847, "amount": 85.0, "side": "sell", "timestamp": 1765928540041}, {"id": "546813774", "price": 0.3848, "amount": 101.0, "side": "buy", "timestamp": 1765928542137}, {"id": "546813775", "price": 0.3847, "amount": 14.0, "side": "sell", "timestamp": 1765928542250}, {"id": "546813776", "price": 0.3848, "amount": 15.0, "side": "buy", "timestamp": 1765928543301}, {"id": "546813777", "price": 0.3847, "amount": 35.0, "side": "sell", "timestamp": 1765928543630}, {"id": "546813778", "price": 0.3847, "amount": 45.0, "side": "sell", "timestamp": 1765928544727}, {"id": "546813779", "price": 0.3847, "amount": 36.0, "side": "sell", "timestamp": 1765928544832}, {"id": "546813780", "price": 0.3847, "amount": 47561.0, "side": "sell", "timestamp": 1765928546168}, {"id": "546813781", "price": 0.3848, "amount": 15.0, "side": "buy", "timestamp": 1765928547130}, {"id": "546813782", "price": 0.3848, "amount": 767.0, "side": "buy", "timestamp": 1765928547274}, {"id": "546813783", "price": 0.3848, "amount": 24.0, "side": "buy", "timestamp": 1765928548061}, {"id": "546813784", "price": 0.3847, "amount": 40.0, "side": "sell", "timestamp": 1765928549820}, {"id": "546813785", "price": 0.3848, "amount": 80.0, "side": "buy", "timestamp": 1765928549821}, {"id": "546813786", "price": 0.3847, "amount": 43.0, "side": "sell", "timestamp": 1765928549872}, {"id": "546813787", "price": 0.3847, "amount": 40159.0, "side": "sell", "timestamp": 1765928549988}, {"id": "546813788", "price": 0.3847, "amount": 11548.0, "side": "sell", "timestamp": 1765928550737}, {"id": "546813789", "price": 0.3847, "amount": 78.0, "side": "sell", "timestamp": 1765928555023}, {"id": "546813790", "price": 0.3848, "amount": 31.0, "side": "buy", "timestamp": 1765928555682}, {"id": "546813791", "price": 0.3847, "amount": 1551.0, "side": "sell", "timestamp": 1765928556076}, {"id": "546813792", "price": 0.3846, "amount": 20.0, "side": "sell", "timestamp": 1765928557990}, {"id": "546813793", "price": 0.3846, "amount": 39.0, "side": "sell", "timestamp": 1765928559903}, {"id": "546813794", "price": 0.3846, "amount": 39.0, "side": "sell", "timestamp": 1765928560015}, {"id": "546813795", "price": 0.3847, "amount": 17150.0, "side": "buy", "timestamp": 1765928561268}, {"id": "546813796", "price": 0.3847, "amount": 900.0, "side": "sell", "timestamp": 1765928565163}, {"id": "546813797", "price": 0.3847, "amount": 39.0, "side": "sell", "timestamp": 1765928566305}, {"id": "546813798", "price": 0.3847, "amount": 36.0, "side": "sell", "timestamp": 1765928566820}, {"id": "546813799", "price": 0.3848, "amount": 6641.0, "side": "buy", "timestamp": 1765928569032}, {"id": "546813800", "price": 0.3848, "amount": 16.0, "side": "sell", "timestamp": 1765928570813}, {"id": "546813801", "price": 0.3849, "amount": 247.0, "side": "buy", "timestamp": 1765928573437}, {"id": "546813802", "price": 0.3848, "amount": 8544.0, "side": "sell", "timestamp": 1765928574659}, {"id": "546813803", "price": 0.3848, "amount": 19.0, "side": "sell", "timestamp": 1765928580300}, {"id": "546813804", "price": 0.3848, "amount": 18191.0, "side": "sell", "timestamp": 1765928582600}, {"id": "546813805", "price": 0.3848, "amount": 2948.0, "side": "sell", "timestamp": 1765928582725}, {"id": "546813806", "price": 0.3847, "amount": 21.0, "side": "sell", "timestamp": 1765928582900}, {"id": "546813807", "price": 0.3847, "amount": 13.0, "side": "sell", "timestamp": 1765928586904}, {"id": "546813808", "price": 0.3848, "amount": 53.0, "side": "buy", "timestamp": 1765928587812}, {"id": "546813809", "price": 0.3847, "amount": 129.0, "side": "sell", "timestamp": 1765928589737}, {"id": "546813810", "price": 0.3847, "amount": 111.0, "side": "sell", "timestamp": 1765928590056}, {"id": "546813811", "price": 0.3848, "amount": 409.0, "side": "buy", "timestamp": 1765928591175}, {"id": "546813812", "price": 0.3848, "amount": 31.0, "side": "buy", "timestamp": 1765928591676}, {"id": "546813813", "price": 0.3848, "amount": 2609.0, "side": "buy", "timestamp": 1765928593909}, {"id": "546813814", "price": 0.3848, "amount": 14.0, "side": "sell", "timestamp": 1765928594239}, {"id": "546813797", "price": 0.3847, "amount": 39.0, "side": "sell", "timestamp": 1765928566305}, {"id": "546813798", "price": 0.3847, "amount": 36.0, "side": "sell", "timestamp": 1765928566820}, {"id": "546813799", "price": 0.3848, "amount": 6641.0, "side": "buy", "timestamp": 1765928569032}, {"id": "546813800", "price": 0.3848, "amount": 16.0, "side": "sell", "timestamp": 1765928570813}, {"id": "546813801", "price": 0.3849, "amount": 247.0, "side": "buy", "timestamp": 1765928573437}, {"id": "546813802", "price": 0.3848, "amount": 8544.0, "side": "sell", "timestamp": 1765928574659}, {"id": "546813803", "price": 0.3848, "amount": 19.0, "side": "sell", "timestamp": 1765928580300}, {"id": "546813804", "price": 0.3848, "amount": 18191.0, "side": "sell", "timestamp": 1765928582600}, {"id": "546813805", "price": 0.3848, "amount": 2948.0, "side": "sell", "timestamp": 1765928582725}, {"id": "546813806", "price": 0.3847, "amount": 21.0, "side": "sell", "timestamp": 1765928582900}, {"id": "546813807", "price": 0.3847, "amount": 13.0, "side": "sell", "timestamp": 1765928586904}, {"id": "546813808", "price": 0.3848, "amount": 53.0, "side": "buy", "timestamp": 1765928587812}, {"id": "546813809", "price": 0.3847, "amount": 129.0, "side": "sell", "timestamp": 1765928589737}, {"id": "546813810", "price": 0.3847, "amount": 111.0, "side": "sell", "timestamp": 1765928590056}, {"id": "546813811", "price": 0.3848, "amount": 409.0, "side": "buy", "timestamp": 1765928591175}, {"id": "546813812", "price": 0.3848, "amount": 31.0, "side": "buy", "timestamp": 1765928591676}, {"id": "546813813", "price": 0.3848, "amount": 2609.0, "side": "buy", "timestamp": 1765928593909}, {"id": "546813814", "price": 0.3848, "amount": 14.0, "side": "sell", "timestamp": 1765928594239}, {"id": "546813815", "price": 0.3848, "amount": 128.0, "side": "sell", "timestamp": 1765928596088}, {"id": "546813816", "price": 0.3848, "amount": 25.0, "side": "sell", "timestamp": 1765928596253}, {"id": "546813817", "price": 0.3848, "amount": 48.0, "side": "sell", "timestamp": 1765928596354}, {"id": "546813818", "price": 0.3848, "amount": 25.0, "side": "sell", "timestamp": 1765928596515}, {"id": "546813819", "price": 0.3848, "amount": 26.0, "side": "sell", "timestamp": 1765928598932}, {"id": "546813820", "price": 0.3849, "amount": 1269.0, "side": "buy", "timestamp": 1765928599156}, {"id": "546813821", "price": 0.3848, "amount": 20.0, "side": "sell", "timestamp": 1765928601610}, {"id": "546813822", "price": 0.3848, "amount": 15.0, "side": "sell", "timestamp": 1765928602289}, {"id": "546813823", "price": 0.3848, "amount": 3639.0, "side": "sell", "timestamp": 1765928607653}, {"id": "546813824", "price": 0.3849, "amount": 306.0, "side": "buy", "timestamp": 1765928608913}, {"id": "546813825", "price": 0.3848, "amount": 21.0, "side": "sell", "timestamp": 1765928610859}, {"id": "546813826", "price": 0.3849, "amount": 4822.0, "side": "buy", "timestamp": 1765928612091}, {"id": "546813827", "price": 0.385, "amount": 20.0, "side": "buy", "timestamp": 1765928614406}, {"id": "546813828", "price": 0.3849, "amount": 13.0, "side": "sell", "timestamp": 1765928616106}, {"id": "546813829", "price": 0.385, "amount": 8899.0, "side": "buy", "timestamp": 1765928620166}, {"id": "546813830", "price": 0.385, "amount": 551.0, "side": "buy", "timestamp": 1765928621309}, {"id": "546813831", "price": 0.385, "amount": 5846.0, "side": "buy", "timestamp": 1765928621816}, {"id": "546813832", "price": 0.385, "amount": 899.0, "side": "sell", "timestamp": 1765928624085}, {"id": "546813833", "price": 0.385, "amount": 27047.0, "side": "sell", "timestamp": 1765928626506}, {"id": "546813834", "price": 0.385, "amount": 31.0, "side": "buy", "timestamp": 1765928627683}, {"id": "546813835", "price": 0.385, "amount": 41.0, "side": "buy", "timestamp": 1765928628115}, {"id": "546813836", "price": 0.3851, "amount": 1280.0, "side": "buy", "timestamp": 1765928631305}, {"id": "546813837", "price": 0.3851, "amount": 15.0, "side": "buy", "timestamp": 1765928633516}, {"id": "546813838", "price": 0.385, "amount": 17.0, "side": "sell", "timestamp": 1765928634633}, {"id": "546813839", "price": 0.3851, "amount": 116.0, "side": "buy", "timestamp": 1765928637024}, {"id": "546813840", "price": 0.385, "amount": 810.0, "side": "sell", "timestamp": 1765928637229}, {"id": "546813841", "price": 0.3851, "amount": 77.0, "side": "buy", "timestamp": 1765928637249}, {"id": "546813842", "price": 0.3851, "amount": 34.0, "side": "buy", "timestamp": 1765928638148}, {"id": "546813843", "price": 0.3851, "amount": 42.0, "side": "buy", "timestamp": 1765928639208}, {"id": "546813844", "price": 0.385, "amount": 53.0, "side": "sell", "timestamp": 1765928642648}, {"id": "546813845", "price": 0.3851, "amount": 57.0, "side": "buy", "timestamp": 1765928644876}, {"id": "546813846", "price": 0.3851, "amount": 18.0, "side": "buy", "timestamp": 1765928644982}, {"id": "546813831", "price": 0.385, "amount": 5846.0, "side": "buy", "timestamp": 1765928621816}, {"id": "546813832", "price": 0.385, "amount": 899.0, "side": "sell", "timestamp": 1765928624085}, {"id": "546813833", "price": 0.385, "amount": 27047.0, "side": "sell", "timestamp": 1765928626506}, {"id": "546813834", "price": 0.385, "amount": 31.0, "side": "buy", "timestamp": 1765928627683}, {"id": "546813835", "price": 0.385, "amount": 41.0, "side": "buy", "timestamp": 1765928628115}, {"id": "546813836", "price": 0.3851, "amount": 1280.0, "side": "buy", "timestamp": 1765928631305}, {"id": "546813837", "price": 0.3851, "amount": 15.0, "side": "buy", "timestamp": 1765928633516}, {"id": "546813838", "price": 0.385, "amount": 17.0, "side": "sell", "timestamp": 1765928634633}, {"id": "546813839", "price": 0.3851, "amount": 116.0, "side": "buy", "timestamp": 1765928637024}, {"id": "546813840", "price": 0.385, "amount": 810.0, "side": "sell", "timestamp": 1765928637229}, {"id": "546813841", "price": 0.3851, "amount": 77.0, "side": "buy", "timestamp": 1765928637249}, {"id": "546813842", "price": 0.3851, "amount": 34.0, "side": "buy", "timestamp": 1765928638148}, {"id": "546813843", "price": 0.3851, "amount": 42.0, "side": "buy", "timestamp": 1765928639208}, {"id": "546813844", "price": 0.385, "amount": 53.0, "side": "sell", "timestamp": 1765928642648}, {"id": "546813845", "price": 0.3851, "amount": 57.0, "side": "buy", "timestamp": 1765928644876}, {"id": "546813846", "price": 0.3851, "amount": 18.0, "side": "buy", "timestamp": 1765928644982}, {"id": "546813847", "price": 0.385, "amount": 897.0, "side": "sell", "timestamp": 1765928646554}, {"id": "546813848", "price": 0.385, "amount": 34.0, "side": "sell", "timestamp": 1765928646804}, {"id": "546813849", "price": 0.385, "amount": 69.0, "side": "sell", "timestamp": 1765928649767}, {"id": "546813850", "price": 0.385, "amount": 27.0, "side": "sell", "timestamp": 1765928649868}, {"id": "546813851", "price": 0.385, "amount": 69.0, "side": "sell", "timestamp": 1765928650036}, {"id": "546813852", "price": 0.3851, "amount": 1171.0, "side": "buy", "timestamp": 1765928651145}, {"id": "546813853", "price": 0.3851, "amount": 182.0, "side": "buy", "timestamp": 1765928651262}, {"id": "546813854", "price": 0.385, "amount": 55.0, "side": "sell", "timestamp": 1765928652006}, {"id": "546813855", "price": 0.385, "amount": 29.0, "side": "sell", "timestamp": 1765928654611}, {"id": "546813856", "price": 0.3851, "amount": 9421.0, "side": "buy", "timestamp": 1765928658806}, {"id": "546813857", "price": 0.385, "amount": 165.0, "side": "sell", "timestamp": 1765928661272}, {"id": "546813858", "price": 0.385, "amount": 31.0, "side": "sell", "timestamp": 1765928662103}, {"id": "546813859", "price": 0.3851, "amount": 31.0, "side": "buy", "timestamp": 1765928663673}, {"id": "546813860", "price": 0.3851, "amount": 124.0, "side": "buy", "timestamp": 1765928667198}, {"id": "546813861", "price": 0.3851, "amount": 4840.0, "side": "buy", "timestamp": 1765928668505}, {"id": "546813862", "price": 0.3851, "amount": 30.0, "side": "sell", "timestamp": 1765928669328}, {"id": "546813863", "price": 0.3851, "amount": 581.0, "side": "sell", "timestamp": 1765928670814}, {"id": "546813864", "price": 0.385, "amount": 1919.0, "side": "sell", "timestamp": 1765928670814}, {"id": "546813865", "price": 0.3851, "amount": 258.0, "side": "buy", "timestamp": 1765928671357}, {"id": "546813866", "price": 0.3851, "amount": 462.0, "side": "buy", "timestamp": 1765928674312}, {"id": "546813867", "price": 0.3851, "amount": 9641.0, "side": "buy", "timestamp": 1765928674826}, {"id": "546813868", "price": 0.385, "amount": 26.0, "side": "sell", "timestamp": 1765928676249}, {"id": "546813869", "price": 0.3851, "amount": 148.0, "side": "buy", "timestamp": 1765928683552}, {"id": "546813870", "price": 0.3851, "amount": 54.0, "side": "buy", "timestamp": 1765928685153}, {"id": "546813871", "price": 0.3851, "amount": 5288.0, "side": "buy", "timestamp": 1765928687066}, {"id": "546813872", "price": 0.3851, "amount": 54.0, "side": "sell", "timestamp": 1765928688642}, {"id": "546813873", "price": 0.3851, "amount": 13.0, "side": "sell", "timestamp": 1765928689671}, {"id": "546813874", "price": 0.3851, "amount": 39.0, "side": "sell", "timestamp": 1765928692118}, {"id": "546813875", "price": 0.3852, "amount": 973.0, "side": "buy", "timestamp": 1765928692515}, {"id": "546813876", "price": 0.3852, "amount": 682.0, "side": "buy", "timestamp": 1765928692732}, {"id": "546813877", "price": 0.3852, "amount": 34.0, "side": "buy", "timestamp": 1765928693961}, {"id": "546813878", "price": 0.3852, "amount": 39.0, "side": "buy", "timestamp": 1765928696565}, {"id": "546813879", "price": 0.3852, "amount": 13.0, "side": "buy", "timestamp": 1765928696701}, {"id": "546813880", "price": 0.3851, "amount": 13.0, "side": "sell", "timestamp": 1765928696818}, {"id": "546813872", "price": 0.3851, "amount": 54.0, "side": "sell", "timestamp": 1765928688642}, {"id": "546813873", "price": 0.3851, "amount": 13.0, "side": "sell", "timestamp": 1765928689671}, {"id": "546813874", "price": 0.3851, "amount": 39.0, "side": "sell", "timestamp": 1765928692118}, {"id": "546813875", "price": 0.3852, "amount": 973.0, "side": "buy", "timestamp": 1765928692515}, {"id": "546813876", "price": 0.3852, "amount": 682.0, "side": "buy", "timestamp": 1765928692732}, {"id": "546813877", "price": 0.3852, "amount": 34.0, "side": "buy", "timestamp": 1765928693961}, {"id": "546813878", "price": 0.3852, "amount": 39.0, "side": "buy", "timestamp": 1765928696565}, {"id": "546813879", "price": 0.3852, "amount": 13.0, "side": "buy", "timestamp": 1765928696701}, {"id": "546813880", "price": 0.3851, "amount": 13.0, "side": "sell", "timestamp": 1765928696818}, {"id": "546813881", "price": 0.3852, "amount": 31.0, "side": "buy", "timestamp": 1765928699681}, {"id": "546813882", "price": 0.3852, "amount": 20013.0, "side": "buy", "timestamp": 1765928701146}, {"id": "546813883", "price": 0.3852, "amount": 863.0, "side": "sell", "timestamp": 1765928702710}, {"id": "546813884", "price": 0.3853, "amount": 19.0, "side": "buy", "timestamp": 1765928702815}, {"id": "546813885", "price": 0.3852, "amount": 935.0, "side": "sell", "timestamp": 1765928703081}, {"id": "546813886", "price": 0.3852, "amount": 48.0, "side": "buy", "timestamp": 1765928705257}, {"id": "546813887", "price": 0.3852, "amount": 23.0, "side": "buy", "timestamp": 1765928706163}, {"id": "546813888", "price": 0.3852, "amount": 68.0, "side": "buy", "timestamp": 1765928706717}, {"id": "546813889", "price": 0.3851, "amount": 144.0, "side": "sell", "timestamp": 1765928709712}, {"id": "546813890", "price": 0.3851, "amount": 34.0, "side": "sell", "timestamp": 1765928709825}, {"id": "546813891", "price": 0.3851, "amount": 38.0, "side": "sell", "timestamp": 1765928709945}, {"id": "546813892", "price": 0.3851, "amount": 144.0, "side": "sell", "timestamp": 1765928710081}, {"id": "546813893", "price": 0.3851, "amount": 39.0, "side": "sell", "timestamp": 1765928711317}, {"id": "546813894", "price": 0.3851, "amount": 25.0, "side": "sell", "timestamp": 1765928711887}, {"id": "546813895", "price": 0.3851, "amount": 16.0, "side": "sell", "timestamp": 1765928712901}, {"id": "546813896", "price": 0.3851, "amount": 74.0, "side": "sell", "timestamp": 1765928714792}, {"id": "546813897", "price": 0.3851, "amount": 394.0, "side": "sell", "timestamp": 1765928714906}, {"id": "546813898", "price": 0.3852, "amount": 78.0, "side": "buy", "timestamp": 1765928717936}, {"id": "546813899", "price": 0.3852, "amount": 6153.0, "side": "buy", "timestamp": 1765928718576}, {"id": "546813900", "price": 0.3852, "amount": 3.0, "side": "buy", "timestamp": 1765928718858}, {"id": "546813901", "price": 0.3851, "amount": 36.0, "side": "sell", "timestamp": 1765928719707}, {"id": "546813902", "price": 0.3851, "amount": 45.0, "side": "sell", "timestamp": 1765928720076}, {"id": "546813903", "price": 0.3852, "amount": 20.0, "side": "buy", "timestamp": 1765928720782}, {"id": "546813904", "price": 0.3851, "amount": 17.0, "side": "sell", "timestamp": 1765928723007}, {"id": "546813905", "price": 0.3851, "amount": 75.0, "side": "sell", "timestamp": 1765928724964}, {"id": "546813906", "price": 0.3852, "amount": 8561.0, "side": "buy", "timestamp": 1765928725838}, {"id": "546813907", "price": 0.3851, "amount": 130.0, "side": "sell", "timestamp": 1765928726832}, {"id": "546813908", "price": 0.3852, "amount": 29.0, "side": "buy", "timestamp": 1765928732457}, {"id": "546813909", "price": 0.3851, "amount": 39.0, "side": "sell", "timestamp": 1765928732679}, {"id": "546813910", "price": 0.3851, "amount": 79.0, "side": "sell", "timestamp": 1765928734716}, {"id": "546813911", "price": 0.3852, "amount": 31.0, "side": "buy", "timestamp": 1765928735689}, {"id": "546813912", "price": 0.3852, "amount": 9297.0, "side": "buy", "timestamp": 1765928738487}, {"id": "546813913", "price": 0.3852, "amount": 13.0, "side": "sell", "timestamp": 1765928738728}, {"id": "546813914", "price": 0.3853, "amount": 5038.0, "side": "buy", "timestamp": 1765928741755}, {"id": "546813915", "price": 0.3853, "amount": 5410.0, "side": "buy", "timestamp": 1765928742269}, {"id": "546813916", "price": 0.3854, "amount": 1200.0, "side": "buy", "timestamp": 1765928742313}, {"id": "546813917", "price": 0.3853, "amount": 16.0, "side": "sell", "timestamp": 1765928743478}, {"id": "546813918", "price": 0.3854, "amount": 16.0, "side": "buy", "timestamp": 1765928745302}, {"id": "546813919", "price": 0.3854, "amount": 22.0, "side": "buy", "timestamp": 1765928746221}, {"id": "546813920", "price": 0.3854, "amount": 130.0, "side": "buy", "timestamp": 1765928747032}, {"id": "546813921", "price": 0.3854, "amount": 110.0, "side": "buy", "timestamp": 1765928751458}, {"id": "546813923", "price": 0.3854, "amount": 16.0, "side": "buy", "timestamp": 1765928754550}, {"id": "546813924", "price": 0.3853, "amount": 1707.0, "side": "sell", "timestamp": 1765928756463}, {"id": "546813925", "price": 0.3854, "amount": 20.0, "side": "buy", "timestamp": 1765928757173}, {"id": "546813926", "price": 0.3854, "amount": 29.0, "side": "buy", "timestamp": 1765928758231}, {"id": "546813927", "price": 0.3853, "amount": 27284.0, "side": "sell", "timestamp": 1765928760321}, {"id": "546813928", "price": 0.3854, "amount": 86.0, "side": "buy", "timestamp": 1765928760997}, {"id": "546813929", "price": 0.3853, "amount": 41.0, "side": "sell", "timestamp": 1765928762075}, {"id": "546813930", "price": 0.3854, "amount": 134.0, "side": "buy", "timestamp": 1765928763117}, {"id": "546813931", "price": 0.3853, "amount": 31.0, "side": "sell", "timestamp": 1765928763447}, {"id": "546813932", "price": 0.3853, "amount": 80.0, "side": "sell", "timestamp": 1765928763636}, {"id": "546813933", "price": 0.3853, "amount": 1189.0, "side": "sell", "timestamp": 1765928764714}, {"id": "546813934", "price": 0.3853, "amount": 6923.0, "side": "sell", "timestamp": 1765928764919}, {"id": "546813935", "price": 0.3853, "amount": 19.0, "side": "buy", "timestamp": 1765928765076}, {"id": "546813936", "price": 0.3853, "amount": 14.0, "side": "buy", "timestamp": 1765928765813}, {"id": "546813937", "price": 0.3852, "amount": 8133.0, "side": "sell", "timestamp": 1765928769821}, {"id": "546813938", "price": 0.3852, "amount": 12563.0, "side": "buy", "timestamp": 1765928769864}, {"id": "546813939", "price": 0.3851, "amount": 179.0, "side": "sell", "timestamp": 1765928769890}, {"id": "546813940", "price": 0.3851, "amount": 196.0, "side": "sell", "timestamp": 1765928770019}, {"id": "546813941", "price": 0.3851, "amount": 18.0, "side": "sell", "timestamp": 1765928770493}, {"id": "546813942", "price": 0.3851, "amount": 64.0, "side": "sell", "timestamp": 1765928770758}, {"id": "546813943", "price": 0.3852, "amount": 31.0, "side": "buy", "timestamp": 1765928771687}, {"id": "546813944", "price": 0.3851, "amount": 75.0, "side": "sell", "timestamp": 1765928772843}, {"id": "546813945", "price": 0.3852, "amount": 54.0, "side": "buy", "timestamp": 1765928773604}, {"id": "546813946", "price": 0.3852, "amount": 37.0, "side": "buy", "timestamp": 1765928775088}, {"id": "546813947", "price": 0.3851, "amount": 27284.0, "side": "sell", "timestamp": 1765928775273}, {"id": "546813948", "price": 0.3851, "amount": 12944.0, "side": "sell", "timestamp": 1765928781715}, {"id": "546813949", "price": 0.3851, "amount": 46.0, "side": "buy", "timestamp": 1765928782055}, {"id": "546813950", "price": 0.385, "amount": 137.0, "side": "sell", "timestamp": 1765928782927}, {"id": "546813951", "price": 0.385, "amount": 13.0, "side": "sell", "timestamp": 1765928783709}, {"id": "546813952", "price": 0.385, "amount": 25908.0, "side": "sell", "timestamp": 1765928784645}, {"id": "546813953", "price": 0.3849, "amount": 15.0, "side": "sell", "timestamp": 1765928784703}, {"id": "546813954", "price": 0.385, "amount": 9549.0, "side": "buy", "timestamp": 1765928785941}, {"id": "546813955", "price": 0.385, "amount": 3902.0, "side": "buy", "timestamp": 1765928786061}, {"id": "546813956", "price": 0.3849, "amount": 23.0, "side": "sell", "timestamp": 1765928786228}, {"id": "546813957", "price": 0.385, "amount": 2199.0, "side": "buy", "timestamp": 1765928786836}, {"id": "546813958", "price": 0.385, "amount": 24.0, "side": "buy", "timestamp": 1765928788324}, {"id": "546813959", "price": 0.3849, "amount": 76.0, "side": "sell", "timestamp": 1765928788616}, {"id": "546813960", "price": 0.385, "amount": 17.0, "side": "buy", "timestamp": 1765928789206}, {"id": "546813961", "price": 0.3849, "amount": 33678.0, "side": "sell", "timestamp": 1765928790287}, {"id": "546813962", "price": 0.3849, "amount": 16.0, "side": "buy", "timestamp": 1765928790362}, {"id": "546813963", "price": 0.3848, "amount": 4701.0, "side": "sell", "timestamp": 1765928791293}, {"id": "546813964", "price": 0.3848, "amount": 258.0, "side": "buy", "timestamp": 1765928792060}, {"id": "546813965", "price": 0.3848, "amount": 4769.0, "side": "buy", "timestamp": 1765928792341}, {"id": "546813966", "price": 0.3848, "amount": 56.0, "side": "sell", "timestamp": 1765928792453}, {"id": "546813967", "price": 0.3848, "amount": 114.0, "side": "sell", "timestamp": 1765928794673}, {"id": "546813968", "price": 0.3848, "amount": 17.0, "side": "sell", "timestamp": 1765928796399}, {"id": "546813969", "price": 0.3848, "amount": 2723.0, "side": "sell", "timestamp": 1765928798967}, {"id": "546813970", "price": 0.3848, "amount": 83.0, "side": "buy", "timestamp": 1765928800724}, {"id": "546813971", "price": 0.3848, "amount": 17.0, "side": "buy", "timestamp": 1765928801136}, {"id": "546813972", "price": 0.3847, "amount": 17.0, "side": "sell", "timestamp": 1765928804556}, {"id": "546813965", "price": 0.3848, "amount": 4769.0, "side": "buy", "timestamp": 1765928792341}, {"id": "546813966", "price": 0.3848, "amount": 56.0, "side": "sell", "timestamp": 1765928792453}, {"id": "546813967", "price": 0.3848, "amount": 114.0, "side": "sell", "timestamp": 1765928794673}, {"id": "546813968", "price": 0.3848, "amount": 17.0, "side": "sell", "timestamp": 1765928796399}, {"id": "546813969", "price": 0.3848, "amount": 2723.0, "side": "sell", "timestamp": 1765928798967}, {"id": "546813970", "price": 0.3848, "amount": 83.0, "side": "buy", "timestamp": 1765928800724}, {"id": "546813971", "price": 0.3848, "amount": 17.0, "side": "buy", "timestamp": 1765928801136}, {"id": "546813972", "price": 0.3847, "amount": 17.0, "side": "sell", "timestamp": 1765928804556}, {"id": "546813973", "price": 0.3847, "amount": 14458.0, "side": "sell", "timestamp": 1765928805644}, {"id": "546813974", "price": 0.3847, "amount": 31.0, "side": "buy", "timestamp": 1765928807683}, {"id": "546813975", "price": 0.3846, "amount": 41.0, "side": "sell", "timestamp": 1765928808204}, {"id": "546813976", "price": 0.3846, "amount": 48.0, "side": "sell", "timestamp": 1765928811048}, {"id": "546813977", "price": 0.3847, "amount": 19306.0, "side": "buy", "timestamp": 1765928811603}, {"id": "546813978", "price": 0.3848, "amount": 13.0, "side": "buy", "timestamp": 1765928813752}, {"id": "546813979", "price": 0.3848, "amount": 80.0, "side": "buy", "timestamp": 1765928815934}, {"id": "546813980", "price": 0.3847, "amount": 2633.0, "side": "sell", "timestamp": 1765928819846}, {"id": "546813981", "price": 0.3847, "amount": 26.0, "side": "sell", "timestamp": 1765928820816}, {"id": "546813982", "price": 0.3848, "amount": 98.0, "side": "buy", "timestamp": 1765928821404}, {"id": "546813983", "price": 0.3848, "amount": 417.0, "side": "buy", "timestamp": 1765928824109}, {"id": "546813984", "price": 0.3848, "amount": 19.0, "side": "buy", "timestamp": 1765928824959}, {"id": "546813985", "price": 0.3847, "amount": 36.0, "side": "sell", "timestamp": 1765928825049}, {"id": "546813986", "price": 0.3848, "amount": 42.0, "side": "buy", "timestamp": 1765928825199}, {"id": "546813987", "price": 0.3848, "amount": 96.0, "side": "buy", "timestamp": 1765928827767}, {"id": "546813988", "price": 0.3848, "amount": 40.0, "side": "buy", "timestamp": 1765928829820}, {"id": "546813989", "price": 0.3848, "amount": 4243.0, "side": "buy", "timestamp": 1765928830485}, {"id": "546813990", "price": 0.3849, "amount": 95.0, "side": "buy", "timestamp": 1765928830569}, {"id": "546813991", "price": 0.3849, "amount": 56.0, "side": "buy", "timestamp": 1765928831726}, {"id": "546813992", "price": 0.3848, "amount": 24.0, "side": "sell", "timestamp": 1765928832328}, {"id": "546813993", "price": 0.3849, "amount": 13.0, "side": "buy", "timestamp": 1765928834388}, {"id": "546813994", "price": 0.3849, "amount": 246.0, "side": "buy", "timestamp": 1765928834804}, {"id": "546813995", "price": 0.3848, "amount": 44.0, "side": "sell", "timestamp": 1765928836559}, {"id": "546813996", "price": 0.3848, "amount": 15.0, "side": "sell", "timestamp": 1765928837345}, {"id": "546813997", "price": 0.3849, "amount": 20136.0, "side": "buy", "timestamp": 1765928839659}, {"id": "546813998", "price": 0.3849, "amount": 20.0, "side": "sell", "timestamp": 1765928841917}, {"id": "546813999", "price": 0.385, "amount": 258.0, "side": "buy", "timestamp": 1765928842155}, {"id": "546814000", "price": 0.3849, "amount": 1358.0, "side": "sell", "timestamp": 1765928842521}, {"id": "546814001", "price": 0.385, "amount": 139.0, "side": "buy", "timestamp": 1765928843009}, {"id": "546814002", "price": 0.3849, "amount": 15.0, "side": "sell", "timestamp": 1765928843264}, {"id": "546814003", "price": 0.385, "amount": 31.0, "side": "buy", "timestamp": 1765928843681}, {"id": "546814004", "price": 0.385, "amount": 5000.0, "side": "buy", "timestamp": 1765928845049}, {"id": "546814005", "price": 0.385, "amount": 72.0, "side": "buy", "timestamp": 1765928847503}, {"id": "546814006", "price": 0.3849, "amount": 6553.0, "side": "sell", "timestamp": 1765928851409}, {"id": "546814007", "price": 0.3849, "amount": 70.0, "side": "buy", "timestamp": 1765928852198}, {"id": "546814008", "price": 0.385, "amount": 1.0, "side": "buy", "timestamp": 1765928852693}, {"id": "546814009", "price": 0.3849, "amount": 27.0, "side": "sell", "timestamp": 1765928853220}, {"id": "546814010", "price": 0.3849, "amount": 12591.0, "side": "buy", "timestamp": 1765928853712}, {"id": "546814011", "price": 0.3849, "amount": 81.0, "side": "buy", "timestamp": 1765928854087}, {"id": "546814012", "price": 0.3849, "amount": 1950.0, "side": "buy", "timestamp": 1765928855350}, {"id": "546814013", "price": 0.3849, "amount": 47.0, "side": "buy", "timestamp": 1765928855683}, {"id": "546814014", "price": 0.3849, "amount": 39.0, "side": "sell", "timestamp": 1765928857230}, {"id": "546813997", "price": 0.3849, "amount": 20136.0, "side": "buy", "timestamp": 1765928839659}, {"id": "546813998", "price": 0.3849, "amount": 20.0, "side": "sell", "timestamp": 1765928841917}, {"id": "546813999", "price": 0.385, "amount": 258.0, "side": "buy", "timestamp": 1765928842155}, {"id": "546814000", "price": 0.3849, "amount": 1358.0, "side": "sell", "timestamp": 1765928842521}, {"id": "546814001", "price": 0.385, "amount": 139.0, "side": "buy", "timestamp": 1765928843009}, {"id": "546814002", "price": 0.3849, "amount": 15.0, "side": "sell", "timestamp": 1765928843264}, {"id": "546814003", "price": 0.385, "amount": 31.0, "side": "buy", "timestamp": 1765928843681}, {"id": "546814004", "price": 0.385, "amount": 5000.0, "side": "buy", "timestamp": 1765928845049}, {"id": "546814005", "price": 0.385, "amount": 72.0, "side": "buy", "timestamp": 1765928847503}, {"id": "546814006", "price": 0.3849, "amount": 6553.0, "side": "sell", "timestamp": 1765928851409}, {"id": "546814007", "price": 0.3849, "amount": 70.0, "side": "buy", "timestamp": 1765928852198}, {"id": "546814008", "price": 0.385, "amount": 1.0, "side": "buy", "timestamp": 1765928852693}, {"id": "546814009", "price": 0.3849, "amount": 27.0, "side": "sell", "timestamp": 1765928853220}, {"id": "546814010", "price": 0.3849, "amount": 12591.0, "side": "buy", "timestamp": 1765928853712}, {"id": "546814011", "price": 0.3849, "amount": 81.0, "side": "buy", "timestamp": 1765928854087}, {"id": "546814012", "price": 0.3849, "amount": 1950.0, "side": "buy", "timestamp": 1765928855350}, {"id": "546814013", "price": 0.3849, "amount": 47.0, "side": "buy", "timestamp": 1765928855683}, {"id": "546814014", "price": 0.3849, "amount": 39.0, "side": "sell", "timestamp": 1765928857230}, {"id": "546814015", "price": 0.385, "amount": 779.0, "side": "buy", "timestamp": 1765928857825}, {"id": "546814016", "price": 0.385, "amount": 38.0, "side": "buy", "timestamp": 1765928860883}, {"id": "546814017", "price": 0.3849, "amount": 3147.0, "side": "sell", "timestamp": 1765928862683}, {"id": "546814018", "price": 0.385, "amount": 579.0, "side": "buy", "timestamp": 1765928862852}, {"id": "546814019", "price": 0.385, "amount": 26.0, "side": "buy", "timestamp": 1765928863156}, {"id": "546814020", "price": 0.3849, "amount": 39.0, "side": "sell", "timestamp": 1765928867501}, {"id": "546814021", "price": 0.3849, "amount": 39.0, "side": "sell", "timestamp": 1765928868161}, {"id": "546814022", "price": 0.385, "amount": 39.0, "side": "buy", "timestamp": 1765928869958}, {"id": "546814023", "price": 0.3849, "amount": 6230.0, "side": "sell", "timestamp": 1765928872922}, {"id": "546814024", "price": 0.3848, "amount": 1200.0, "side": "sell", "timestamp": 1765928872928}, {"id": "546814025", "price": 0.3848, "amount": 14.0, "side": "sell", "timestamp": 1765928874459}, {"id": "546814026", "price": 0.3849, "amount": 31.0, "side": "buy", "timestamp": 1765928879681}, {"id": "546814027", "price": 0.3849, "amount": 916.0, "side": "buy", "timestamp": 1765928880290}, {"id": "546814028", "price": 0.3849, "amount": 112.0, "side": "sell", "timestamp": 1765928880992}, {"id": "546814029", "price": 0.385, "amount": 28.0, "side": "buy", "timestamp": 1765928881058}, {"id": "546814030", "price": 0.3849, "amount": 19.0, "side": "sell", "timestamp": 1765928881613}, {"id": "546814031", "price": 0.3849, "amount": 462.0, "side": "sell", "timestamp": 1765928884593}, {"id": "546814032", "price": 0.3849, "amount": 329.0, "side": "sell", "timestamp": 1765928885419}, {"id": "546814033", "price": 0.3849, "amount": 47.0, "side": "sell", "timestamp": 1765928887329}, {"id": "546814034", "price": 0.385, "amount": 69.0, "side": "buy", "timestamp": 1765928889711}, {"id": "546814035", "price": 0.385, "amount": 94.0, "side": "buy", "timestamp": 1765928889982}, {"id": "546814036", "price": 0.3849, "amount": 56.0, "side": "sell", "timestamp": 1765928891342}, {"id": "546814037", "price": 0.3849, "amount": 13.0, "side": "sell", "timestamp": 1765928892765}, {"id": "546814038", "price": 0.3849, "amount": 66.0, "side": "sell", "timestamp": 1765928893029}, {"id": "546814039", "price": 0.3849, "amount": 258.0, "side": "sell", "timestamp": 1765928894013}, {"id": "546814040", "price": 0.3849, "amount": 72.0, "side": "sell", "timestamp": 1765928894358}, {"id": "546814041", "price": 0.3849, "amount": 79.0, "side": "sell", "timestamp": 1765928896408}, {"id": "546814042", "price": 0.385, "amount": 39.0, "side": "buy", "timestamp": 1765928896661}, {"id": "546814043", "price": 0.3849, "amount": 64.0, "side": "sell", "timestamp": 1765928899477}, {"id": "546814044", "price": 0.3849, "amount": 214.0, "side": "sell", "timestamp": 1765928902965}, {"id": "546814045", "price": 0.385, "amount": 1.0, "side": "buy", "timestamp": 1765928906037}, {"id": "546814046", "price": 0.3849, "amount": 41.0, "side": "sell", "timestamp": 1765928907092}, {"id": "546814039", "price": 0.3849, "amount": 258.0, "side": "sell", "timestamp": 1765928894013}, {"id": "546814040", "price": 0.3849, "amount": 72.0, "side": "sell", "timestamp": 1765928894358}, {"id": "546814041", "price": 0.3849, "amount": 79.0, "side": "sell", "timestamp": 1765928896408}, {"id": "546814042", "price": 0.385, "amount": 39.0, "side": "buy", "timestamp": 1765928896661}, {"id": "546814043", "price": 0.3849, "amount": 64.0, "side": "sell", "timestamp": 1765928899477}, {"id": "546814044", "price": 0.3849, "amount": 214.0, "side": "sell", "timestamp": 1765928902965}, {"id": "546814045", "price": 0.385, "amount": 1.0, "side": "buy", "timestamp": 1765928906037}, {"id": "546814046", "price": 0.3849, "amount": 41.0, "side": "sell", "timestamp": 1765928907092}, {"id": "546814047", "price": 0.385, "amount": 519.0, "side": "buy", "timestamp": 1765928911330}, {"id": "546814048", "price": 0.3849, "amount": 64.0, "side": "sell", "timestamp": 1765928912889}, {"id": "546814049", "price": 0.385, "amount": 52179.0, "side": "buy", "timestamp": 1765928913308}, {"id": "546814050", "price": 0.3849, "amount": 19.0, "side": "sell", "timestamp": 1765928915474}, {"id": "546814051", "price": 0.385, "amount": 31.0, "side": "buy", "timestamp": 1765928915682}, {"id": "546814052", "price": 0.385, "amount": 26.0, "side": "buy", "timestamp": 1765928917909}, {"id": "546814053", "price": 0.3849, "amount": 780.0, "side": "sell", "timestamp": 1765928920171}, {"id": "546814054", "price": 0.3849, "amount": 20.0, "side": "sell", "timestamp": 1765928920789}, {"id": "546814055", "price": 0.385, "amount": 15.0, "side": "buy", "timestamp": 1765928921922}, {"id": "546814056", "price": 0.385, "amount": 502.0, "side": "buy", "timestamp": 1765928922233}, {"id": "546814057", "price": 0.385, "amount": 426.0, "side": "buy", "timestamp": 1765928922416}, {"id": "546814058", "price": 0.385, "amount": 1.0, "side": "buy", "timestamp": 1765928923219}, {"id": "546814059", "price": 0.3849, "amount": 39.0, "side": "sell", "timestamp": 1765928924656}, {"id": "546814060", "price": 0.3849, "amount": 8899.0, "side": "sell", "timestamp": 1765928925927}, {"id": "546814061", "price": 0.3849, "amount": 13.0, "side": "buy", "timestamp": 1765928927772}, {"id": "546814062", "price": 0.3849, "amount": 1513.0, "side": "buy", "timestamp": 1765928928121}, {"id": "546814063", "price": 0.3848, "amount": 25.0, "side": "sell", "timestamp": 1765928931171}, {"id": "546814064", "price": 0.3849, "amount": 20.0, "side": "buy", "timestamp": 1765928940173}, {"id": "546814065", "price": 0.3848, "amount": 20.0, "side": "sell", "timestamp": 1765928940641}, {"id": "546814066", "price": 0.3848, "amount": 502.0, "side": "sell", "timestamp": 1765928941372}, {"id": "546814067", "price": 0.3848, "amount": 6381.0, "side": "sell", "timestamp": 1765928941590}, {"id": "546814068", "price": 0.3847, "amount": 3837.0, "side": "sell", "timestamp": 1765928942124}, {"id": "546814069", "price": 0.3848, "amount": 121.0, "side": "buy", "timestamp": 1765928942744}, {"id": "546814070", "price": 0.3848, "amount": 56.0, "side": "buy", "timestamp": 1765928942862}, {"id": "546814071", "price": 0.3848, "amount": 58.0, "side": "buy", "timestamp": 1765928944273}, {"id": "546814072", "price": 0.3848, "amount": 15.0, "side": "buy", "timestamp": 1765928945185}, {"id": "546814073", "price": 0.3847, "amount": 2804.0, "side": "sell", "timestamp": 1765928948245}, {"id": "546814074", "price": 0.3847, "amount": 88.0, "side": "sell", "timestamp": 1765928949780}, {"id": "546814075", "price": 0.3847, "amount": 186.0, "side": "sell", "timestamp": 1765928949964}, {"id": "546814076", "price": 0.3848, "amount": 31.0, "side": "buy", "timestamp": 1765928951678}, {"id": "546814077", "price": 0.3847, "amount": 76.0, "side": "sell", "timestamp": 1765928953302}, {"id": "546814078", "price": 0.3848, "amount": 98.0, "side": "buy", "timestamp": 1765928954248}, {"id": "546814079", "price": 0.3847, "amount": 56.0, "side": "sell", "timestamp": 1765928954991}, {"id": "546814080", "price": 0.3847, "amount": 52.0, "side": "sell", "timestamp": 1765928955098}, {"id": "546814081", "price": 0.3848, "amount": 15.0, "side": "buy", "timestamp": 1765928957183}, {"id": "546814082", "price": 0.3847, "amount": 91.0, "side": "sell", "timestamp": 1765928957557}, {"id": "546814083", "price": 0.3847, "amount": 24544.0, "side": "sell", "timestamp": 1765928957946}, {"id": "546814084", "price": 0.3846, "amount": 38.0, "side": "sell", "timestamp": 1765928959783}, {"id": "546814085", "price": 0.3846, "amount": 51.0, "side": "sell", "timestamp": 1765928959930}, {"id": "546814086", "price": 0.3846, "amount": 21.0, "side": "sell", "timestamp": 1765928960063}, {"id": "546814087", "price": 0.3847, "amount": 536.0, "side": "buy", "timestamp": 1765928960877}, {"id": "546814088", "price": 0.3847, "amount": 49.0, "side": "buy", "timestamp": 1765928961553}, {"id": "546814077", "price": 0.3847, "amount": 76.0, "side": "sell", "timestamp": 1765928953302}, {"id": "546814078", "price": 0.3848, "amount": 98.0, "side": "buy", "timestamp": 1765928954248}, {"id": "546814079", "price": 0.3847, "amount": 56.0, "side": "sell", "timestamp": 1765928954991}, {"id": "546814080", "price": 0.3847, "amount": 52.0, "side": "sell", "timestamp": 1765928955098}, {"id": "546814081", "price": 0.3848, "amount": 15.0, "side": "buy", "timestamp": 1765928957183}, {"id": "546814082", "price": 0.3847, "amount": 91.0, "side": "sell", "timestamp": 1765928957557}, {"id": "546814083", "price": 0.3847, "amount": 24544.0, "side": "sell", "timestamp": 1765928957946}, {"id": "546814084", "price": 0.3846, "amount": 38.0, "side": "sell", "timestamp": 1765928959783}, {"id": "546814085", "price": 0.3846, "amount": 51.0, "side": "sell", "timestamp": 1765928959930}, {"id": "546814086", "price": 0.3846, "amount": 21.0, "side": "sell", "timestamp": 1765928960063}, {"id": "546814087", "price": 0.3847, "amount": 536.0, "side": "buy", "timestamp": 1765928960877}, {"id": "546814088", "price": 0.3847, "amount": 49.0, "side": "buy", "timestamp": 1765928961553}, {"id": "546814089", "price": 0.3846, "amount": 41.0, "side": "sell", "timestamp": 1765928964771}, {"id": "546814090", "price": 0.3847, "amount": 203.0, "side": "buy", "timestamp": 1765928964796}, {"id": "546814091", "price": 0.3846, "amount": 73.0, "side": "sell", "timestamp": 1765928964916}, {"id": "546814092", "price": 0.3847, "amount": 29.0, "side": "buy", "timestamp": 1765928966563}, {"id": "546814093", "price": 0.3846, "amount": 1750.0, "side": "sell", "timestamp": 1765928966980}, {"id": "546814094", "price": 0.3846, "amount": 102.0, "side": "sell", "timestamp": 1765928969964}, {"id": "546814095", "price": 0.3846, "amount": 826.0, "side": "sell", "timestamp": 1765928971120}, {"id": "546814096", "price": 0.3846, "amount": 60132.0, "side": "sell", "timestamp": 1765928971443}, {"id": "546814097", "price": 0.3846, "amount": 13.0, "side": "buy", "timestamp": 1765928974421}, {"id": "546814098", "price": 0.3845, "amount": 106.0, "side": "sell", "timestamp": 1765928974768}, {"id": "546814099", "price": 0.3845, "amount": 469.0, "side": "sell", "timestamp": 1765928974970}, {"id": "546814100", "price": 0.3845, "amount": 47.0, "side": "sell", "timestamp": 1765928979888}, {"id": "546814101", "price": 0.3845, "amount": 60.0, "side": "sell", "timestamp": 1765928980043}, {"id": "546814102", "price": 0.3845, "amount": 19.0, "side": "sell", "timestamp": 1765928984810}, {"id": "546814103", "price": 0.3845, "amount": 93.0, "side": "sell", "timestamp": 1765928984958}, {"id": "546814104", "price": 0.3846, "amount": 288.0, "side": "buy", "timestamp": 1765928985424}, {"id": "546814105", "price": 0.3846, "amount": 100.0, "side": "buy", "timestamp": 1765928985821}, {"id": "546814106", "price": 0.3846, "amount": 31.0, "side": "buy", "timestamp": 1765928987682}, {"id": "546814107", "price": 0.3845, "amount": 46.0, "side": "sell", "timestamp": 1765928989836}, {"id": "546814108", "price": 0.3845, "amount": 62.0, "side": "sell", "timestamp": 1765928990036}, {"id": "546814109", "price": 0.3845, "amount": 7674.0, "side": "sell", "timestamp": 1765928990529}, {"id": "546814110", "price": 0.3844, "amount": 1553.0, "side": "sell", "timestamp": 1765928993380}, {"id": "546814111", "price": 0.3844, "amount": 420.0, "side": "sell", "timestamp": 1765928994200}, {"id": "546814112", "price": 0.3844, "amount": 23.0, "side": "sell", "timestamp": 1765928996792}, {"id": "546814113", "price": 0.3845, "amount": 68.0, "side": "buy", "timestamp": 1765929000113}, {"id": "546814114", "price": 0.3845, "amount": 83.0, "side": "buy", "timestamp": 1765929001124}, {"id": "546814115", "price": 0.3845, "amount": 12144.0, "side": "buy", "timestamp": 1765929001368}, {"id": "546814116", "price": 0.3846, "amount": 42.0, "side": "buy", "timestamp": 1765929001479}, {"id": "546814117", "price": 0.3845, "amount": 15861.0, "side": "sell", "timestamp": 1765929002480}, {"id": "546814118", "price": 0.3845, "amount": 106.0, "side": "buy", "timestamp": 1765929004538}, {"id": "546814119", "price": 0.3845, "amount": 117.0, "side": "buy", "timestamp": 1765929004847}, {"id": "546814120", "price": 0.3845, "amount": 25402.0, "side": "buy", "timestamp": 1765929006469}, {"id": "546814121", "price": 0.3846, "amount": 1.0, "side": "buy", "timestamp": 1765929007384}, {"id": "546814122", "price": 0.3845, "amount": 130.0, "side": "sell", "timestamp": 1765929009450}, {"id": "546814123", "price": 0.3845, "amount": 1199.0, "side": "sell", "timestamp": 1765929009609}, {"id": "546814124", "price": 0.3845, "amount": 260.0, "side": "sell", "timestamp": 1765929010246}, {"id": "546814125", "price": 0.3846, "amount": 64.0, "side": "buy", "timestamp": 1765929012302}, {"id": "546814126", "price": 0.3846, "amount": 19.0, "side": "buy", "timestamp": 1765929013280}, {"id": "546814122", "price": 0.3845, "amount": 130.0, "side": "sell", "timestamp": 1765929009450}, {"id": "546814123", "price": 0.3845, "amount": 1199.0, "side": "sell", "timestamp": 1765929009609}, {"id": "546814124", "price": 0.3845, "amount": 260.0, "side": "sell", "timestamp": 1765929010246}, {"id": "546814125", "price": 0.3846, "amount": 64.0, "side": "buy", "timestamp": 1765929012302}, {"id": "546814126", "price": 0.3846, "amount": 19.0, "side": "buy", "timestamp": 1765929013280}, {"id": "546814127", "price": 0.3846, "amount": 23.0, "side": "buy", "timestamp": 1765929017794}, {"id": "546814128", "price": 0.3845, "amount": 9558.0, "side": "sell", "timestamp": 1765929018357}, {"id": "546814129", "price": 0.3844, "amount": 650.0, "side": "sell", "timestamp": 1765929018480}, {"id": "546814130", "price": 0.3845, "amount": 86.0, "side": "buy", "timestamp": 1765929019160}, {"id": "546814131", "price": 0.3844, "amount": 70.0, "side": "sell", "timestamp": 1765929019768}, {"id": "546814132", "price": 0.3844, "amount": 36.0, "side": "sell", "timestamp": 1765929019933}, {"id": "546814133", "price": 0.3844, "amount": 130.0, "side": "sell", "timestamp": 1765929020775}, {"id": "546814134", "price": 0.3844, "amount": 38.0, "side": "sell", "timestamp": 1765929022371}, {"id": "546814135", "price": 0.3845, "amount": 91.0, "side": "buy", "timestamp": 1765929022568}, {"id": "546814136", "price": 0.3845, "amount": 31.0, "side": "buy", "timestamp": 1765929023685}, {"id": "546814137", "price": 0.3844, "amount": 130.0, "side": "sell", "timestamp": 1765929023826}, {"id": "546814138", "price": 0.3844, "amount": 18.0, "side": "sell", "timestamp": 1765929024810}, {"id": "546814139", "price": 0.3844, "amount": 50.0, "side": "sell", "timestamp": 1765929024924}, {"id": "546814140", "price": 0.3844, "amount": 40.0, "side": "sell", "timestamp": 1765929025051}, {"id": "546814141", "price": 0.3844, "amount": 27.0, "side": "sell", "timestamp": 1765929026750}, {"id": "546814142", "price": 0.3845, "amount": 4.0, "side": "buy", "timestamp": 1765929028878}, {"id": "546814143", "price": 0.3844, "amount": 19.0, "side": "sell", "timestamp": 1765929029709}, {"id": "546814144", "price": 0.3844, "amount": 91.0, "side": "sell", "timestamp": 1765929029996}, {"id": "546814145", "price": 0.3844, "amount": 15.0, "side": "sell", "timestamp": 1765929031214}, {"id": "546814146", "price": 0.3844, "amount": 47.0, "side": "sell", "timestamp": 1765929034713}, {"id": "546814147", "price": 0.3844, "amount": 20.0, "side": "sell", "timestamp": 1765929034843}, {"id": "546814148", "price": 0.3845, "amount": 16.0, "side": "buy", "timestamp": 1765929034843}, {"id": "546814149", "price": 0.3844, "amount": 39.0, "side": "sell", "timestamp": 1765929034845}, {"id": "546814150", "price": 0.3845, "amount": 36.0, "side": "buy", "timestamp": 1765929036196}, {"id": "546814151", "price": 0.3845, "amount": 500.0, "side": "buy", "timestamp": 1765929038374}, {"id": "546814152", "price": 0.3844, "amount": 5000.0, "side": "sell", "timestamp": 1765929038718}, {"id": "546814153", "price": 0.3844, "amount": 51.0, "side": "sell", "timestamp": 1765929039724}, {"id": "546814154", "price": 0.3844, "amount": 60.0, "side": "sell", "timestamp": 1765929039976}, {"id": "546814155", "price": 0.3845, "amount": 520.0, "side": "buy", "timestamp": 1765929040193}, {"id": "546814156", "price": 0.3845, "amount": 1000.0, "side": "buy", "timestamp": 1765929042866}, {"id": "546814157", "price": 0.3844, "amount": 110.0, "side": "sell", "timestamp": 1765929044952}, {"id": "546814158", "price": 0.3844, "amount": 51.0, "side": "sell", "timestamp": 1765929049776}, {"id": "546814159", "price": 0.3844, "amount": 41.0, "side": "sell", "timestamp": 1765929049911}, {"id": "546814160", "price": 0.3844, "amount": 19.0, "side": "sell", "timestamp": 1765929050094}, {"id": "546814161", "price": 0.3845, "amount": 25.0, "side": "buy", "timestamp": 1765929055205}, {"id": "546814162", "price": 0.3845, "amount": 14.0, "side": "buy", "timestamp": 1765929056072}, {"id": "546814163", "price": 0.3844, "amount": 132.0, "side": "sell", "timestamp": 1765929059455}, {"id": "546814164", "price": 0.3845, "amount": 45.0, "side": "buy", "timestamp": 1765929059681}, {"id": "546814165", "price": 0.3845, "amount": 16.0, "side": "buy", "timestamp": 1765929060931}, {"id": "546814166", "price": 0.3844, "amount": 52.0, "side": "sell", "timestamp": 1765929061549}, {"id": "546814167", "price": 0.3845, "amount": 18.0, "side": "buy", "timestamp": 1765929061581}, {"id": "546814168", "price": 0.3844, "amount": 898.0, "side": "sell", "timestamp": 1765929062691}, {"id": "546814169", "price": 0.3844, "amount": 14.0, "side": "sell", "timestamp": 1765929063501}, {"id": "546814170", "price": 0.3844, "amount": 159.0, "side": "sell", "timestamp": 1765929063703}, {"id": "546814171", "price": 0.3844, "amount": 17.0, "side": "sell", "timestamp": 1765929063876}, {"id": "546814163", "price": 0.3844, "amount": 132.0, "side": "sell", "timestamp": 1765929059455}, {"id": "546814164", "price": 0.3845, "amount": 45.0, "side": "buy", "timestamp": 1765929059681}, {"id": "546814165", "price": 0.3845, "amount": 16.0, "side": "buy", "timestamp": 1765929060931}, {"id": "546814166", "price": 0.3844, "amount": 52.0, "side": "sell", "timestamp": 1765929061549}, {"id": "546814167", "price": 0.3845, "amount": 18.0, "side": "buy", "timestamp": 1765929061581}, {"id": "546814168", "price": 0.3844, "amount": 898.0, "side": "sell", "timestamp": 1765929062691}, {"id": "546814169", "price": 0.3844, "amount": 14.0, "side": "sell", "timestamp": 1765929063501}, {"id": "546814170", "price": 0.3844, "amount": 159.0, "side": "sell", "timestamp": 1765929063703}, {"id": "546814171", "price": 0.3844, "amount": 17.0, "side": "sell", "timestamp": 1765929063876}, {"id": "546814172", "price": 0.3845, "amount": 50.0, "side": "buy", "timestamp": 1765929067898}, {"id": "546814173", "price": 0.3844, "amount": 94.0, "side": "sell", "timestamp": 1765929069717}, {"id": "546814174", "price": 0.3844, "amount": 151.0, "side": "sell", "timestamp": 1765929069900}, {"id": "546814175", "price": 0.3844, "amount": 74.0, "side": "sell", "timestamp": 1765929070068}, {"id": "546814176", "price": 0.3844, "amount": 265.0, "side": "sell", "timestamp": 1765929072881}, {"id": "546814177", "price": 0.3844, "amount": 21.0, "side": "sell", "timestamp": 1765929075033}, {"id": "546814178", "price": 0.3844, "amount": 833.0, "side": "sell", "timestamp": 1765929076181}, {"id": "546814179", "price": 0.3844, "amount": 19.0, "side": "sell", "timestamp": 1765929079928}, {"id": "546814180", "price": 0.3845, "amount": 51398.0, "side": "buy", "timestamp": 1765929081296}, {"id": "546814181", "price": 0.3846, "amount": 258.0, "side": "buy", "timestamp": 1765929085315}, {"id": "546814182", "price": 0.3846, "amount": 16.0, "side": "buy", "timestamp": 1765929089194}, {"id": "546814183", "price": 0.3846, "amount": 4.0, "side": "buy", "timestamp": 1765929090017}, {"id": "546814184", "price": 0.3846, "amount": 15.0, "side": "buy", "timestamp": 1765929092359}, {"id": "546814185", "price": 0.3846, "amount": 5.0, "side": "buy", "timestamp": 1765929092989}, {"id": "546814186", "price": 0.3846, "amount": 15.0, "side": "buy", "timestamp": 1765929094026}, {"id": "546814187", "price": 0.3845, "amount": 39.0, "side": "sell", "timestamp": 1765929094862}, {"id": "546814188", "price": 0.3846, "amount": 31.0, "side": "buy", "timestamp": 1765929095681}, {"id": "546814189", "price": 0.3846, "amount": 22.0, "side": "buy", "timestamp": 1765929099487}, {"id": "546814190", "price": 0.3845, "amount": 20.0, "side": "sell", "timestamp": 1765929100076}, {"id": "546814191", "price": 0.3846, "amount": 84.0, "side": "buy", "timestamp": 1765929100455}, {"id": "546814192", "price": 0.3846, "amount": 245.0, "side": "buy", "timestamp": 1765929100573}, {"id": "546814193", "price": 0.3846, "amount": 27.0, "side": "buy", "timestamp": 1765929100886}, {"id": "546814194", "price": 0.3846, "amount": 182.0, "side": "buy", "timestamp": 1765929102660}, {"id": "546814195", "price": 0.3846, "amount": 91.0, "side": "buy", "timestamp": 1765929102798}, {"id": "546814196", "price": 0.3845, "amount": 193.0, "side": "sell", "timestamp": 1765929103165}, {"id": "546814197", "price": 0.3846, "amount": 3994.0, "side": "buy", "timestamp": 1765929103421}, {"id": "546814198", "price": 0.3845, "amount": 24.0, "side": "sell", "timestamp": 1765929104295}, {"id": "546814199", "price": 0.3845, "amount": 20.0, "side": "sell", "timestamp": 1765929104907}, {"id": "546814200", "price": 0.3846, "amount": 9.0, "side": "buy", "timestamp": 1765929107726}, {"id": "546814201", "price": 0.3846, "amount": 70.0, "side": "buy", "timestamp": 1765929108665}, {"id": "546814202", "price": 0.3846, "amount": 22.0, "side": "buy", "timestamp": 1765929109922}, {"id": "546814203", "price": 0.3845, "amount": 24.0, "side": "sell", "timestamp": 1765929110040}, {"id": "546814204", "price": 0.3845, "amount": 31.0, "side": "sell", "timestamp": 1765929111681}, {"id": "546814205", "price": 0.3846, "amount": 16.0, "side": "buy", "timestamp": 1765929112552}, {"id": "546814206", "price": 0.3846, "amount": 15.0, "side": "buy", "timestamp": 1765929113867}, {"id": "546814207", "price": 0.3846, "amount": 5000.0, "side": "buy", "timestamp": 1765929114387}, {"id": "546814208", "price": 0.3846, "amount": 41.0, "side": "buy", "timestamp": 1765929115470}, {"id": "546814209", "price": 0.3846, "amount": 1411.0, "side": "buy", "timestamp": 1765929115778}, {"id": "546814210", "price": 0.3846, "amount": 14.0, "side": "buy", "timestamp": 1765929117385}, {"id": "546814211", "price": 0.3846, "amount": 39499.0, "side": "buy", "timestamp": 1765929117813}, {"id": "546814212", "price": 0.3847, "amount": 312.0, "side": "buy", "timestamp": 1765929118945}, {"id": "546814203", "price": 0.3845, "amount": 24.0, "side": "sell", "timestamp": 1765929110040}, {"id": "546814204", "price": 0.3845, "amount": 31.0, "side": "sell", "timestamp": 1765929111681}, {"id": "546814205", "price": 0.3846, "amount": 16.0, "side": "buy", "timestamp": 1765929112552}, {"id": "546814206", "price": 0.3846, "amount": 15.0, "side": "buy", "timestamp": 1765929113867}, {"id": "546814207", "price": 0.3846, "amount": 5000.0, "side": "buy", "timestamp": 1765929114387}, {"id": "546814208", "price": 0.3846, "amount": 41.0, "side": "buy", "timestamp": 1765929115470}, {"id": "546814209", "price": 0.3846, "amount": 1411.0, "side": "buy", "timestamp": 1765929115778}, {"id": "546814210", "price": 0.3846, "amount": 14.0, "side": "buy", "timestamp": 1765929117385}, {"id": "546814211", "price": 0.3846, "amount": 39499.0, "side": "buy", "timestamp": 1765929117813}, {"id": "546814212", "price": 0.3847, "amount": 312.0, "side": "buy", "timestamp": 1765929118945}, {"id": "546814213", "price": 0.3847, "amount": 1480.0, "side": "buy", "timestamp": 1765929121210}, {"id": "546814214", "price": 0.3848, "amount": 258.0, "side": "buy", "timestamp": 1765929121235}, {"id": "546814215", "price": 0.3847, "amount": 158.0, "side": "sell", "timestamp": 1765929121534}, {"id": "546814216", "price": 0.3848, "amount": 56.0, "side": "buy", "timestamp": 1765929122058}, {"id": "546814217", "price": 0.3847, "amount": 20547.0, "side": "sell", "timestamp": 1765929123378}, {"id": "546814218", "price": 0.3847, "amount": 258.0, "side": "buy", "timestamp": 1765929123419}, {"id": "546814219", "price": 0.3847, "amount": 14.0, "side": "buy", "timestamp": 1765929124841}, {"id": "546814220", "price": 0.3846, "amount": 120.0, "side": "sell", "timestamp": 1765929125159}, {"id": "546814221", "price": 0.3847, "amount": 22.0, "side": "buy", "timestamp": 1765929125777}, {"id": "546814222", "price": 0.3846, "amount": 23.0, "side": "sell", "timestamp": 1765929127880}, {"id": "546814223", "price": 0.3846, "amount": 57.0, "side": "sell", "timestamp": 1765929128396}, {"id": "546814224", "price": 0.3846, "amount": 14.0, "side": "sell", "timestamp": 1765929128543}, {"id": "546814225", "price": 0.3847, "amount": 1378.0, "side": "buy", "timestamp": 1765929130124}, {"id": "546814226", "price": 0.3847, "amount": 95.0, "side": "sell", "timestamp": 1765929131499}, {"id": "546814227", "price": 0.3847, "amount": 30.0, "side": "sell", "timestamp": 1765929131681}, {"id": "546814228", "price": 0.3848, "amount": 8380.0, "side": "buy", "timestamp": 1765929132810}, {"id": "546814229", "price": 0.3848, "amount": 383.0, "side": "buy", "timestamp": 1765929132954}, {"id": "546814230", "price": 0.3848, "amount": 5000.0, "side": "buy", "timestamp": 1765929134571}, {"id": "546814231", "price": 0.3848, "amount": 14.0, "side": "buy", "timestamp": 1765929135070}, {"id": "546814232", "price": 0.3848, "amount": 8.0, "side": "buy", "timestamp": 1765929135475}, {"id": "546814233", "price": 0.3847, "amount": 190.0, "side": "sell", "timestamp": 1765929135559}, {"id": "546814234", "price": 0.3847, "amount": 61.0, "side": "sell", "timestamp": 1765929136141}, {"id": "546814235", "price": 0.3848, "amount": 258.0, "side": "buy", "timestamp": 1765929136986}, {"id": "546814236", "price": 0.3848, "amount": 15.0, "side": "buy", "timestamp": 1765929138658}, {"id": "546814237", "price": 0.3847, "amount": 42.0, "side": "sell", "timestamp": 1765929138976}, {"id": "546814238", "price": 0.3847, "amount": 236.0, "side": "sell", "timestamp": 1765929142538}, {"id": "546814239", "price": 0.3847, "amount": 44.0, "side": "sell", "timestamp": 1765929145817}, {"id": "546814240", "price": 0.3847, "amount": 20.0, "side": "sell", "timestamp": 1765929146468}, {"id": "546814241", "price": 0.3848, "amount": 16.0, "side": "buy", "timestamp": 1765929147010}, {"id": "546814242", "price": 0.3848, "amount": 8.0, "side": "buy", "timestamp": 1765929151108}, {"id": "546814243", "price": 0.3847, "amount": 19.0, "side": "sell", "timestamp": 1765929151729}, {"id": "546814244", "price": 0.3848, "amount": 9.0, "side": "buy", "timestamp": 1765929153889}, {"id": "546814245", "price": 0.3848, "amount": 11.0, "side": "buy", "timestamp": 1765929154148}, {"id": "546814246", "price": 0.3848, "amount": 76.0, "side": "buy", "timestamp": 1765929159624}, {"id": "546814247", "price": 0.3847, "amount": 23541.0, "side": "sell", "timestamp": 1765929160378}, {"id": "546814248", "price": 0.3847, "amount": 142.0, "side": "buy", "timestamp": 1765929161520}, {"id": "546814249", "price": 0.3846, "amount": 32.0, "side": "sell", "timestamp": 1765929163154}, {"id": "546814250", "price": 0.3847, "amount": 16.0, "side": "buy", "timestamp": 1765929164736}, {"id": "546814251", "price": 0.3847, "amount": 89.0, "side": "buy", "timestamp": 1765929165996}, {"id": "546814252", "price": 0.3847, "amount": 31.0, "side": "buy", "timestamp": 1765929167707}, {"id": "546814248", "price": 0.3847, "amount": 142.0, "side": "buy", "timestamp": 1765929161520}, {"id": "546814249", "price": 0.3846, "amount": 32.0, "side": "sell", "timestamp": 1765929163154}, {"id": "546814250", "price": 0.3847, "amount": 16.0, "side": "buy", "timestamp": 1765929164736}, {"id": "546814251", "price": 0.3847, "amount": 89.0, "side": "buy", "timestamp": 1765929165996}, {"id": "546814252", "price": 0.3847, "amount": 31.0, "side": "buy", "timestamp": 1765929167707}, {"id": "546814253", "price": 0.3847, "amount": 8783.0, "side": "buy", "timestamp": 1765929173643}, {"id": "546814254", "price": 0.3848, "amount": 22585.0, "side": "buy", "timestamp": 1765929173643}, {"id": "546814255", "price": 0.3848, "amount": 9.0, "side": "buy", "timestamp": 1765929175473}, {"id": "546814256", "price": 0.3848, "amount": 10708.0, "side": "buy", "timestamp": 1765929175783}, {"id": "546814257", "price": 0.3849, "amount": 15.0, "side": "buy", "timestamp": 1765929175988}, {"id": "546814258", "price": 0.3848, "amount": 15.0, "side": "sell", "timestamp": 1765929176181}, {"id": "546814259", "price": 0.3848, "amount": 154.0, "side": "sell", "timestamp": 1765929176829}, {"id": "546814260", "price": 0.3849, "amount": 10107.0, "side": "buy", "timestamp": 1765929179724}, {"id": "546814261", "price": 0.385, "amount": 26.0, "side": "buy", "timestamp": 1765929181093}, {"id": "546814262", "price": 0.385, "amount": 8.0, "side": "buy", "timestamp": 1765929182022}, {"id": "546814263", "price": 0.3849, "amount": 32.0, "side": "sell", "timestamp": 1765929182079}, {"id": "546814264", "price": 0.385, "amount": 217.0, "side": "buy", "timestamp": 1765929184029}, {"id": "546814265", "price": 0.3849, "amount": 25.0, "side": "sell", "timestamp": 1765929184475}, {"id": "546814266", "price": 0.385, "amount": 15.0, "side": "buy", "timestamp": 1765929184989}, {"id": "546814267", "price": 0.3849, "amount": 19.0, "side": "sell", "timestamp": 1765929185937}, {"id": "546814268", "price": 0.3849, "amount": 13.0, "side": "sell", "timestamp": 1765929186172}, {"id": "546814269", "price": 0.385, "amount": 111.0, "side": "buy", "timestamp": 1765929189806}, {"id": "546814270", "price": 0.385, "amount": 18.0, "side": "buy", "timestamp": 1765929190055}, {"id": "546814271", "price": 0.385, "amount": 38.0, "side": "buy", "timestamp": 1765929190583}, {"id": "546814272", "price": 0.385, "amount": 17.0, "side": "buy", "timestamp": 1765929193117}, {"id": "546814273", "price": 0.385, "amount": 58.0, "side": "buy", "timestamp": 1765929193510}, {"id": "546814274", "price": 0.385, "amount": 101.0, "side": "buy", "timestamp": 1765929195381}, {"id": "546814275", "price": 0.385, "amount": 13.0, "side": "buy", "timestamp": 1765929196857}, {"id": "546814276", "price": 0.3849, "amount": 13.0, "side": "sell", "timestamp": 1765929196950}, {"id": "546814277", "price": 0.385, "amount": 12342.0, "side": "buy", "timestamp": 1765929197669}, {"id": "546814278", "price": 0.3849, "amount": 45.0, "side": "sell", "timestamp": 1765929197984}, {"id": "546814279", "price": 0.3849, "amount": 31.0, "side": "sell", "timestamp": 1765929198611}, {"id": "546814280", "price": 0.385, "amount": 18.0, "side": "buy", "timestamp": 1765929200042}, {"id": "546814281", "price": 0.385, "amount": 168.0, "side": "buy", "timestamp": 1765929201764}, {"id": "546814282", "price": 0.3849, "amount": 31.0, "side": "sell", "timestamp": 1765929203681}, {"id": "546814283", "price": 0.3849, "amount": 89.0, "side": "sell", "timestamp": 1765929203994}, {"id": "546814284", "price": 0.385, "amount": 229.0, "side": "buy", "timestamp": 1765929204369}, {"id": "546814285", "price": 0.3849, "amount": 143.0, "side": "sell", "timestamp": 1765929208119}, {"id": "546814286", "price": 0.385, "amount": 8.0, "side": "buy", "timestamp": 1765929212250}, {"id": "546814287", "price": 0.385, "amount": 10.0, "side": "buy", "timestamp": 1765929215306}, {"id": "546814288", "price": 0.385, "amount": 16.0, "side": "buy", "timestamp": 1765929216365}, {"id": "546814289", "price": 0.385, "amount": 44679.0, "side": "buy", "timestamp": 1765929216994}, {"id": "546814290", "price": 0.3851, "amount": 6095.0, "side": "buy", "timestamp": 1765929217217}, {"id": "546814291", "price": 0.3852, "amount": 8293.0, "side": "buy", "timestamp": 1765929218163}, {"id": "546814292", "price": 0.3852, "amount": 47.0, "side": "sell", "timestamp": 1765929218909}, {"id": "546814293", "price": 0.3853, "amount": 2698.0, "side": "buy", "timestamp": 1765929219324}, {"id": "546814294", "price": 0.3853, "amount": 16.0, "side": "sell", "timestamp": 1765929219481}, {"id": "546814295", "price": 0.3853, "amount": 4142.0, "side": "sell", "timestamp": 1765929220410}, {"id": "546814296", "price": 0.3853, "amount": 27.0, "side": "sell", "timestamp": 1765929220512}, {"id": "546814297", "price": 0.3853, "amount": 7860.0, "side": "buy", "timestamp": 1765929221037}, {"id": "546814309", "price": 0.3853, "amount": 8.0, "side": "buy", "timestamp": 1765929236589}, {"id": "546814310", "price": 0.3853, "amount": 63.0, "side": "buy", "timestamp": 1765929238430}, {"id": "546814311", "price": 0.3853, "amount": 50.0, "side": "sell", "timestamp": 1765929238756}, {"id": "546814312", "price": 0.3854, "amount": 1.0, "side": "buy", "timestamp": 1765929238896}, {"id": "546814313", "price": 0.3854, "amount": 33.0, "side": "buy", "timestamp": 1765929239284}, {"id": "546814314", "price": 0.3853, "amount": 31.0, "side": "sell", "timestamp": 1765929239681}, {"id": "546814315", "price": 0.3853, "amount": 6071.0, "side": "sell", "timestamp": 1765929240280}, {"id": "546814316", "price": 0.3852, "amount": 24.0, "side": "sell", "timestamp": 1765929241085}, {"id": "546814317", "price": 0.3853, "amount": 16.0, "side": "buy", "timestamp": 1765929242480}, {"id": "546814318", "price": 0.3852, "amount": 43.0, "side": "sell", "timestamp": 1765929242883}, {"id": "546814319", "price": 0.3852, "amount": 26.0, "side": "sell", "timestamp": 1765929243003}, {"id": "546814320", "price": 0.3852, "amount": 87.0, "side": "sell", "timestamp": 1765929243776}, {"id": "546814321", "price": 0.3853, "amount": 13.0, "side": "buy", "timestamp": 1765929244161}, {"id": "546814322", "price": 0.3853, "amount": 18.0, "side": "buy", "timestamp": 1765929244380}, {"id": "546814323", "price": 0.3852, "amount": 194.0, "side": "sell", "timestamp": 1765929244503}, {"id": "546814324", "price": 0.3852, "amount": 64.0, "side": "sell", "timestamp": 1765929246001}, {"id": "546814325", "price": 0.3853, "amount": 49.0, "side": "buy", "timestamp": 1765929246611}, {"id": "546814326", "price": 0.3853, "amount": 9.0, "side": "buy", "timestamp": 1765929246905}, {"id": "546814327", "price": 0.3853, "amount": 3709.0, "side": "buy", "timestamp": 1765929248606}, {"id": "546814328", "price": 0.3853, "amount": 107.0, "side": "sell", "timestamp": 1765929248642}, {"id": "546814329", "price": 0.3853, "amount": 275.0, "side": "sell", "timestamp": 1765929250864}, {"id": "546814330", "price": 0.3853, "amount": 100.0, "side": "sell", "timestamp": 1765929251416}, {"id": "546814331", "price": 0.3853, "amount": 21.0, "side": "sell", "timestamp": 1765929251688}, {"id": "546814332", "price": 0.3853, "amount": 55.0, "side": "sell", "timestamp": 1765929253833}, {"id": "546814333", "price": 0.3854, "amount": 159.0, "side": "buy", "timestamp": 1765929255018}, {"id": "546814334", "price": 0.3853, "amount": 160.0, "side": "sell", "timestamp": 1765929255715}, {"id": "546814335", "price": 0.3854, "amount": 7.0, "side": "buy", "timestamp": 1765929256686}, {"id": "546814336", "price": 0.3854, "amount": 38.0, "side": "buy", "timestamp": 1765929257067}, {"id": "546814337", "price": 0.3854, "amount": 4035.0, "side": "buy", "timestamp": 1765929257586}, {"id": "546814338", "price": 0.3854, "amount": 704.0, "side": "sell", "timestamp": 1765929257980}, {"id": "546814339", "price": 0.3855, "amount": 2379.0, "side": "buy", "timestamp": 1765929258201}, {"id": "546814340", "price": 0.3854, "amount": 50.0, "side": "sell", "timestamp": 1765929259048}, {"id": "546814341", "price": 0.3855, "amount": 2.0, "side": "buy", "timestamp": 1765929259125}, {"id": "546814342", "price": 0.3854, "amount": 174.0, "side": "sell", "timestamp": 1765929259399}, {"id": "546814343", "price": 0.3855, "amount": 730.0, "side": "buy", "timestamp": 1765929259623}, {"id": "546814344", "price": 0.3855, "amount": 52.0, "side": "buy", "timestamp": 1765929261380}, {"id": "546814345", "price": 0.3854, "amount": 9311.0, "side": "sell", "timestamp": 1765929261581}, {"id": "546814346", "price": 0.3855, "amount": 14.0, "side": "buy", "timestamp": 1765929263166}, {"id": "546814347", "price": 0.3854, "amount": 231.0, "side": "sell", "timestamp": 1765929263204}, {"id": "546814348", "price": 0.3854, "amount": 93.0, "side": "sell", "timestamp": 1765929266820}, {"id": "546814349", "price": 0.3854, "amount": 64.0, "side": "sell", "timestamp": 1765929268371}, {"id": "546814350", "price": 0.3855, "amount": 16.0, "side": "buy", "timestamp": 1765929268592}, {"id": "546814351", "price": 0.3855, "amount": 4.0, "side": "buy", "timestamp": 1765929270465}, {"id": "546814352", "price": 0.3854, "amount": 26.0, "side": "sell", "timestamp": 1765929273106}, {"id": "546814353", "price": 0.3855, "amount": 9.0, "side": "buy", "timestamp": 1765929273367}, {"id": "546814354", "price": 0.3855, "amount": 32183.0, "side": "buy", "timestamp": 1765929275325}, {"id": "546814355", "price": 0.3854, "amount": 31.0, "side": "sell", "timestamp": 1765929275687}, {"id": "546814356", "price": 0.3855, "amount": 14.0, "side": "buy", "timestamp": 1765929276006}, {"id": "546814357", "price": 0.3855, "amount": 11.0, "side": "buy", "timestamp": 1765929276376}, {"id": "546814358", "price": 0.3855, "amount": 4.0, "side": "buy", "timestamp": 1765929277157}, {"id": "546814378", "price": 0.3858, "amount": 1164.0, "side": "buy", "timestamp": 1765929296555}, {"id": "546814379", "price": 0.3858, "amount": 4.0, "side": "buy", "timestamp": 1765929297678}, {"id": "546814380", "price": 0.3857, "amount": 123975.0, "side": "sell", "timestamp": 1765929300302}, {"id": "546814381", "price": 0.3856, "amount": 2526.0, "side": "sell", "timestamp": 1765929300343}, {"id": "546814382", "price": 0.3856, "amount": 213.0, "side": "sell", "timestamp": 1765929300719}, {"id": "546814383", "price": 0.3857, "amount": 84.0, "side": "buy", "timestamp": 1765929301260}, {"id": "546814384", "price": 0.3857, "amount": 35.0, "side": "buy", "timestamp": 1765929301622}, {"id": "546814385", "price": 0.3857, "amount": 7.0, "side": "buy", "timestamp": 1765929302363}, {"id": "546814386", "price": 0.3857, "amount": 49.0, "side": "buy", "timestamp": 1765929302641}, {"id": "546814387", "price": 0.3857, "amount": 40.0, "side": "buy", "timestamp": 1765929302872}, {"id": "546814388", "price": 0.3857, "amount": 12111.0, "side": "buy", "timestamp": 1765929303412}, {"id": "546814389", "price": 0.3857, "amount": 18.0, "side": "sell", "timestamp": 1765929304293}, {"id": "546814390", "price": 0.3858, "amount": 63.0, "side": "buy", "timestamp": 1765929304412}, {"id": "546814391", "price": 0.3857, "amount": 13.0, "side": "sell", "timestamp": 1765929304419}, {"id": "546814392", "price": 0.3858, "amount": 155.0, "side": "buy", "timestamp": 1765929304638}, {"id": "546814393", "price": 0.3857, "amount": 149.0, "side": "sell", "timestamp": 1765929304690}, {"id": "546814394", "price": 0.3858, "amount": 6.0, "side": "buy", "timestamp": 1765929305016}, {"id": "546814395", "price": 0.3857, "amount": 15.0, "side": "sell", "timestamp": 1765929305076}, {"id": "546814396", "price": 0.3858, "amount": 13.0, "side": "buy", "timestamp": 1765929305319}, {"id": "546814397", "price": 0.3857, "amount": 73.0, "side": "sell", "timestamp": 1765929305587}, {"id": "546814398", "price": 0.3857, "amount": 13.0, "side": "sell", "timestamp": 1765929306104}, {"id": "546814399", "price": 0.3858, "amount": 258.0, "side": "buy", "timestamp": 1765929306495}, {"id": "546814400", "price": 0.3858, "amount": 3.0, "side": "buy", "timestamp": 1765929310800}, {"id": "546814401", "price": 0.3858, "amount": 258.0, "side": "buy", "timestamp": 1765929311004}, {"id": "546814402", "price": 0.3858, "amount": 67.0, "side": "buy", "timestamp": 1765929311242}, {"id": "546814403", "price": 0.3857, "amount": 31.0, "side": "sell", "timestamp": 1765929311687}, {"id": "546814404", "price": 0.3858, "amount": 141.0, "side": "buy", "timestamp": 1765929312600}, {"id": "546814405", "price": 0.3858, "amount": 55.0, "side": "buy", "timestamp": 1765929313060}, {"id": "546814406", "price": 0.3857, "amount": 64.0, "side": "sell", "timestamp": 1765929313163}, {"id": "546814407", "price": 0.3858, "amount": 63.0, "side": "buy", "timestamp": 1765929314638}, {"id": "546814408", "price": 0.3857, "amount": 14.0, "side": "sell", "timestamp": 1765929315088}, {"id": "546814409", "price": 0.3857, "amount": 2526.0, "side": "sell", "timestamp": 1765929315276}, {"id": "546814410", "price": 0.3858, "amount": 1.0, "side": "buy", "timestamp": 1765929315796}, {"id": "546814411", "price": 0.3857, "amount": 17.0, "side": "sell", "timestamp": 1765929316458}, {"id": "546814412", "price": 0.3858, "amount": 27.0, "side": "buy", "timestamp": 1765929317015}, {"id": "546814413", "price": 0.3858, "amount": 1.0, "side": "buy", "timestamp": 1765929318428}, {"id": "546814414", "price": 0.3858, "amount": 7.0, "side": "buy", "timestamp": 1765929319034}, {"id": "546814415", "price": 0.3858, "amount": 3.0, "side": "buy", "timestamp": 1765929319185}, {"id": "546814416", "price": 0.3858, "amount": 64.0, "side": "buy", "timestamp": 1765929319794}, {"id": "546814417", "price": 0.3858, "amount": 15.0, "side": "buy", "timestamp": 1765929320160}, {"id": "546814418", "price": 0.3858, "amount": 4.0, "side": "buy", "timestamp": 1765929321910}, {"id": "546814419", "price": 0.3858, "amount": 7.0, "side": "buy", "timestamp": 1765929323005}, {"id": "546814420", "price": 0.3858, "amount": 193.0, "side": "buy", "timestamp": 1765929323416}, {"id": "546814421", "price": 0.3857, "amount": 15.0, "side": "sell", "timestamp": 1765929323849}, {"id": "546814422", "price": 0.3858, "amount": 84.0, "side": "buy", "timestamp": 1765929323870}, {"id": "546814423", "price": 0.3857, "amount": 17.0, "side": "sell", "timestamp": 1765929324336}, {"id": "546814424", "price": 0.3858, "amount": 94.0, "side": "buy", "timestamp": 1765929325897}, {"id": "546814425", "price": 0.3857, "amount": 555.0, "side": "sell", "timestamp": 1765929327758}, {"id": "546814426", "price": 0.3858, "amount": 40.0, "side": "buy", "timestamp": 1765929328942}, {"id": "546814427", "price": 0.3857, "amount": 2526.0, "side": "sell", "timestamp": 1765929330277}, {"id": "546814423", "price": 0.3857, "amount": 17.0, "side": "sell", "timestamp": 1765929324336}, {"id": "546814424", "price": 0.3858, "amount": 94.0, "side": "buy", "timestamp": 1765929325897}, {"id": "546814425", "price": 0.3857, "amount": 555.0, "side": "sell", "timestamp": 1765929327758}, {"id": "546814426", "price": 0.3858, "amount": 40.0, "side": "buy", "timestamp": 1765929328942}, {"id": "546814427", "price": 0.3857, "amount": 2526.0, "side": "sell", "timestamp": 1765929330277}, {"id": "546814428", "price": 0.3858, "amount": 17.0, "side": "buy", "timestamp": 1765929331914}, {"id": "546814429", "price": 0.3857, "amount": 40.0, "side": "sell", "timestamp": 1765929332292}, {"id": "546814430", "price": 0.3858, "amount": 1327.0, "side": "buy", "timestamp": 1765929335084}, {"id": "546814431", "price": 0.3858, "amount": 1.0, "side": "buy", "timestamp": 1765929339158}, {"id": "546814432", "price": 0.3857, "amount": 25.0, "side": "sell", "timestamp": 1765929340052}, {"id": "546814433", "price": 0.3858, "amount": 2.0, "side": "buy", "timestamp": 1765929342954}, {"id": "546814434", "price": 0.3857, "amount": 10818.0, "side": "sell", "timestamp": 1765929345882}, {"id": "546814435", "price": 0.3856, "amount": 4423.0, "side": "sell", "timestamp": 1765929346555}, {"id": "546814436", "price": 0.3856, "amount": 15.0, "side": "sell", "timestamp": 1765929346942}, {"id": "546814437", "price": 0.3856, "amount": 31.0, "side": "sell", "timestamp": 1765929347681}, {"id": "546814438", "price": 0.3856, "amount": 42.0, "side": "sell", "timestamp": 1765929348194}, {"id": "546814439", "price": 0.3857, "amount": 2.0, "side": "buy", "timestamp": 1765929349124}, {"id": "546814440", "price": 0.3856, "amount": 7674.0, "side": "sell", "timestamp": 1765929349848}, {"id": "546814441", "price": 0.3857, "amount": 13.0, "side": "buy", "timestamp": 1765929351965}, {"id": "546814442", "price": 0.3856, "amount": 539.0, "side": "sell", "timestamp": 1765929353466}, {"id": "546814443", "price": 0.3856, "amount": 46.0, "side": "sell", "timestamp": 1765929355649}, {"id": "546814444", "price": 0.3856, "amount": 638.0, "side": "sell", "timestamp": 1765929356294}, {"id": "546814445", "price": 0.3857, "amount": 1.0, "side": "buy", "timestamp": 1765929360094}, {"id": "546814446", "price": 0.3857, "amount": 36.0, "side": "buy", "timestamp": 1765929360755}, {"id": "546814447", "price": 0.3856, "amount": 13004.0, "side": "sell", "timestamp": 1765929360992}, {"id": "546814448", "price": 0.3855, "amount": 8456.0, "side": "sell", "timestamp": 1765929363047}, {"id": "546814449", "price": 0.3854, "amount": 21761.0, "side": "sell", "timestamp": 1765929363205}, {"id": "546814450", "price": 0.3854, "amount": 258.0, "side": "buy", "timestamp": 1765929363220}, {"id": "546814451", "price": 0.3854, "amount": 4738.0, "side": "buy", "timestamp": 1765929363454}, {"id": "546814452", "price": 0.3854, "amount": 152.0, "side": "buy", "timestamp": 1765929363773}, {"id": "546814453", "price": 0.3854, "amount": 31.0, "side": "buy", "timestamp": 1765929364855}, {"id": "546814454", "price": 0.3854, "amount": 35.0, "side": "buy", "timestamp": 1765929364994}, {"id": "546814455", "price": 0.3854, "amount": 31646.0, "side": "buy", "timestamp": 1765929365387}, {"id": "546814456", "price": 0.3855, "amount": 40.0, "side": "buy", "timestamp": 1765929365388}, {"id": "546814457", "price": 0.3855, "amount": 29.0, "side": "buy", "timestamp": 1765929365494}, {"id": "546814458", "price": 0.3854, "amount": 1554.0, "side": "sell", "timestamp": 1765929365692}, {"id": "546814459", "price": 0.3854, "amount": 13.0, "side": "sell", "timestamp": 1765929369732}, {"id": "546814460", "price": 0.3855, "amount": 138.0, "side": "buy", "timestamp": 1765929370605}, {"id": "546814461", "price": 0.3854, "amount": 23.0, "side": "sell", "timestamp": 1765929372002}, {"id": "546814462", "price": 0.3855, "amount": 52.0, "side": "buy", "timestamp": 1765929372168}, {"id": "546814463", "price": 0.3855, "amount": 34107.0, "side": "buy", "timestamp": 1765929372446}, {"id": "546814464", "price": 0.3855, "amount": 15.0, "side": "sell", "timestamp": 1765929373049}, {"id": "546814465", "price": 0.3856, "amount": 593.0, "side": "buy", "timestamp": 1765929373185}, {"id": "546814466", "price": 0.3856, "amount": 863.0, "side": "buy", "timestamp": 1765929373395}, {"id": "546814467", "price": 0.3856, "amount": 258.0, "side": "buy", "timestamp": 1765929373562}, {"id": "546814468", "price": 0.3856, "amount": 40.0, "side": "buy", "timestamp": 1765929374379}, {"id": "546814469", "price": 0.3856, "amount": 309.0, "side": "buy", "timestamp": 1765929374952}, {"id": "546814470", "price": 0.3855, "amount": 94.0, "side": "sell", "timestamp": 1765929375472}, {"id": "546814471", "price": 0.3855, "amount": 32.0, "side": "sell", "timestamp": 1765929378000}, {"id": "546814472", "price": 0.3856, "amount": 327.0, "side": "buy", "timestamp": 1765929382319}, {"id": "546814473", "price": 0.3855, "amount": 31.0, "side": "sell", "timestamp": 1765929383679}, {"id": "546814474", "price": 0.3855, "amount": 11492.0, "side": "sell", "timestamp": 1765929386467}, {"id": "546814475", "price": 0.3855, "amount": 258.0, "side": "buy", "timestamp": 1765929386523}, {"id": "546814476", "price": 0.3855, "amount": 13.0, "side": "buy", "timestamp": 1765929387167}, {"id": "546814477", "price": 0.3855, "amount": 116.0, "side": "buy", "timestamp": 1765929387794}, {"id": "546814478", "price": 0.3855, "amount": 21109.0, "side": "buy", "timestamp": 1765929388630}, {"id": "546814479", "price": 0.3855, "amount": 60.0, "side": "sell", "timestamp": 1765929389559}, {"id": "546814480", "price": 0.3855, "amount": 40.0, "side": "sell", "timestamp": 1765929394473}, {"id": "546814481", "price": 0.3855, "amount": 15.0, "side": "buy", "timestamp": 1765929395922}, {"id": "546814482", "price": 0.3854, "amount": 291.0, "side": "sell", "timestamp": 1765929400009}, {"id": "546814483", "price": 0.3854, "amount": 26.0, "side": "sell", "timestamp": 1765929401456}, {"id": "546814484", "price": 0.3854, "amount": 15.0, "side": "sell", "timestamp": 1765929402049}, {"id": "546814485", "price": 0.3855, "amount": 23004.0, "side": "buy", "timestamp": 1765929402465}, {"id": "546814486", "price": 0.3855, "amount": 46.0, "side": "sell", "timestamp": 1765929404463}, {"id": "546814487", "price": 0.3855, "amount": 3923.0, "side": "sell", "timestamp": 1765929404907}, {"id": "546814488", "price": 0.3855, "amount": 475.0, "side": "sell", "timestamp": 1765929405693}, {"id": "546814489", "price": 0.3855, "amount": 45.0, "side": "sell", "timestamp": 1765929406882}, {"id": "546814490", "price": 0.3855, "amount": 29.0, "side": "sell", "timestamp": 1765929408957}, {"id": "546814491", "price": 0.3855, "amount": 75.0, "side": "sell", "timestamp": 1765929410142}, {"id": "546814492", "price": 0.3856, "amount": 712.0, "side": "buy", "timestamp": 1765929410312}, {"id": "546814493", "price": 0.3856, "amount": 1214.0, "side": "buy", "timestamp": 1765929410549}, {"id": "546814494", "price": 0.3856, "amount": 740.0, "side": "buy", "timestamp": 1765929411689}, {"id": "546814495", "price": 0.3856, "amount": 350.0, "side": "buy", "timestamp": 1765929413041}, {"id": "546814496", "price": 0.3856, "amount": 23097.0, "side": "buy", "timestamp": 1765929413366}, {"id": "546814497", "price": 0.3856, "amount": 37.0, "side": "sell", "timestamp": 1765929416905}, {"id": "546814498", "price": 0.3857, "amount": 57.0, "side": "buy", "timestamp": 1765929417182}, {"id": "546814499", "price": 0.3856, "amount": 65.0, "side": "sell", "timestamp": 1765929418117}, {"id": "546814500", "price": 0.3856, "amount": 97.0, "side": "sell", "timestamp": 1765929418927}, {"id": "546814501", "price": 0.3857, "amount": 97.0, "side": "buy", "timestamp": 1765929419635}, {"id": "546814502", "price": 0.3856, "amount": 31.0, "side": "sell", "timestamp": 1765929419680}, {"id": "546814503", "price": 0.3857, "amount": 69.0, "side": "buy", "timestamp": 1765929419933}, {"id": "546814504", "price": 0.3856, "amount": 1920.0, "side": "sell", "timestamp": 1765929422033}, {"id": "546814505", "price": 0.3856, "amount": 47.0, "side": "buy", "timestamp": 1765929423190}, {"id": "546814506", "price": 0.3856, "amount": 77.0, "side": "buy", "timestamp": 1765929423949}, {"id": "546814507", "price": 0.3855, "amount": 15.0, "side": "sell", "timestamp": 1765929425149}, {"id": "546814508", "price": 0.3856, "amount": 196.0, "side": "buy", "timestamp": 1765929425506}, {"id": "546814509", "price": 0.3856, "amount": 258.0, "side": "buy", "timestamp": 1765929426137}, {"id": "546814510", "price": 0.3856, "amount": 500.0, "side": "buy", "timestamp": 1765929429593}, {"id": "546814511", "price": 0.3855, "amount": 150.0, "side": "sell", "timestamp": 1765929429802}, {"id": "546814512", "price": 0.3855, "amount": 168.0, "side": "sell", "timestamp": 1765929430025}, {"id": "546814513", "price": 0.3855, "amount": 21.0, "side": "sell", "timestamp": 1765929430945}, {"id": "546814514", "price": 0.3855, "amount": 14.0, "side": "sell", "timestamp": 1765929431083}, {"id": "546814515", "price": 0.3856, "amount": 907.0, "side": "buy", "timestamp": 1765929431668}, {"id": "546814516", "price": 0.3855, "amount": 18.0, "side": "sell", "timestamp": 1765929432895}, {"id": "546814517", "price": 0.3856, "amount": 1547.0, "side": "buy", "timestamp": 1765929433428}, {"id": "546814518", "price": 0.3856, "amount": 48.0, "side": "buy", "timestamp": 1765929433588}, {"id": "546814519", "price": 0.3856, "amount": 291.0, "side": "buy", "timestamp": 1765929433700}, {"id": "546814520", "price": 0.3856, "amount": 29977.0, "side": "buy", "timestamp": 1765929434709}, {"id": "546814521", "price": 0.3855, "amount": 217.0, "side": "sell", "timestamp": 1765929434723}, {"id": "546814522", "price": 0.3855, "amount": 27.0, "side": "sell", "timestamp": 1765929434953}, {"id": "546814514", "price": 0.3855, "amount": 14.0, "side": "sell", "timestamp": 1765929431083}, {"id": "546814515", "price": 0.3856, "amount": 907.0, "side": "buy", "timestamp": 1765929431668}, {"id": "546814516", "price": 0.3855, "amount": 18.0, "side": "sell", "timestamp": 1765929432895}, {"id": "546814517", "price": 0.3856, "amount": 1547.0, "side": "buy", "timestamp": 1765929433428}, {"id": "546814518", "price": 0.3856, "amount": 48.0, "side": "buy", "timestamp": 1765929433588}, {"id": "546814519", "price": 0.3856, "amount": 291.0, "side": "buy", "timestamp": 1765929433700}, {"id": "546814520", "price": 0.3856, "amount": 29977.0, "side": "buy", "timestamp": 1765929434709}, {"id": "546814521", "price": 0.3855, "amount": 217.0, "side": "sell", "timestamp": 1765929434723}, {"id": "546814522", "price": 0.3855, "amount": 27.0, "side": "sell", "timestamp": 1765929434953}, {"id": "546814523", "price": 0.3855, "amount": 15.0, "side": "sell", "timestamp": 1765929439057}, {"id": "546814524", "price": 0.3855, "amount": 28.0, "side": "sell", "timestamp": 1765929439754}, {"id": "546814525", "price": 0.3855, "amount": 51.0, "side": "sell", "timestamp": 1765929440048}, {"id": "546814526", "price": 0.3856, "amount": 16.0, "side": "buy", "timestamp": 1765929440801}, {"id": "546814527", "price": 0.3856, "amount": 8022.0, "side": "buy", "timestamp": 1765929441523}, {"id": "546814528", "price": 0.3856, "amount": 163.0, "side": "sell", "timestamp": 1765929442671}, {"id": "546814529", "price": 0.3857, "amount": 131.0, "side": "buy", "timestamp": 1765929443072}, {"id": "546814530", "price": 0.3856, "amount": 5253.0, "side": "sell", "timestamp": 1765929444533}, {"id": "546814531", "price": 0.3856, "amount": 4078.0, "side": "buy", "timestamp": 1765929444932}, {"id": "546814532", "price": 0.3856, "amount": 1604.0, "side": "buy", "timestamp": 1765929445250}, {"id": "546814533", "price": 0.3856, "amount": 53.0, "side": "sell", "timestamp": 1765929447310}, {"id": "546814534", "price": 0.3857, "amount": 7820.0, "side": "buy", "timestamp": 1765929450112}, {"id": "546814535", "price": 0.3857, "amount": 2724.0, "side": "sell", "timestamp": 1765929451057}, {"id": "546814536", "price": 0.3857, "amount": 16.0, "side": "sell", "timestamp": 1765929451230}, {"id": "546814537", "price": 0.3857, "amount": 19966.0, "side": "sell", "timestamp": 1765929453785}, {"id": "546814538", "price": 0.3857, "amount": 27.0, "side": "buy", "timestamp": 1765929454106}, {"id": "546814539", "price": 0.3857, "amount": 31.0, "side": "sell", "timestamp": 1765929455685}, {"id": "546814540", "price": 0.3857, "amount": 986.0, "side": "sell", "timestamp": 1765929458053}, {"id": "546814541", "price": 0.3856, "amount": 12274.0, "side": "sell", "timestamp": 1765929458053}, {"id": "546814542", "price": 0.3856, "amount": 38.0, "side": "sell", "timestamp": 1765929459033}, {"id": "546814543", "price": 0.3856, "amount": 15.0, "side": "sell", "timestamp": 1765929460267}, {"id": "546814544", "price": 0.3857, "amount": 2242.0, "side": "buy", "timestamp": 1765929461668}, {"id": "546814545", "price": 0.3857, "amount": 14.0, "side": "sell", "timestamp": 1765929463253}, {"id": "546814546", "price": 0.3857, "amount": 100.0, "side": "sell", "timestamp": 1765929465216}, {"id": "546814547", "price": 0.3857, "amount": 23.0, "side": "sell", "timestamp": 1765929471312}, {"id": "546814548", "price": 0.3857, "amount": 24.0, "side": "sell", "timestamp": 1765929471520}, {"id": "546814549", "price": 0.3857, "amount": 41.0, "side": "sell", "timestamp": 1765929471900}, {"id": "546814550", "price": 0.3857, "amount": 64.0, "side": "sell", "timestamp": 1765929472717}, {"id": "546814551", "price": 0.3858, "amount": 18.0, "side": "buy", "timestamp": 1765929473421}, {"id": "546814552", "price": 0.3857, "amount": 1275.0, "side": "sell", "timestamp": 1765929475861}, {"id": "546814553", "price": 0.3856, "amount": 5570.0, "side": "sell", "timestamp": 1765929477340}, {"id": "546814554", "price": 0.3855, "amount": 15.0, "side": "sell", "timestamp": 1765929477386}, {"id": "546814555", "price": 0.3855, "amount": 17.0, "side": "sell", "timestamp": 1765929479008}, {"id": "546814556", "price": 0.3855, "amount": 16.0, "side": "sell", "timestamp": 1765929481556}, {"id": "546814557", "price": 0.3856, "amount": 16.0, "side": "buy", "timestamp": 1765929482963}, {"id": "546814558", "price": 0.3856, "amount": 140.0, "side": "buy", "timestamp": 1765929483095}, {"id": "546814559", "price": 0.3856, "amount": 2070.0, "side": "buy", "timestamp": 1765929483266}, {"id": "546814560", "price": 0.3857, "amount": 57.0, "side": "buy", "timestamp": 1765929483695}, {"id": "546814561", "price": 0.3857, "amount": 34.0, "side": "buy", "timestamp": 1765929484875}, {"id": "546814562", "price": 0.3857, "amount": 13.0, "side": "buy", "timestamp": 1765929485512}, {"id": "546814563", "price": 0.3857, "amount": 258.0, "side": "buy", "timestamp": 1765929488504}, {"id": "546814559", "price": 0.3856, "amount": 2070.0, "side": "buy", "timestamp": 1765929483266}, {"id": "546814560", "price": 0.3857, "amount": 57.0, "side": "buy", "timestamp": 1765929483695}, {"id": "546814561", "price": 0.3857, "amount": 34.0, "side": "buy", "timestamp": 1765929484875}, {"id": "546814562", "price": 0.3857, "amount": 13.0, "side": "buy", "timestamp": 1765929485512}, {"id": "546814563", "price": 0.3857, "amount": 258.0, "side": "buy", "timestamp": 1765929488504}, {"id": "546814564", "price": 0.3856, "amount": 46.0, "side": "sell", "timestamp": 1765929489180}, {"id": "546814565", "price": 0.3856, "amount": 30.0, "side": "sell", "timestamp": 1765929489530}, {"id": "546814566", "price": 0.3856, "amount": 31.0, "side": "sell", "timestamp": 1765929491682}, {"id": "546814567", "price": 0.3857, "amount": 39.0, "side": "buy", "timestamp": 1765929493123}, {"id": "546814568", "price": 0.3857, "amount": 56.0, "side": "buy", "timestamp": 1765929494397}, {"id": "546814569", "price": 0.3856, "amount": 26.0, "side": "sell", "timestamp": 1765929494893}, {"id": "546814570", "price": 0.3857, "amount": 10431.0, "side": "buy", "timestamp": 1765929495019}, {"id": "546814571", "price": 0.3858, "amount": 9343.0, "side": "buy", "timestamp": 1765929495026}, {"id": "546814572", "price": 0.3857, "amount": 851.0, "side": "sell", "timestamp": 1765929496238}, {"id": "546814573", "price": 0.3858, "amount": 2137.0, "side": "buy", "timestamp": 1765929498362}, {"id": "546814574", "price": 0.3858, "amount": 258.0, "side": "buy", "timestamp": 1765929498636}, {"id": "546814575", "price": 0.3858, "amount": 5000.0, "side": "buy", "timestamp": 1765929498775}, {"id": "546814576", "price": 0.3858, "amount": 9153.0, "side": "buy", "timestamp": 1765929498946}, {"id": "546814577", "price": 0.3859, "amount": 109.0, "side": "buy", "timestamp": 1765929499129}, {"id": "546814578", "price": 0.3858, "amount": 52.0, "side": "sell", "timestamp": 1765929499540}, {"id": "546814579", "price": 0.3859, "amount": 16.0, "side": "buy", "timestamp": 1765929503868}, {"id": "546814580", "price": 0.3859, "amount": 259.0, "side": "buy", "timestamp": 1765929504870}, {"id": "546814581", "price": 0.3858, "amount": 14.0, "side": "sell", "timestamp": 1765929504931}, {"id": "546814582", "price": 0.3859, "amount": 437.0, "side": "buy", "timestamp": 1765929505900}, {"id": "546814583", "price": 0.3858, "amount": 37.0, "side": "sell", "timestamp": 1765929506910}, {"id": "546814584", "price": 0.3858, "amount": 63.0, "side": "sell", "timestamp": 1765929507505}, {"id": "546814585", "price": 0.3859, "amount": 325.0, "side": "buy", "timestamp": 1765929509063}, {"id": "546814586", "price": 0.3858, "amount": 52.0, "side": "sell", "timestamp": 1765929509874}, {"id": "546814587", "price": 0.3858, "amount": 14.0, "side": "sell", "timestamp": 1765929511213}, {"id": "546814588", "price": 0.3858, "amount": 50.0, "side": "sell", "timestamp": 1765929513415}, {"id": "546814589", "price": 0.3858, "amount": 52.0, "side": "sell", "timestamp": 1765929515074}, {"id": "546814590", "price": 0.3858, "amount": 2742.0, "side": "sell", "timestamp": 1765929519533}, {"id": "546814591", "price": 0.3858, "amount": 71.0, "side": "sell", "timestamp": 1765929519855}, {"id": "546814592", "price": 0.3859, "amount": 6940.0, "side": "buy", "timestamp": 1765929524812}, {"id": "546814593", "price": 0.386, "amount": 1200.0, "side": "buy", "timestamp": 1765929524855}, {"id": "546814594", "price": 0.3859, "amount": 52.0, "side": "sell", "timestamp": 1765929524887}, {"id": "546814595", "price": 0.3859, "amount": 18.0, "side": "sell", "timestamp": 1765929525229}, {"id": "546814596", "price": 0.3859, "amount": 3513.0, "side": "sell", "timestamp": 1765929527683}, {"id": "546814597", "price": 0.3859, "amount": 15.0, "side": "sell", "timestamp": 1765929528961}, {"id": "546814598", "price": 0.3859, "amount": 999.0, "side": "sell", "timestamp": 1765929529433}, {"id": "546814599", "price": 0.3859, "amount": 64.0, "side": "sell", "timestamp": 1765929530263}, {"id": "546814600", "price": 0.3859, "amount": 25066.0, "side": "sell", "timestamp": 1765929530377}, {"id": "546814601", "price": 0.3858, "amount": 15.0, "side": "sell", "timestamp": 1765929530700}, {"id": "546814602", "price": 0.3858, "amount": 16974.0, "side": "sell", "timestamp": 1765929531182}, {"id": "546814603", "price": 0.3859, "amount": 258.0, "side": "buy", "timestamp": 1765929531921}, {"id": "546814604", "price": 0.3858, "amount": 51.0, "side": "sell", "timestamp": 1765929532317}, {"id": "546814605", "price": 0.3858, "amount": 70.0, "side": "sell", "timestamp": 1765929532964}, {"id": "546814606", "price": 0.3859, "amount": 48157.0, "side": "buy", "timestamp": 1765929535619}, {"id": "546814607", "price": 0.3859, "amount": 83.0, "side": "sell", "timestamp": 1765929536037}, {"id": "546814608", "price": 0.3859, "amount": 5182.0, "side": "buy", "timestamp": 1765929536974}, {"id": "546814607", "price": 0.3859, "amount": 83.0, "side": "sell", "timestamp": 1765929536037}, {"id": "546814608", "price": 0.3859, "amount": 5182.0, "side": "buy", "timestamp": 1765929536974}, {"id": "546814609", "price": 0.3858, "amount": 52.0, "side": "sell", "timestamp": 1765929542017}, {"id": "546814610", "price": 0.3858, "amount": 279.0, "side": "sell", "timestamp": 1765929543897}, {"id": "546814611", "price": 0.3859, "amount": 9517.0, "side": "buy", "timestamp": 1765929546633}, {"id": "546814612", "price": 0.3858, "amount": 14.0, "side": "sell", "timestamp": 1765929547197}, {"id": "546814613", "price": 0.3858, "amount": 410.0, "side": "sell", "timestamp": 1765929548320}, {"id": "546814614", "price": 0.3858, "amount": 55.0, "side": "sell", "timestamp": 1765929549056}, {"id": "546814615", "price": 0.3859, "amount": 52.0, "side": "buy", "timestamp": 1765929549124}, {"id": "546814616", "price": 0.3858, "amount": 198.0, "side": "sell", "timestamp": 1765929549867}, {"id": "546814617", "price": 0.3858, "amount": 68.0, "side": "sell", "timestamp": 1765929550040}, {"id": "546814618", "price": 0.3859, "amount": 1.0, "side": "buy", "timestamp": 1765929550260}, {"id": "546814619", "price": 0.3858, "amount": 8286.0, "side": "sell", "timestamp": 1765929551389}, {"id": "546814620", "price": 0.3858, "amount": 6310.0, "side": "sell", "timestamp": 1765929552315}, {"id": "546814621", "price": 0.3857, "amount": 19.0, "side": "sell", "timestamp": 1765929554299}, {"id": "546814622", "price": 0.3857, "amount": 17.0, "side": "sell", "timestamp": 1765929554731}, {"id": "546814623", "price": 0.3857, "amount": 54.0, "side": "sell", "timestamp": 1765929554950}, {"id": "546814624", "price": 0.3857, "amount": 49.0, "side": "sell", "timestamp": 1765929555077}, {"id": "546814625", "price": 0.3857, "amount": 9029.0, "side": "sell", "timestamp": 1765929556037}, {"id": "546814626", "price": 0.3856, "amount": 318.0, "side": "sell", "timestamp": 1765929559709}, {"id": "546814627", "price": 0.3856, "amount": 54.0, "side": "sell", "timestamp": 1765929559855}, {"id": "546814628", "price": 0.3857, "amount": 93.0, "side": "buy", "timestamp": 1765929562690}, {"id": "546814629", "price": 0.3856, "amount": 15.0, "side": "sell", "timestamp": 1765929562845}, {"id": "546814630", "price": 0.3856, "amount": 16.0, "side": "sell", "timestamp": 1765929563517}, {"id": "546814631", "price": 0.3856, "amount": 31.0, "side": "sell", "timestamp": 1765929563679}, {"id": "546814632", "price": 0.3856, "amount": 17.0, "side": "sell", "timestamp": 1765929564016}, {"id": "546814633", "price": 0.3856, "amount": 46.0, "side": "sell", "timestamp": 1765929564778}, {"id": "546814634", "price": 0.3856, "amount": 57.0, "side": "sell", "timestamp": 1765929564972}, {"id": "546814635", "price": 0.3856, "amount": 114.0, "side": "sell", "timestamp": 1765929566070}, {"id": "546814636", "price": 0.3857, "amount": 44.0, "side": "buy", "timestamp": 1765929566986}, {"id": "546814637", "price": 0.3857, "amount": 851.0, "side": "buy", "timestamp": 1765929569564}, {"id": "546814638", "price": 0.3856, "amount": 54.0, "side": "sell", "timestamp": 1765929569726}, {"id": "546814639", "price": 0.3856, "amount": 52.0, "side": "sell", "timestamp": 1765929570076}, {"id": "546814640", "price": 0.3856, "amount": 18.0, "side": "sell", "timestamp": 1765929571217}, {"id": "546814641", "price": 0.3856, "amount": 557.0, "side": "sell", "timestamp": 1765929572106}, {"id": "546814642", "price": 0.3856, "amount": 19.0, "side": "sell", "timestamp": 1765929574896}, {"id": "546814643", "price": 0.3856, "amount": 89.0, "side": "sell", "timestamp": 1765929575041}, {"id": "546814644", "price": 0.3857, "amount": 256.0, "side": "buy", "timestamp": 1765929575751}, {"id": "546814645", "price": 0.3856, "amount": 20.0, "side": "sell", "timestamp": 1765929579793}, {"id": "546814646", "price": 0.3856, "amount": 1128.0, "side": "sell", "timestamp": 1765929579940}, {"id": "546814647", "price": 0.3856, "amount": 15.0, "side": "sell", "timestamp": 1765929581107}, {"id": "546814648", "price": 0.3856, "amount": 21.0, "side": "sell", "timestamp": 1765929583044}, {"id": "546814649", "price": 0.3856, "amount": 57.0, "side": "sell", "timestamp": 1765929584717}, {"id": "546814650", "price": 0.3856, "amount": 48.0, "side": "sell", "timestamp": 1765929585030}, {"id": "546814651", "price": 0.3857, "amount": 20.0, "side": "buy", "timestamp": 1765929585133}, {"id": "546814652", "price": 0.3857, "amount": 12917.0, "side": "buy", "timestamp": 1765929586858}, {"id": "546814653", "price": 0.3857, "amount": 4130.0, "side": "sell", "timestamp": 1765929588164}, {"id": "546814654", "price": 0.3857, "amount": 47.0, "side": "sell", "timestamp": 1765929590836}, {"id": "546814655", "price": 0.3857, "amount": 94.0, "side": "sell", "timestamp": 1765929592154}, {"id": "546814656", "price": 0.3857, "amount": 15229.0, "side": "sell", "timestamp": 1765929592993}]