[{"symbol": "ADAUSDT", "bids": [[0.367, 48330.0], [0.3669, 96899.0], [0.3668, 310867.0], [0.3667, 229542.0], [0.3666, 300353.0], [0.3665, 243201.0], [0.3664, 201779.0], [0.3663, 283050.0], [0.3662, 230692.0], [0.3661, 162906.0], [0.366, 171248.0], [0.3659, 188781.0], [0.3658, 281744.0], [0.3657, 141679.0], [0.3656, 359143.0], [0.3655, 125971.0], [0.3654, 117271.0], [0.3653, 141800.0], [0.3652, 160848.0], [0.3651, 249508.0]], "asks": [[0.3671, 110711.0], [0.3672, 219213.0], [0.3673, 142247.0], [0.3674, 252192.0], [0.3675, 158613.0], [0.3676, 173105.0], [0.3677, 169775.0], [0.3678, 159179.0], [0.3679, 152246.0], [0.368, 156377.0], [0.3681, 118014.0], [0.3682, 270288.0], [0.3683, 127230.0], [0.3684, 135628.0], [0.3685, 185224.0], [0.3686, 69740.0], [0.3687, 139121.0], [0.3688, 106169.0], [0.3689, 149945.0], [0.369, 184737.0]], "timestamp": "2025-12-18T00:00:30.725217+00:00"}, {"symbol": "ADAUSDT", "bids": [[0.3669, 128997.0], [0.3668, 195812.0], [0.3667, 220172.0], [0.3666, 262313.0], [0.3665, 205307.0], [0.3664, 279943.0], [0.3663, 184933.0], [0.3662, 222397.0], [0.3661, 123027.0], [0.366, 211456.0], [0.3659, 390975.0], [0.3658, 337504.0], [0.3657, 212153.0], [0.3656, 184275.0], [0.3655, 210959.0], [0.3654, 121032.0], [0.3653, 194687.0], [0.3652, 127281.0], [0.3651, 165467.0], [0.365, 490481.0]], "asks": [[0.367, 90487.0], [0.3671, 180927.0], [0.3672, 160043.0], [0.3673, 199981.0], [0.3674, 201227.0], [0.3675, 185568.0], [0.3676, 156947.0], [0.3677, 164156.0], [0.3678, 164753.0], [0.3679, 267924.0], [0.368, 213139.0], [0.3681, 83572.0], [0.3682, 133124.0], [0.3683, 110977.0], [0.3684, 107839.0], [0.3685, 309147.0], [0.3686, 96707.0], [0.3687, 147539.0], [0.3688, 119826.0], [0.3689, 174151.0]], "timestamp": "2025-12-18T00:01:28.558893+00:00"}, {"symbol": "ADAUSDT", "bids": [[0.3666, 109498.0], [0.3665, 158503.0], [0.3664, 298760.0], [0.3663, 291256.0], [0.3662, 241127.0], [0.3661, 178995.0], [0.366, 302438.0], [0.3659, 271572.0], [0.3658, 160320.0], [0.3657, 235286.0], [0.3656, 264159.0], [0.3655, 308585.0], [0.3654, 233453.0], [0.3653, 113914.0], [0.3652, 200482.0], [0.3651, 222379.0], [0.365, 198147.0], [0.3649, 157039.0], [0.3648, 417180.0], [0.3647, 171352.0]], "asks": [[0.3667, 60840.0], [0.3668, 90759.0], [0.3669, 187697.0], [0.367, 480458.0], [0.3671, 170811.0], [0.3672, 135229.0], [0.3673, 254555.0], [0.3674, 203527.0], [0.3675, 206006.0], [0.3676, 272391.0], [0.3677, 243814.0], [0.3678, 260244.0], [0.3679, 174860.0], [0.368, 93458.0], [0.3681, 181622.0], [0.3682, 116452.0], [0.3683, 106169.0], [0.3684, 168363.0], [0.3685, 135262.0], [0.3686, 76726.0]], "timestamp": "2025-12-18T00:02:25.088363+00:00"}, {"symbol": "ADAUSDT", "bids": [[0.3668, 137168.0], [0.3667, 171596.0], [0.3666, 285002.0], [0.3665, 303025.0], [0.3664, 297827.0], [0.3663, 171347.0], [0.3662, 244413.0], [0.3661, 195345.0], [0.366, 241766.0], [0.3659, 333538.0], [0.3658, 286818.0], [0.3657, 186308.0], [0.3656, 313943.0], [0.3655, 222087.0], [0.3654, 208863.0], [0.3653, 107189.0], [0.3652, 164008.0], [0.3651, 105751.0], [0.365, 368713.0], [0.3649, 103955.0]], "asks": [[0.3669, 120198.0], [0.367, 159543.0], [0.3671, 492515.0], [0.3672, 172978.0], [0.3673, 220195.0], [0.3674, 108088.0], [0.3675, 159477.0], [0.3676, 276529.0], [0.3677, 338017.0], [0.3678, 254556.0], [0.3679, 173388.0], [0.368, 279878.0], [0.3681, 89401.0], [0.3682, 122232.0], [0.3683, 69626.0], [0.3684, 102378.0], [0.3685, 212055.0], [0.3686, 75811.0], [0.3687, 147841.0], [0.3688, 93840.0]], "timestamp": "2025-12-18T00:03:19.791030+00:00"}, {"symbol": "ADAUSDT", "bids": [[0.3667, 2113.0], [0.3666, 155840.0], [0.3665, 236929.0], [0.3664, 271728.0], [0.3663, 249434.0], [0.3662, 297510.0], [0.3661, 215706.0], [0.366, 179948.0], [0.3659, 241102.0], [0.3658, 203929.0], [0.3657, 240517.0], [0.3656, 346248.0], [0.3655, 258373.0], [0.3654, 206168.0], [0.3653, 115889.0], [0.3652, 170540.0], [0.3651, 205821.0], [0.365, 272470.0], [0.3649, 198267.0], [0.3648, 236255.0]], "asks": [[0.3668, 116781.0], [0.3669, 143639.0], [0.367, 179831.0], [0.3671, 168340.0], [0.3672, 236976.0], [0.3673, 242156.0], [0.3674, 116739.0], [0.3675, 201064.0], [0.3676, 162207.0], [0.3677, 346912.0], [0.3678, 245823.0], [0.3679, 204082.0], [0.368, 226334.0], [0.3681, 64816.0], [0.3682, 145857.0], [0.3683, 62996.0], [0.3684, 112090.0], [0.3685, 195364.0], [0.3686, 81912.0], [0.3687, 287274.0]], "timestamp": "2025-12-18T00:04:17.017898+00:00"}, {"symbol": "ADAUSDT", "bids": [[0.3668, 13630.0], [0.3667, 187420.0], [0.3666, 278369.0], [0.3665, 270262.0], [0.3664, 188090.0], [0.3663, 245591.0], [0.3662, 241525.0], [0.3661, 188477.0], [0.366, 204332.0], [0.3659, 276363.0], [0.3658, 325887.0], [0.3657, 339860.0], [0.3656, 201078.0], [0.3655, 114209.0], [0.3654, 204931.0], [0.3653, 80077.0], [0.3652, 171701.0], [0.3651, 211592.0], [0.365, 354563.0], [0.3649, 99845.0]], "asks": [[0.3669, 105605.0], [0.367, 170497.0], [0.3671, 152434.0], [0.3672, 163783.0], [0.3673, 217811.0], [0.3674, 123942.0], [0.3675, 188839.0], [0.3676, 177897.0], [0.3677, 411524.0], [0.3678, 234582.0], [0.3679, 153974.0], [0.368, 269703.0], [0.3681, 77326.0], [0.3682, 152562.0], [0.3683, 86563.0], [0.3684, 139922.0], [0.3685, 181715.0], [0.3686, 81928.0], [0.3687, 280781.0], [0.3688, 101661.0]], "timestamp": "2025-12-18T00:05:16.729180+00:00"}, {"symbol": "ADAUSDT", "bids": [[0.3664, 35136.0], [0.3663, 100087.0], [0.3662, 217314.0], [0.3661, 170637.0], [0.366, 357169.0], [0.3659, 282363.0], [0.3658, 182809.0], [0.3657, 272186.0], [0.3656, 319539.0], [0.3655, 321297.0], [0.3654, 236408.0], [0.3653, 148938.0], [0.3652, 182461.0], [0.3651, 242540.0], [0.365, 292429.0], [0.3649, 111014.0], [0.3648, 301319.0], [0.3647, 252842.0], [0.3646, 126316.0], [0.3645, 414689.0]], "asks": [[0.3665, 119063.0], [0.3666, 140389.0], [0.3667, 209372.0], [0.3668, 295207.0], [0.3669, 177493.0], [0.367, 220431.0], [0.3671, 180841.0], [0.3672, 165531.0], [0.3673, 269754.0], [0.3674, 167746.0], [0.3675, 151518.0], [0.3676, 242037.0], [0.3677, 339006.0], [0.3678, 236097.0], [0.3679, 89831.0], [0.368, 66255.0], [0.3681, 86360.0], [0.3682, 99141.0], [0.3683, 102420.0], [0.3684, 98474.0]], "timestamp": "2025-12-18T00:06:13.765450+00:00"}, {"symbol": "ADAUSDT", "bids": [[0.3662, 28481.0], [0.3661, 180108.0], [0.366, 259815.0], [0.3659, 319164.0], [0.3658, 168084.0], [0.3657, 237709.0], [0.3656, 257138.0], [0.3655, 174786.0], [0.3654, 164022.0], [0.3653, 183133.0], [0.3652, 226777.0], [0.3651, 253529.0], [0.365, 179979.0], [0.3649, 236625.0], [0.3648, 338475.0], [0.3647, 115387.0], [0.3646, 246553.0], [0.3645, 376445.0], [0.3644, 332757.0], [0.3643, 311835.0]], "asks": [[0.3663, 100385.0], [0.3664, 183192.0], [0.3665, 152878.0], [0.3666, 251435.0], [0.3667, 191044.0], [0.3668, 224463.0], [0.3669, 179428.0], [0.367, 185629.0], [0.3671, 135348.0], [0.3672, 180741.0], [0.3673, 106759.0], [0.3674, 148378.0], [0.3675, 258585.0], [0.3676, 143258.0], [0.3677, 277953.0], [0.3678, 285089.0], [0.3679, 145038.0], [0.368, 140660.0], [0.3681, 146680.0], [0.3682, 225532.0]], "timestamp": "2025-12-18T00:07:10.715781+00:00"}, {"symbol": "ADAUSDT", "bids": [[0.3662, 178322.0], [0.3661, 205514.0], [0.366, 285833.0], [0.3659, 286988.0], [0.3658, 269955.0], [0.3657, 224080.0], [0.3656, 192987.0], [0.3655, 311464.0], [0.3654, 197568.0], [0.3653, 189408.0], [0.3652, 186144.0], [0.3651, 159957.0], [0.365, 214184.0], [0.3649, 349169.0], [0.3648, 274167.0], [0.3647, 152441.0], [0.3646, 226821.0], [0.3645, 278257.0], [0.3644, 195602.0], [0.3643, 148099.0]], "asks": [[0.3663, 73849.0], [0.3664, 124150.0], [0.3665, 201647.0], [0.3666, 138455.0], [0.3667, 245787.0], [0.3668, 157677.0], [0.3669, 188239.0], [0.367, 224487.0], [0.3671, 125013.0], [0.3672, 227206.0], [0.3673, 285379.0], [0.3674, 203427.0], [0.3675, 150181.0], [0.3676, 118444.0], [0.3677, 208532.0], [0.3678, 273672.0], [0.3679, 154653.0], [0.368, 221366.0], [0.3681, 197802.0], [0.3682, 225546.0]], "timestamp": "2025-12-18T00:08:08.461254+00:00"}, {"symbol": "ADAUSDT", "bids": [[0.3661, 48359.0], [0.366, 181972.0], [0.3659, 180516.0], [0.3658, 229576.0], [0.3657, 401354.0], [0.3656, 189280.0], [0.3655, 257391.0], [0.3654, 269811.0], [0.3653, 166327.0], [0.3652, 211130.0], [0.3651, 218987.0], [0.365, 290646.0], [0.3649, 154534.0], [0.3648, 260610.0], [0.3647, 107104.0], [0.3646, 176328.0], [0.3645, 270040.0], [0.3644, 254494.0], [0.3643, 255064.0], [0.3642, 337500.0]], "asks": [[0.3662, 189895.0], [0.3663, 205514.0], [0.3664, 227069.0], [0.3665, 187158.0], [0.3666, 156241.0], [0.3667, 228729.0], [0.3668, 166045.0], [0.3669, 210576.0], [0.367, 202817.0], [0.3671, 138630.0], [0.3672, 167034.0], [0.3673, 227094.0], [0.3674, 121365.0], [0.3675, 182571.0], [0.3676, 101731.0], [0.3677, 204657.0], [0.3678, 241706.0], [0.3679, 170477.0], [0.368, 330332.0], [0.3681, 189182.0]], "timestamp": "2025-12-18T00:09:06.836470+00:00"}, {"symbol": "ADAUSDT", "bids": [[0.3659, 44766.0], [0.3658, 227863.0], [0.3657, 241698.0], [0.3656, 301526.0], [0.3655, 288319.0], [0.3654, 248803.0], [0.3653, 180961.0], [0.3652, 200898.0], [0.3651, 277312.0], [0.365, 283938.0], [0.3649, 151737.0], [0.3648, 235661.0], [0.3647, 112932.0], [0.3646, 180835.0], [0.3645, 434539.0], [0.3644, 270198.0], [0.3643, 157885.0], [0.3642, 438245.0], [0.3641, 327405.0], [0.364, 369124.0]], "asks": [[0.366, 107940.0], [0.3661, 186974.0], [0.3662, 195524.0], [0.3663, 281976.0], [0.3664, 215678.0], [0.3665, 131190.0], [0.3666, 163176.0], [0.3667, 232230.0], [0.3668, 160422.0], [0.3669, 201979.0], [0.367, 197678.0], [0.3671, 108065.0], [0.3672, 153019.0], [0.3673, 227532.0], [0.3674, 140928.0], [0.3675, 145571.0], [0.3676, 75115.0], [0.3677, 204888.0], [0.3678, 210709.0], [0.3679, 170519.0]], "timestamp": "2025-12-18T00:10:05.379780+00:00"}, {"symbol": "ADAUSDT", "bids": [[0.3658, 89205.0], [0.3657, 130947.0], [0.3656, 279838.0], [0.3655, 267081.0], [0.3654, 185385.0], [0.3653, 313877.0], [0.3652, 203376.0], [0.3651, 197476.0], [0.365, 182819.0], [0.3649, 209677.0], [0.3648, 292781.0], [0.3647, 241865.0], [0.3646, 170476.0], [0.3645, 415729.0], [0.3644, 184391.0], [0.3643, 159357.0], [0.3642, 254038.0], [0.3641, 242136.0], [0.364, 467723.0], [0.3639, 229008.0]], "asks": [[0.3659, 80401.0], [0.366, 198934.0], [0.3661, 157277.0], [0.3662, 260352.0], [0.3663, 148897.0], [0.3664, 246773.0], [0.3665, 211421.0], [0.3666, 185174.0], [0.3667, 187015.0], [0.3668, 224632.0], [0.3669, 147815.0], [0.367, 210504.0], [0.3671, 170433.0], [0.3672, 118561.0], [0.3673, 119077.0], [0.3674, 140529.0], [0.3675, 96264.0], [0.3676, 99137.0], [0.3677, 208110.0], [0.3678, 266663.0]], "timestamp": "2025-12-18T00:11:02.019157+00:00"}, {"symbol": "ADAUSDT", "bids": [[0.3661, 105399.0], [0.366, 181770.0], [0.3659, 379037.0], [0.3658, 251302.0], [0.3657, 178775.0], [0.3656, 338263.0], [0.3655, 229440.0], [0.3654, 231060.0], [0.3653, 255514.0], [0.3652, 176618.0], [0.3651, 163574.0], [0.365, 305996.0], [0.3649, 102840.0], [0.3648, 192160.0], [0.3647, 117224.0], [0.3646, 148932.0], [0.3645, 353741.0], [0.3644, 199928.0], [0.3643, 242190.0], [0.3642, 226150.0]], "asks": [[0.3662, 50437.0], [0.3663, 85915.0], [0.3664, 225411.0], [0.3665, 136442.0], [0.3666, 252837.0], [0.3667, 198897.0], [0.3668, 216779.0], [0.3669, 205000.0], [0.367, 171913.0], [0.3671, 178505.0], [0.3672, 165466.0], [0.3673, 229085.0], [0.3674, 179350.0], [0.3675, 99134.0], [0.3676, 126366.0], [0.3677, 260056.0], [0.3678, 192908.0], [0.3679, 126798.0], [0.368, 340195.0], [0.3681, 235010.0]], "timestamp": "2025-12-18T00:11:58.177231+00:00"}, {"symbol": "ADAUSDT", "bids": [[0.366, 108491.0], [0.3659, 119476.0], [0.3658, 298752.0], [0.3657, 204796.0], [0.3656, 320101.0], [0.3655, 188547.0], [0.3654, 185878.0], [0.3653, 250722.0], [0.3652, 272895.0], [0.3651, 151130.0], [0.365, 218078.0], [0.3649, 230672.0], [0.3648, 206490.0], [0.3647, 114884.0], [0.3646, 177873.0], [0.3645, 381174.0], [0.3644, 199714.0], [0.3643, 242421.0], [0.3642, 226123.0], [0.3641, 238113.0]], "asks": [[0.3661, 43271.0], [0.3662, 159917.0], [0.3663, 126098.0], [0.3664, 230661.0], [0.3665, 201160.0], [0.3666, 193815.0], [0.3667, 173078.0], [0.3668, 229099.0], [0.3669, 223525.0], [0.367, 166995.0], [0.3671, 161019.0], [0.3672, 159089.0], [0.3673, 239863.0], [0.3674, 179262.0], [0.3675, 99134.0], [0.3676, 117929.0], [0.3677, 189303.0], [0.3678, 192908.0], [0.3679, 126798.0], [0.368, 340181.0]], "timestamp": "2025-12-18T00:12:54.891976+00:00"}, {"symbol": "ADAUSDT", "bids": [[0.3663, 77619.0], [0.3662, 149673.0], [0.3661, 186439.0], [0.366, 295084.0], [0.3659, 188572.0], [0.3658, 213410.0], [0.3657, 257822.0], [0.3656, 203862.0], [0.3655, 162021.0], [0.3654, 141129.0], [0.3653, 224260.0], [0.3652, 260052.0], [0.3651, 237831.0], [0.365, 175375.0], [0.3649, 71860.0], [0.3648, 203914.0], [0.3647, 110429.0], [0.3646, 168738.0], [0.3645, 366444.0], [0.3644, 207509.0]], "asks": [[0.3664, 99855.0], [0.3665, 130320.0], [0.3666, 167304.0], [0.3667, 251227.0], [0.3668, 232060.0], [0.3669, 175763.0], [0.367, 185873.0], [0.3671, 287002.0], [0.3672, 177472.0], [0.3673, 174590.0], [0.3674, 216781.0], [0.3675, 217351.0], [0.3676, 123871.0], [0.3677, 187069.0], [0.3678, 192892.0], [0.3679, 151978.0], [0.368, 290225.0], [0.3681, 235040.0], [0.3682, 179330.0], [0.3683, 135756.0]], "timestamp": "2025-12-18T00:13:48.499360+00:00"}, {"symbol": "ADAUSDT", "bids": [[0.3663, 82181.0], [0.3662, 208620.0], [0.3661, 207505.0], [0.366, 201936.0], [0.3659, 300702.0], [0.3658, 191810.0], [0.3657, 178761.0], [0.3656, 198911.0], [0.3655, 177317.0], [0.3654, 259839.0], [0.3653, 198994.0], [0.3652, 180525.0], [0.3651, 177473.0], [0.365, 134216.0], [0.3649, 229421.0], [0.3648, 225579.0], [0.3647, 279424.0], [0.3646, 143637.0], [0.3645, 213655.0], [0.3644, 109234.0]], "asks": [[0.3664, 86602.0], [0.3665, 230663.0], [0.3666, 152093.0], [0.3667, 155085.0], [0.3668, 247032.0], [0.3669, 138519.0], [0.367, 166466.0], [0.3671, 215429.0], [0.3672, 252207.0], [0.3673, 131159.0], [0.3674, 124062.0], [0.3675, 198431.0], [0.3676, 143919.0], [0.3677, 296912.0], [0.3678, 286574.0], [0.3679, 137047.0], [0.368, 211480.0], [0.3681, 182208.0], [0.3682, 152991.0], [0.3683, 213877.0]], "timestamp": "2025-12-18T00:14:42.362634+00:00"}, {"symbol": "ADAUSDT", "bids": [[0.3665, 7268.0], [0.3664, 125150.0], [0.3663, 225223.0], [0.3662, 408685.0], [0.3661, 221191.0], [0.366, 280085.0], [0.3659, 181778.0], [0.3658, 195901.0], [0.3657, 160431.0], [0.3656, 219056.0], [0.3655, 195774.0], [0.3654, 176766.0], [0.3653, 377251.0], [0.3652, 151732.0], [0.3651, 145283.0], [0.365, 127705.0], [0.3649, 202473.0], [0.3648, 196855.0], [0.3647, 220675.0], [0.3646, 143377.0]], "asks": [[0.3666, 156622.0], [0.3667, 151198.0], [0.3668, 225826.0], [0.3669, 150471.0], [0.367, 151182.0], [0.3671, 254761.0], [0.3672, 176836.0], [0.3673, 141788.0], [0.3674, 121230.0], [0.3675, 196791.0], [0.3676, 127581.0], [0.3677, 294604.0], [0.3678, 317267.0], [0.3679, 143036.0], [0.368, 211496.0], [0.3681, 209646.0], [0.3682, 153120.0], [0.3683, 144101.0], [0.3684, 172273.0], [0.3685, 144995.0]], "timestamp": "2025-12-18T00:15:36.490939+00:00"}, {"symbol": "ADAUSDT", "bids": [[0.3666, 118856.0], [0.3665, 161886.0], [0.3664, 335913.0], [0.3663, 183392.0], [0.3662, 134249.0], [0.3661, 249267.0], [0.366, 184370.0], [0.3659, 141607.0], [0.3658, 171118.0], [0.3657, 139186.0], [0.3656, 162870.0], [0.3655, 318599.0], [0.3654, 202119.0], [0.3653, 270531.0], [0.3652, 202053.0], [0.3651, 133807.0], [0.365, 121355.0], [0.3649, 226211.0], [0.3648, 330693.0], [0.3647, 104571.0]], "asks": [[0.3667, 78768.0], [0.3668, 141370.0], [0.3669, 194871.0], [0.367, 143360.0], [0.3671, 204427.0], [0.3672, 183259.0], [0.3673, 274688.0], [0.3674, 178882.0], [0.3675, 311213.0], [0.3676, 163650.0], [0.3677, 124205.0], [0.3678, 432019.0], [0.3679, 87726.0], [0.368, 117122.0], [0.3681, 105185.0], [0.3682, 109497.0], [0.3683, 184016.0], [0.3684, 146438.0], [0.3685, 184789.0], [0.3686, 214459.0]], "timestamp": "2025-12-18T00:16:30.094735+00:00"}, {"symbol": "ADAUSDT", "bids": [[0.3669, 174582.0], [0.3668, 173291.0], [0.3667, 274637.0], [0.3666, 185173.0], [0.3665, 137279.0], [0.3664, 193593.0], [0.3663, 224836.0], [0.3662, 159595.0], [0.3661, 180815.0], [0.366, 152256.0], [0.3659, 97145.0], [0.3658, 119537.0], [0.3657, 238894.0], [0.3656, 135958.0], [0.3655, 182707.0], [0.3654, 406379.0], [0.3653, 195498.0], [0.3652, 274526.0], [0.3651, 418066.0], [0.365, 415945.0]], "asks": [[0.367, 70906.0], [0.3671, 97626.0], [0.3672, 224788.0], [0.3673, 191594.0], [0.3674, 203250.0], [0.3675, 154878.0], [0.3676, 191817.0], [0.3677, 183391.0], [0.3678, 451213.0], [0.3679, 218766.0], [0.368, 148674.0], [0.3681, 202685.0], [0.3682, 277659.0], [0.3683, 80795.0], [0.3684, 140371.0], [0.3685, 99364.0], [0.3686, 147783.0], [0.3687, 137744.0], [0.3688, 111062.0], [0.3689, 197623.0]], "timestamp": "2025-12-18T00:17:26.002279+00:00"}, {"symbol": "ADAUSDT", "bids": [[0.3665, 70259.0], [0.3664, 152670.0], [0.3663, 265320.0], [0.3662, 314379.0], [0.3661, 144551.0], [0.366, 233458.0], [0.3659, 175186.0], [0.3658, 143696.0], [0.3657, 223906.0], [0.3656, 137715.0], [0.3655, 154598.0], [0.3654, 324478.0], [0.3653, 338187.0], [0.3652, 246209.0], [0.3651, 253961.0], [0.365, 229180.0], [0.3649, 147070.0], [0.3648, 296939.0], [0.3647, 294427.0], [0.3646, 384206.0]], "asks": [[0.3666, 64263.0], [0.3667, 145908.0], [0.3668, 229629.0], [0.3669, 248803.0], [0.367, 445881.0], [0.3671, 260223.0], [0.3672, 188251.0], [0.3673, 232608.0], [0.3674, 300031.0], [0.3675, 151882.0], [0.3676, 198155.0], [0.3677, 238894.0], [0.3678, 300389.0], [0.3679, 95531.0], [0.368, 102425.0], [0.3681, 129030.0], [0.3682, 155160.0], [0.3683, 91893.0], [0.3684, 153368.0], [0.3685, 169456.0]], "timestamp": "2025-12-18T00:18:20.275726+00:00"}, {"symbol": "ADAUSDT", "bids": [[0.3666, 43045.0], [0.3665, 155908.0], [0.3664, 301253.0], [0.3663, 237745.0], [0.3662, 196750.0], [0.3661, 183807.0], [0.366, 232290.0], [0.3659, 192244.0], [0.3658, 219969.0], [0.3657, 133968.0], [0.3656, 164014.0], [0.3655, 243714.0], [0.3654, 273199.0], [0.3653, 220796.0], [0.3652, 244871.0], [0.3651, 242420.0], [0.365, 233683.0], [0.3649, 146813.0], [0.3648, 384321.0], [0.3647, 190798.0]], "asks": [[0.3667, 48918.0], [0.3668, 171250.0], [0.3669, 262295.0], [0.367, 383191.0], [0.3671, 178548.0], [0.3672, 183209.0], [0.3673, 238278.0], [0.3674, 299560.0], [0.3675, 232349.0], [0.3676, 195704.0], [0.3677, 161930.0], [0.3678, 274330.0], [0.3679, 228117.0], [0.368, 87089.0], [0.3681, 140236.0], [0.3682, 160761.0], [0.3683, 94679.0], [0.3684, 158801.0], [0.3685, 169034.0], [0.3686, 236687.0]], "timestamp": "2025-12-18T00:19:14.036494+00:00"}, {"symbol": "ADAUSDT", "bids": [[0.3662, 59246.0], [0.3661, 103646.0], [0.366, 245016.0], [0.3659, 269000.0], [0.3658, 201551.0], [0.3657, 135286.0], [0.3656, 144090.0], [0.3655, 169550.0], [0.3654, 190413.0], [0.3653, 379451.0], [0.3652, 326869.0], [0.3651, 259581.0], [0.365, 228219.0], [0.3649, 166209.0], [0.3648, 287176.0], [0.3647, 155844.0], [0.3646, 419411.0], [0.3645, 610476.0], [0.3644, 473325.0], [0.3643, 534002.0]], "asks": [[0.3663, 224256.0], [0.3664, 144165.0], [0.3665, 270867.0], [0.3666, 457401.0], [0.3667, 225789.0], [0.3668, 161686.0], [0.3669, 189305.0], [0.367, 200042.0], [0.3671, 382724.0], [0.3672, 216318.0], [0.3673, 114932.0], [0.3674, 146878.0], [0.3675, 177311.0], [0.3676, 226533.0], [0.3677, 146049.0], [0.3678, 250029.0], [0.3679, 126199.0], [0.368, 85836.0], [0.3681, 114818.0], [0.3682, 139689.0]], "timestamp": "2025-12-18T00:20:07.899991+00:00"}, {"symbol": "ADAUSDT", "bids": [[0.3658, 80310.0], [0.3657, 116727.0], [0.3656, 197721.0], [0.3655, 250051.0], [0.3654, 186672.0], [0.3653, 247294.0], [0.3652, 249389.0], [0.3651, 172641.0], [0.365, 171576.0], [0.3649, 142187.0], [0.3648, 305431.0], [0.3647, 260324.0], [0.3646, 251669.0], [0.3645, 180834.0], [0.3644, 163279.0], [0.3643, 213678.0], [0.3642, 176316.0], [0.3641, 351066.0], [0.364, 349894.0], [0.3639, 335261.0]], "asks": [[0.3659, 69060.0], [0.366, 144762.0], [0.3661, 208288.0], [0.3662, 218987.0], [0.3663, 165916.0], [0.3664, 289095.0], [0.3665, 271925.0], [0.3666, 172335.0], [0.3667, 264235.0], [0.3668, 156903.0], [0.3669, 148740.0], [0.367, 232283.0], [0.3671, 122809.0], [0.3672, 141223.0], [0.3673, 69187.0], [0.3674, 94674.0], [0.3675, 166790.0], [0.3676, 136743.0], [0.3677, 219797.0], [0.3678, 219356.0]], "timestamp": "2025-12-18T00:21:02.890539+00:00"}, {"symbol": "ADAUSDT", "bids": [[0.3659, 263588.0], [0.3658, 95829.0], [0.3657, 164640.0], [0.3656, 216837.0], [0.3655, 163979.0], [0.3654, 225831.0], [0.3653, 310778.0], [0.3652, 139152.0], [0.3651, 138317.0], [0.365, 198034.0], [0.3649, 136544.0], [0.3648, 228123.0], [0.3647, 313799.0], [0.3646, 268391.0], [0.3645, 169433.0], [0.3644, 157014.0], [0.3643, 224439.0], [0.3642, 282905.0], [0.3641, 351066.0], [0.364, 243808.0]], "asks": [[0.366, 105343.0], [0.3661, 161930.0], [0.3662, 231927.0], [0.3663, 158177.0], [0.3664, 256387.0], [0.3665, 332601.0], [0.3666, 167208.0], [0.3667, 202670.0], [0.3668, 223213.0], [0.3669, 169396.0], [0.367, 313681.0], [0.3671, 138115.0], [0.3672, 133748.0], [0.3673, 86771.0], [0.3674, 115359.0], [0.3675, 122006.0], [0.3676, 162366.0], [0.3677, 219832.0], [0.3678, 207603.0], [0.3679, 140860.0]], "timestamp": "2025-12-18T00:21:56.446797+00:00"}, {"symbol": "ADAUSDT", "bids": [[0.366, 87272.0], [0.3659, 120496.0], [0.3658, 163011.0], [0.3657, 306976.0], [0.3656, 182890.0], [0.3655, 180221.0], [0.3654, 327188.0], [0.3653, 254075.0], [0.3652, 161280.0], [0.3651, 147559.0], [0.365, 201133.0], [0.3649, 260157.0], [0.3648, 311160.0], [0.3647, 158375.0], [0.3646, 301450.0], [0.3645, 155301.0], [0.3644, 176313.0], [0.3643, 276873.0], [0.3642, 153637.0], [0.3641, 380492.0]], "asks": [[0.3661, 93707.0], [0.3662, 151326.0], [0.3663, 277474.0], [0.3664, 214424.0], [0.3665, 197858.0], [0.3666, 174738.0], [0.3667, 228634.0], [0.3668, 273234.0], [0.3669, 254711.0], [0.367, 151138.0], [0.3671, 115154.0], [0.3672, 310091.0], [0.3673, 142762.0], [0.3674, 95874.0], [0.3675, 127999.0], [0.3676, 154785.0], [0.3677, 87032.0], [0.3678, 224410.0], [0.3679, 139951.0], [0.368, 306229.0]], "timestamp": "2025-12-18T00:22:50.926013+00:00"}, {"symbol": "ADAUSDT", "bids": [[0.366, 98635.0], [0.3659, 175758.0], [0.3658, 248840.0], [0.3657, 192810.0], [0.3656, 162027.0], [0.3655, 282910.0], [0.3654, 269667.0], [0.3653, 193582.0], [0.3652, 171370.0], [0.3651, 243742.0], [0.365, 171303.0], [0.3649, 367394.0], [0.3648, 190567.0], [0.3647, 153422.0], [0.3646, 301450.0], [0.3645, 155301.0], [0.3644, 157536.0], [0.3643, 246874.0], [0.3642, 161873.0], [0.3641, 373901.0]], "asks": [[0.3661, 53720.0], [0.3662, 124851.0], [0.3663, 261243.0], [0.3664, 209405.0], [0.3665, 226911.0], [0.3666, 200453.0], [0.3667, 245225.0], [0.3668, 207710.0], [0.3669, 270809.0], [0.367, 142501.0], [0.3671, 167766.0], [0.3672, 198467.0], [0.3673, 232255.0], [0.3674, 103823.0], [0.3675, 128162.0], [0.3676, 193526.0], [0.3677, 151859.0], [0.3678, 224491.0], [0.3679, 139583.0], [0.368, 306489.0]], "timestamp": "2025-12-18T00:23:44.379272+00:00"}, {"symbol": "ADAUSDT", "bids": [[0.3658, 73925.0], [0.3657, 140567.0], [0.3656, 188742.0], [0.3655, 269194.0], [0.3654, 185070.0], [0.3653, 274248.0], [0.3652, 224313.0], [0.3651, 199099.0], [0.365, 218864.0], [0.3649, 246113.0], [0.3648, 246730.0], [0.3647, 275812.0], [0.3646, 354981.0], [0.3645, 194764.0], [0.3644, 156117.0], [0.3643, 176225.0], [0.3642, 155742.0], [0.3641, 384277.0], [0.364, 285441.0], [0.3639, 418331.0]], "asks": [[0.3659, 98964.0], [0.366, 136992.0], [0.3661, 222991.0], [0.3662, 183243.0], [0.3663, 217329.0], [0.3664, 148593.0], [0.3665, 152752.0], [0.3666, 184055.0], [0.3667, 320212.0], [0.3668, 149739.0], [0.3669, 196192.0], [0.367, 131094.0], [0.3671, 203756.0], [0.3672, 146417.0], [0.3673, 106779.0], [0.3674, 119749.0], [0.3675, 114405.0], [0.3676, 145525.0], [0.3677, 220748.0], [0.3678, 207670.0]], "timestamp": "2025-12-18T00:24:38.139874+00:00"}, {"symbol": "ADAUSDT", "bids": [[0.3661, 50864.0], [0.366, 151678.0], [0.3659, 297850.0], [0.3658, 278345.0], [0.3657, 178384.0], [0.3656, 248226.0], [0.3655, 211603.0], [0.3654, 198031.0], [0.3653, 261326.0], [0.3652, 192443.0], [0.3651, 126359.0], [0.365, 274442.0], [0.3649, 294626.0], [0.3648, 206747.0], [0.3647, 101370.0], [0.3646, 322391.0], [0.3645, 127897.0], [0.3644, 174291.0], [0.3643, 260838.0], [0.3642, 147510.0]], "asks": [[0.3662, 73481.0], [0.3663, 186005.0], [0.3664, 184767.0], [0.3665, 154092.0], [0.3666, 156034.0], [0.3667, 210802.0], [0.3668, 176442.0], [0.3669, 227472.0], [0.367, 250996.0], [0.3671, 157510.0], [0.3672, 140882.0], [0.3673, 247566.0], [0.3674, 174179.0], [0.3675, 136606.0], [0.3676, 141083.0], [0.3677, 170793.0], [0.3678, 220799.0], [0.3679, 207942.0], [0.368, 235500.0], [0.3681, 160402.0]], "timestamp": "2025-12-18T00:25:31.900679+00:00"}, {"symbol": "ADAUSDT", "bids": [[0.366, 102871.0], [0.3659, 275399.0], [0.3658, 294432.0], [0.3657, 181957.0], [0.3656, 209740.0], [0.3655, 244199.0], [0.3654, 171178.0], [0.3653, 232810.0], [0.3652, 198494.0], [0.3651, 112990.0], [0.365, 176485.0], [0.3649, 409694.0], [0.3648, 229069.0], [0.3647, 119192.0], [0.3646, 322391.0], [0.3645, 157038.0], [0.3644, 163570.0], [0.3643, 175349.0], [0.3642, 245821.0], [0.3641, 285945.0]], "asks": [[0.3661, 50034.0], [0.3662, 160692.0], [0.3663, 154256.0], [0.3664, 160166.0], [0.3665, 169573.0], [0.3666, 209104.0], [0.3667, 194056.0], [0.3668, 210941.0], [0.3669, 220165.0], [0.367, 185811.0], [0.3671, 138855.0], [0.3672, 119511.0], [0.3673, 145691.0], [0.3674, 272510.0], [0.3675, 136362.0], [0.3676, 135334.0], [0.3677, 178950.0], [0.3678, 223367.0], [0.3679, 199903.0], [0.368, 235486.0]], "timestamp": "2025-12-18T00:26:25.764419+00:00"}, {"symbol": "ADAUSDT", "bids": [[0.3658, 46894.0], [0.3657, 108368.0], [0.3656, 167235.0], [0.3655, 203210.0], [0.3654, 174877.0], [0.3653, 255396.0], [0.3652, 240925.0], [0.3651, 97609.0], [0.365, 192472.0], [0.3649, 431262.0], [0.3648, 192913.0], [0.3647, 114279.0], [0.3646, 336258.0], [0.3645, 190665.0], [0.3644, 155339.0], [0.3643, 174978.0], [0.3642, 253401.0], [0.3641, 285959.0], [0.364, 218376.0], [0.3639, 425380.0]], "asks": [[0.3659, 148818.0], [0.366, 192018.0], [0.3661, 192148.0], [0.3662, 223253.0], [0.3663, 194879.0], [0.3664, 127112.0], [0.3665, 168467.0], [0.3666, 247875.0], [0.3667, 303849.0], [0.3668, 193002.0], [0.3669, 140991.0], [0.367, 133760.0], [0.3671, 148309.0], [0.3672, 106134.0], [0.3673, 178109.0], [0.3674, 127950.0], [0.3675, 98649.0], [0.3676, 112210.0], [0.3677, 208843.0], [0.3678, 215841.0]], "timestamp": "2025-12-18T00:27:20.060774+00:00"}, {"symbol": "ADAUSDT", "bids": [[0.366, 85870.0], [0.3659, 172857.0], [0.3658, 356965.0], [0.3657, 259928.0], [0.3656, 238531.0], [0.3655, 150955.0], [0.3654, 162593.0], [0.3653, 276257.0], [0.3652, 263144.0], [0.3651, 97155.0], [0.365, 148228.0], [0.3649, 182709.0], [0.3648, 289853.0], [0.3647, 107208.0], [0.3646, 298862.0], [0.3645, 160398.0], [0.3644, 152753.0], [0.3643, 193863.0], [0.3642, 291497.0], [0.3641, 334415.0]], "asks": [[0.3661, 75948.0], [0.3662, 252704.0], [0.3663, 187590.0], [0.3664, 136417.0], [0.3665, 172343.0], [0.3666, 198281.0], [0.3667, 315418.0], [0.3668, 189911.0], [0.3669, 223077.0], [0.367, 201349.0], [0.3671, 242267.0], [0.3672, 102151.0], [0.3673, 155340.0], [0.3674, 144714.0], [0.3675, 97721.0], [0.3676, 120580.0], [0.3677, 208843.0], [0.3678, 267897.0], [0.3679, 126027.0], [0.368, 187457.0]], "timestamp": "2025-12-18T00:28:13.705930+00:00"}, {"symbol": "ADAUSDT", "bids": [[0.3661, 53079.0], [0.366, 89594.0], [0.3659, 235916.0], [0.3658, 291256.0], [0.3657, 161120.0], [0.3656, 235488.0], [0.3655, 150185.0], [0.3654, 165546.0], [0.3653, 343071.0], [0.3652, 265520.0], [0.3651, 179782.0], [0.365, 250636.0], [0.3649, 131912.0], [0.3648, 283874.0], [0.3647, 115260.0], [0.3646, 199781.0], [0.3645, 183567.0], [0.3644, 282676.0], [0.3643, 166390.0], [0.3642, 127391.0]], "asks": [[0.3662, 69042.0], [0.3663, 148536.0], [0.3664, 162237.0], [0.3665, 178952.0], [0.3666, 158848.0], [0.3667, 171311.0], [0.3668, 189639.0], [0.3669, 295582.0], [0.367, 175905.0], [0.3671, 172799.0], [0.3672, 131130.0], [0.3673, 182502.0], [0.3674, 297122.0], [0.3675, 90968.0], [0.3676, 153918.0], [0.3677, 195273.0], [0.3678, 218876.0], [0.3679, 145369.0], [0.368, 247678.0], [0.3681, 260313.0]], "timestamp": "2025-12-18T00:29:07.661956+00:00"}, {"symbol": "ADAUSDT", "bids": [[0.3663, 26816.0], [0.3662, 167766.0], [0.3661, 228232.0], [0.366, 251517.0], [0.3659, 211044.0], [0.3658, 343005.0], [0.3657, 159635.0], [0.3656, 166680.0], [0.3655, 169874.0], [0.3654, 180923.0], [0.3653, 336140.0], [0.3652, 430046.0], [0.3651, 270437.0], [0.365, 119153.0], [0.3649, 116845.0], [0.3648, 152709.0], [0.3647, 152965.0], [0.3646, 280176.0], [0.3645, 166933.0], [0.3644, 192547.0]], "asks": [[0.3664, 63569.0], [0.3665, 79740.0], [0.3666, 145710.0], [0.3667, 157366.0], [0.3668, 128893.0], [0.3669, 154914.0], [0.367, 147626.0], [0.3671, 231218.0], [0.3672, 232419.0], [0.3673, 237067.0], [0.3674, 331859.0], [0.3675, 109705.0], [0.3676, 143492.0], [0.3677, 230365.0], [0.3678, 222503.0], [0.3679, 139977.0], [0.368, 258025.0], [0.3681, 251491.0], [0.3682, 190862.0], [0.3683, 151574.0]], "timestamp": "2025-12-18T00:30:01.935117+00:00"}, {"symbol": "ADAUSDT", "bids": [[0.3661, 108289.0], [0.366, 163420.0], [0.3659, 317095.0], [0.3658, 275641.0], [0.3657, 165337.0], [0.3656, 254305.0], [0.3655, 209076.0], [0.3654, 180958.0], [0.3653, 343353.0], [0.3652, 300791.0], [0.3651, 296648.0], [0.365, 250151.0], [0.3649, 132619.0], [0.3648, 194923.0], [0.3647, 154248.0], [0.3646, 173701.0], [0.3645, 166949.0], [0.3644, 299038.0], [0.3643, 152587.0], [0.3642, 146413.0]], "asks": [[0.3662, 162799.0], [0.3663, 69736.0], [0.3664, 177074.0], [0.3665, 154527.0], [0.3666, 176660.0], [0.3667, 250996.0], [0.3668, 243350.0], [0.3669, 191402.0], [0.367, 181814.0], [0.3671, 178907.0], [0.3672, 127977.0], [0.3673, 151361.0], [0.3674, 320434.0], [0.3675, 76732.0], [0.3676, 143146.0], [0.3677, 218419.0], [0.3678, 222763.0], [0.3679, 167171.0], [0.368, 257781.0], [0.3681, 251613.0]], "timestamp": "2025-12-18T00:30:56.014904+00:00"}, {"symbol": "ADAUSDT", "bids": [[0.3661, 100111.0], [0.366, 191054.0], [0.3659, 311598.0], [0.3658, 262058.0], [0.3657, 163946.0], [0.3656, 198527.0], [0.3655, 281783.0], [0.3654, 170322.0], [0.3653, 350057.0], [0.3652, 360842.0], [0.3651, 400675.0], [0.365, 119695.0], [0.3649, 133395.0], [0.3648, 167888.0], [0.3647, 159967.0], [0.3646, 187832.0], [0.3645, 166949.0], [0.3644, 299058.0], [0.3643, 152546.0], [0.3642, 148669.0]], "asks": [[0.3662, 87013.0], [0.3663, 119971.0], [0.3664, 203736.0], [0.3665, 160581.0], [0.3666, 185151.0], [0.3667, 187160.0], [0.3668, 295162.0], [0.3669, 248288.0], [0.367, 202962.0], [0.3671, 101518.0], [0.3672, 116732.0], [0.3673, 215952.0], [0.3674, 271694.0], [0.3675, 63761.0], [0.3676, 137125.0], [0.3677, 226316.0], [0.3678, 222598.0], [0.3679, 127948.0], [0.368, 257686.0], [0.3681, 251396.0]], "timestamp": "2025-12-18T00:31:50.358348+00:00"}, {"symbol": "ADAUSDT", "bids": [[0.366, 95773.0], [0.3659, 178867.0], [0.3658, 372425.0], [0.3657, 204679.0], [0.3656, 204771.0], [0.3655, 232397.0], [0.3654, 286437.0], [0.3653, 346681.0], [0.3652, 338251.0], [0.3651, 243646.0], [0.365, 181710.0], [0.3649, 223122.0], [0.3648, 253639.0], [0.3647, 194652.0], [0.3646, 209191.0], [0.3645, 183581.0], [0.3644, 203710.0], [0.3643, 250844.0], [0.3642, 158308.0], [0.3641, 295132.0]], "asks": [[0.3661, 75426.0], [0.3662, 161149.0], [0.3663, 217688.0], [0.3664, 167680.0], [0.3665, 180805.0], [0.3666, 183173.0], [0.3667, 241585.0], [0.3668, 299114.0], [0.3669, 250173.0], [0.367, 189553.0], [0.3671, 92323.0], [0.3672, 216259.0], [0.3673, 140621.0], [0.3674, 162477.0], [0.3675, 57528.0], [0.3676, 137385.0], [0.3677, 198568.0], [0.3678, 234803.0], [0.3679, 207108.0], [0.368, 239195.0]], "timestamp": "2025-12-18T00:32:44.347461+00:00"}, {"symbol": "ADAUSDT", "bids": [[0.3659, 40412.0], [0.3658, 258674.0], [0.3657, 336210.0], [0.3656, 255659.0], [0.3655, 190900.0], [0.3654, 205654.0], [0.3653, 370853.0], [0.3652, 357764.0], [0.3651, 235136.0], [0.365, 214944.0], [0.3649, 242653.0], [0.3648, 254053.0], [0.3647, 160267.0], [0.3646, 198627.0], [0.3645, 211022.0], [0.3644, 231697.0], [0.3643, 152530.0], [0.3642, 175787.0], [0.3641, 393537.0], [0.364, 224161.0]], "asks": [[0.366, 83545.0], [0.3661, 150067.0], [0.3662, 233337.0], [0.3663, 204933.0], [0.3664, 156223.0], [0.3665, 195822.0], [0.3666, 180732.0], [0.3667, 213732.0], [0.3668, 348978.0], [0.3669, 220349.0], [0.367, 177915.0], [0.3671, 75309.0], [0.3672, 245354.0], [0.3673, 108633.0], [0.3674, 162377.0], [0.3675, 57511.0], [0.3676, 121402.0], [0.3677, 212031.0], [0.3678, 266691.0], [0.3679, 207094.0]], "timestamp": "2025-12-18T00:33:38.309282+00:00"}, {"symbol": "ADAUSDT", "bids": [[0.3661, 28567.0], [0.366, 133169.0], [0.3659, 254186.0], [0.3658, 442900.0], [0.3657, 254107.0], [0.3656, 194289.0], [0.3655, 176334.0], [0.3654, 257376.0], [0.3653, 395187.0], [0.3652, 312723.0], [0.3651, 297979.0], [0.365, 284244.0], [0.3649, 78503.0], [0.3648, 145312.0], [0.3647, 139894.0], [0.3646, 197025.0], [0.3645, 194868.0], [0.3644, 309697.0], [0.3643, 182257.0], [0.3642, 167004.0]], "asks": [[0.3662, 69886.0], [0.3663, 125707.0], [0.3664, 196875.0], [0.3665, 154633.0], [0.3666, 159812.0], [0.3667, 146191.0], [0.3668, 214698.0], [0.3669, 186607.0], [0.367, 306033.0], [0.3671, 147726.0], [0.3672, 175347.0], [0.3673, 179802.0], [0.3674, 306046.0], [0.3675, 68876.0], [0.3676, 144908.0], [0.3677, 187013.0], [0.3678, 282660.0], [0.3679, 127741.0], [0.368, 253843.0], [0.3681, 270632.0]], "timestamp": "2025-12-18T00:34:31.865285+00:00"}, {"symbol": "ADAUSDT", "bids": [[0.3659, 37658.0], [0.3658, 154401.0], [0.3657, 190395.0], [0.3656, 138326.0], [0.3655, 235887.0], [0.3654, 168821.0], [0.3653, 251189.0], [0.3652, 385311.0], [0.3651, 194961.0], [0.365, 295717.0], [0.3649, 279240.0], [0.3648, 150200.0], [0.3647, 127184.0], [0.3646, 227191.0], [0.3645, 183116.0], [0.3644, 171991.0], [0.3643, 261309.0], [0.3642, 124234.0], [0.3641, 271902.0], [0.364, 233618.0]], "asks": [[0.366, 127564.0], [0.3661, 176593.0], [0.3662, 174893.0], [0.3663, 169931.0], [0.3664, 191841.0], [0.3665, 134632.0], [0.3666, 179694.0], [0.3667, 196828.0], [0.3668, 281218.0], [0.3669, 162030.0], [0.367, 171159.0], [0.3671, 90339.0], [0.3672, 97653.0], [0.3673, 112865.0], [0.3674, 253129.0], [0.3675, 79340.0], [0.3676, 97691.0], [0.3677, 150326.0], [0.3678, 239257.0], [0.3679, 106467.0]], "timestamp": "2025-12-18T00:35:26.036135+00:00"}, {"symbol": "ADAUSDT", "bids": [[0.3656, 110371.0], [0.3655, 185944.0], [0.3654, 231035.0], [0.3653, 306856.0], [0.3652, 292250.0], [0.3651, 201176.0], [0.365, 393517.0], [0.3649, 186066.0], [0.3648, 189954.0], [0.3647, 141782.0], [0.3646, 127256.0], [0.3645, 159274.0], [0.3644, 255182.0], [0.3643, 168949.0], [0.3642, 161147.0], [0.3641, 232124.0], [0.364, 200046.0], [0.3639, 369874.0], [0.3638, 427504.0], [0.3637, 436643.0]], "asks": [[0.3657, 45747.0], [0.3658, 144930.0], [0.3659, 259981.0], [0.366, 206842.0], [0.3661, 200164.0], [0.3662, 224802.0], [0.3663, 268069.0], [0.3664, 206634.0], [0.3665, 308974.0], [0.3666, 143422.0], [0.3667, 217060.0], [0.3668, 203778.0], [0.3669, 300012.0], [0.367, 154434.0], [0.3671, 62589.0], [0.3672, 142294.0], [0.3673, 173492.0], [0.3674, 137254.0], [0.3675, 258824.0], [0.3676, 138368.0]], "timestamp": "2025-12-18T00:36:19.694730+00:00"}, {"symbol": "ADAUSDT", "bids": [[0.3657, 74664.0], [0.3656, 411840.0], [0.3655, 265133.0], [0.3654, 224598.0], [0.3653, 329406.0], [0.3652, 332314.0], [0.3651, 184353.0], [0.365, 297796.0], [0.3649, 196667.0], [0.3648, 300083.0], [0.3647, 312754.0], [0.3646, 93543.0], [0.3645, 141148.0], [0.3644, 133143.0], [0.3643, 283275.0], [0.3642, 143348.0], [0.3641, 165860.0], [0.364, 208525.0], [0.3639, 418723.0], [0.3638, 445417.0]], "asks": [[0.3658, 54580.0], [0.3659, 147537.0], [0.366, 195570.0], [0.3661, 170438.0], [0.3662, 236503.0], [0.3663, 189008.0], [0.3664, 252490.0], [0.3665, 186664.0], [0.3666, 253330.0], [0.3667, 256123.0], [0.3668, 257051.0], [0.3669, 257800.0], [0.367, 144702.0], [0.3671, 90428.0], [0.3672, 141450.0], [0.3673, 169503.0], [0.3674, 137173.0], [0.3675, 227113.0], [0.3676, 212170.0], [0.3677, 204364.0]], "timestamp": "2025-12-18T00:37:14.070318+00:00"}, {"symbol": "ADAUSDT", "bids": [[0.3659, 50343.0], [0.3658, 261334.0], [0.3657, 334807.0], [0.3656, 530437.0], [0.3655, 159626.0], [0.3654, 290033.0], [0.3653, 214455.0], [0.3652, 260846.0], [0.3651, 384474.0], [0.365, 310588.0], [0.3649, 249199.0], [0.3648, 203976.0], [0.3647, 98113.0], [0.3646, 135620.0], [0.3645, 229707.0], [0.3644, 174541.0], [0.3643, 246530.0], [0.3642, 231414.0], [0.3641, 101429.0], [0.364, 244336.0]], "asks": [[0.366, 22173.0], [0.3661, 87426.0], [0.3662, 183158.0], [0.3663, 189290.0], [0.3664, 197565.0], [0.3665, 199565.0], [0.3666, 174409.0], [0.3667, 259114.0], [0.3668, 340011.0], [0.3669, 127849.0], [0.367, 185434.0], [0.3671, 149168.0], [0.3672, 298921.0], [0.3673, 137237.0], [0.3674, 178637.0], [0.3675, 231713.0], [0.3676, 175140.0], [0.3677, 81044.0], [0.3678, 182888.0], [0.3679, 202366.0]], "timestamp": "2025-12-18T00:38:07.728470+00:00"}, {"symbol": "ADAUSDT", "bids": [[0.3661, 102682.0], [0.366, 209144.0], [0.3659, 225913.0], [0.3658, 359781.0], [0.3657, 317551.0], [0.3656, 436823.0], [0.3655, 253130.0], [0.3654, 207088.0], [0.3653, 254429.0], [0.3652, 280140.0], [0.3651, 210413.0], [0.365, 198436.0], [0.3649, 270811.0], [0.3648, 276934.0], [0.3647, 204581.0], [0.3646, 134554.0], [0.3645, 193872.0], [0.3644, 149552.0], [0.3643, 342598.0], [0.3642, 113819.0]], "asks": [[0.3662, 19094.0], [0.3663, 113510.0], [0.3664, 208465.0], [0.3665, 216435.0], [0.3666, 151819.0], [0.3667, 300625.0], [0.3668, 270574.0], [0.3669, 148089.0], [0.367, 218163.0], [0.3671, 156099.0], [0.3672, 289361.0], [0.3673, 105545.0], [0.3674, 211540.0], [0.3675, 265115.0], [0.3676, 175819.0], [0.3677, 63646.0], [0.3678, 173996.0], [0.3679, 218225.0], [0.368, 242272.0], [0.3681, 235821.0]], "timestamp": "2025-12-18T00:39:02.640090+00:00"}, {"symbol": "ADAUSDT", "bids": [[0.366, 77796.0], [0.3659, 130268.0], [0.3658, 223249.0], [0.3657, 317337.0], [0.3656, 453083.0], [0.3655, 192862.0], [0.3654, 314676.0], [0.3653, 286228.0], [0.3652, 255035.0], [0.3651, 190711.0], [0.365, 262525.0], [0.3649, 252060.0], [0.3648, 325383.0], [0.3647, 116285.0], [0.3646, 142516.0], [0.3645, 210352.0], [0.3644, 130172.0], [0.3643, 287880.0], [0.3642, 254852.0], [0.3641, 138869.0]], "asks": [[0.3661, 94296.0], [0.3662, 246954.0], [0.3663, 281057.0], [0.3664, 218493.0], [0.3665, 171139.0], [0.3666, 158174.0], [0.3667, 247971.0], [0.3668, 300871.0], [0.3669, 236988.0], [0.367, 155132.0], [0.3671, 228541.0], [0.3672, 192004.0], [0.3673, 83078.0], [0.3674, 118494.0], [0.3675, 199285.0], [0.3676, 107434.0], [0.3677, 69320.0], [0.3678, 188116.0], [0.3679, 148433.0], [0.368, 250983.0]], "timestamp": "2025-12-18T00:39:56.581413+00:00"}, {"symbol": "ADAUSDT", "bids": [[0.3658, 147523.0], [0.3657, 135672.0], [0.3656, 503370.0], [0.3655, 173376.0], [0.3654, 328374.0], [0.3653, 302783.0], [0.3652, 217404.0], [0.3651, 246064.0], [0.365, 371954.0], [0.3649, 315875.0], [0.3648, 293148.0], [0.3647, 120502.0], [0.3646, 130948.0], [0.3645, 216617.0], [0.3644, 147017.0], [0.3643, 267114.0], [0.3642, 156203.0], [0.3641, 146575.0], [0.364, 314581.0], [0.3639, 386165.0]], "asks": [[0.3659, 119516.0], [0.366, 190515.0], [0.3661, 323972.0], [0.3662, 289723.0], [0.3663, 185439.0], [0.3664, 169984.0], [0.3665, 262926.0], [0.3666, 160463.0], [0.3667, 262784.0], [0.3668, 328681.0], [0.3669, 115078.0], [0.367, 149322.0], [0.3671, 276126.0], [0.3672, 115424.0], [0.3673, 72079.0], [0.3674, 139443.0], [0.3675, 180469.0], [0.3676, 107434.0], [0.3677, 81752.0], [0.3678, 206026.0]], "timestamp": "2025-12-18T00:40:50.854452+00:00"}, {"symbol": "ADAUSDT", "bids": [[0.3654, 111237.0], [0.3653, 106333.0], [0.3652, 228964.0], [0.3651, 194050.0], [0.365, 389673.0], [0.3649, 300998.0], [0.3648, 175796.0], [0.3647, 191043.0], [0.3646, 160746.0], [0.3645, 211472.0], [0.3644, 203698.0], [0.3643, 364788.0], [0.3642, 338212.0], [0.3641, 131288.0], [0.364, 193874.0], [0.3639, 178626.0], [0.3638, 607632.0], [0.3637, 405306.0], [0.3636, 541238.0], [0.3635, 679538.0]], "asks": [[0.3655, 146492.0], [0.3656, 208266.0], [0.3657, 323415.0], [0.3658, 183721.0], [0.3659, 163399.0], [0.366, 223794.0], [0.3661, 190618.0], [0.3662, 231885.0], [0.3663, 222754.0], [0.3664, 143871.0], [0.3665, 259864.0], [0.3666, 207192.0], [0.3667, 146202.0], [0.3668, 177957.0], [0.3669, 95827.0], [0.367, 108282.0], [0.3671, 112822.0], [0.3672, 136678.0], [0.3673, 176878.0], [0.3674, 202075.0]], "timestamp": "2025-12-18T00:41:44.645512+00:00"}, {"symbol": "ADAUSDT", "bids": [[0.3655, 83174.0], [0.3654, 159487.0], [0.3653, 218264.0], [0.3652, 316793.0], [0.3651, 232123.0], [0.365, 244863.0], [0.3649, 196055.0], [0.3648, 417068.0], [0.3647, 142960.0], [0.3646, 166724.0], [0.3645, 172985.0], [0.3644, 140222.0], [0.3643, 278842.0], [0.3642, 144566.0], [0.3641, 157534.0], [0.364, 282562.0], [0.3639, 159178.0], [0.3638, 275057.0], [0.3637, 189327.0], [0.3636, 581947.0]], "asks": [[0.3656, 113867.0], [0.3657, 222507.0], [0.3658, 226862.0], [0.3659, 162955.0], [0.366, 169015.0], [0.3661, 179717.0], [0.3662, 292323.0], [0.3663, 165519.0], [0.3664, 272155.0], [0.3665, 219970.0], [0.3666, 220911.0], [0.3667, 124335.0], [0.3668, 151130.0], [0.3669, 95482.0], [0.367, 141466.0], [0.3671, 111605.0], [0.3672, 155063.0], [0.3673, 187181.0], [0.3674, 199679.0], [0.3675, 203359.0]], "timestamp": "2025-12-18T00:42:38.883790+00:00"}, {"symbol": "ADAUSDT", "bids": [[0.3654, 149237.0], [0.3653, 157314.0], [0.3652, 287262.0], [0.3651, 195755.0], [0.365, 284042.0], [0.3649, 236345.0], [0.3648, 360376.0], [0.3647, 201919.0], [0.3646, 180156.0], [0.3645, 173063.0], [0.3644, 179615.0], [0.3643, 285483.0], [0.3642, 153313.0], [0.3641, 150295.0], [0.364, 316815.0], [0.3639, 131443.0], [0.3638, 275057.0], [0.3637, 189574.0], [0.3636, 581931.0], [0.3635, 512036.0]], "asks": [[0.3655, 72516.0], [0.3656, 115277.0], [0.3657, 295694.0], [0.3658, 141865.0], [0.3659, 142272.0], [0.366, 236361.0], [0.3661, 177987.0], [0.3662, 230059.0], [0.3663, 294783.0], [0.3664, 151666.0], [0.3665, 140286.0], [0.3666, 146028.0], [0.3667, 150800.0], [0.3668, 260639.0], [0.3669, 91603.0], [0.367, 167782.0], [0.3671, 114195.0], [0.3672, 155063.0], [0.3673, 184459.0], [0.3674, 195109.0]], "timestamp": "2025-12-18T00:43:32.853314+00:00"}, {"symbol": "ADAUSDT", "bids": [[0.3655, 78097.0], [0.3654, 169830.0], [0.3653, 224790.0], [0.3652, 353710.0], [0.3651, 276072.0], [0.365, 407874.0], [0.3649, 176470.0], [0.3648, 295351.0], [0.3647, 142895.0], [0.3646, 176503.0], [0.3645, 165278.0], [0.3644, 265467.0], [0.3643, 138498.0], [0.3642, 138710.0], [0.3641, 144775.0], [0.364, 313050.0], [0.3639, 131907.0], [0.3638, 284328.0], [0.3637, 287789.0], [0.3636, 486175.0]], "asks": [[0.3656, 72895.0], [0.3657, 230367.0], [0.3658, 262312.0], [0.3659, 148827.0], [0.366, 167905.0], [0.3661, 176478.0], [0.3662, 251253.0], [0.3663, 248601.0], [0.3664, 272626.0], [0.3665, 195911.0], [0.3666, 174329.0], [0.3667, 236715.0], [0.3668, 147797.0], [0.3669, 110561.0], [0.367, 106612.0], [0.3671, 141452.0], [0.3672, 155063.0], [0.3673, 184459.0], [0.3674, 195123.0], [0.3675, 205900.0]], "timestamp": "2025-12-18T00:44:26.921311+00:00"}, {"symbol": "ADAUSDT", "bids": [[0.3655, 118989.0], [0.3654, 188763.0], [0.3653, 245845.0], [0.3652, 383082.0], [0.3651, 156993.0], [0.365, 330704.0], [0.3649, 186113.0], [0.3648, 242508.0], [0.3647, 196988.0], [0.3646, 197354.0], [0.3645, 258329.0], [0.3644, 256856.0], [0.3643, 279485.0], [0.3642, 146260.0], [0.3641, 167422.0], [0.364, 144932.0], [0.3639, 156994.0], [0.3638, 373282.0], [0.3637, 181080.0], [0.3636, 418968.0]], "asks": [[0.3656, 17424.0], [0.3657, 130088.0], [0.3658, 246769.0], [0.3659, 127399.0], [0.366, 175851.0], [0.3661, 219086.0], [0.3662, 207827.0], [0.3663, 212368.0], [0.3664, 278563.0], [0.3665, 166048.0], [0.3666, 156079.0], [0.3667, 225557.0], [0.3668, 157000.0], [0.3669, 130900.0], [0.367, 207841.0], [0.3671, 132912.0], [0.3672, 137769.0], [0.3673, 167334.0], [0.3674, 194204.0], [0.3675, 140952.0]], "timestamp": "2025-12-18T00:45:20.989196+00:00"}, {"symbol": "ADAUSDT", "bids": [[0.3657, 12208.0], [0.3656, 170929.0], [0.3655, 221901.0], [0.3654, 329100.0], [0.3653, 267268.0], [0.3652, 293943.0], [0.3651, 238775.0], [0.365, 209134.0], [0.3649, 219336.0], [0.3648, 290627.0], [0.3647, 132211.0], [0.3646, 130860.0], [0.3645, 315805.0], [0.3644, 122857.0], [0.3643, 271834.0], [0.3642, 170770.0], [0.3641, 184852.0], [0.364, 158748.0], [0.3639, 239976.0], [0.3638, 248288.0]], "asks": [[0.3658, 118293.0], [0.3659, 113937.0], [0.366, 324628.0], [0.3661, 158976.0], [0.3662, 213927.0], [0.3663, 157074.0], [0.3664, 229579.0], [0.3665, 250149.0], [0.3666, 228836.0], [0.3667, 134732.0], [0.3668, 175691.0], [0.3669, 222614.0], [0.367, 241025.0], [0.3671, 141773.0], [0.3672, 138286.0], [0.3673, 151704.0], [0.3674, 127686.0], [0.3675, 178582.0], [0.3676, 167005.0], [0.3677, 163540.0]], "timestamp": "2025-12-18T00:46:14.545711+00:00"}, {"symbol": "ADAUSDT", "bids": [[0.3658, 107774.0], [0.3657, 156068.0], [0.3656, 281392.0], [0.3655, 249020.0], [0.3654, 337587.0], [0.3653, 281167.0], [0.3652, 356410.0], [0.3651, 152685.0], [0.365, 229779.0], [0.3649, 184649.0], [0.3648, 269114.0], [0.3647, 235114.0], [0.3646, 236819.0], [0.3645, 208398.0], [0.3644, 130392.0], [0.3643, 263095.0], [0.3642, 196570.0], [0.3641, 187638.0], [0.364, 229913.0], [0.3639, 117550.0]], "asks": [[0.3659, 125050.0], [0.366, 150841.0], [0.3661, 342478.0], [0.3662, 203061.0], [0.3663, 153984.0], [0.3664, 243229.0], [0.3665, 157482.0], [0.3666, 162438.0], [0.3667, 311549.0], [0.3668, 176926.0], [0.3669, 156660.0], [0.367, 277816.0], [0.3671, 117239.0], [0.3672, 156344.0], [0.3673, 160153.0], [0.3674, 193005.0], [0.3675, 207471.0], [0.3676, 116471.0], [0.3677, 191971.0], [0.3678, 173118.0]], "timestamp": "2025-12-18T00:47:10.354198+00:00"}, {"symbol": "ADAUSDT", "bids": [[0.3659, 64377.0], [0.3658, 191036.0], [0.3657, 275668.0], [0.3656, 257218.0], [0.3655, 331313.0], [0.3654, 345532.0], [0.3653, 256665.0], [0.3652, 286184.0], [0.3651, 142759.0], [0.365, 203639.0], [0.3649, 192141.0], [0.3648, 356833.0], [0.3647, 98554.0], [0.3646, 225690.0], [0.3645, 209982.0], [0.3644, 130162.0], [0.3643, 262470.0], [0.3642, 209528.0], [0.3641, 272730.0], [0.364, 131524.0]], "asks": [[0.366, 81665.0], [0.3661, 196564.0], [0.3662, 256705.0], [0.3663, 168696.0], [0.3664, 167354.0], [0.3665, 177017.0], [0.3666, 211879.0], [0.3667, 221364.0], [0.3668, 267353.0], [0.3669, 178066.0], [0.367, 213587.0], [0.3671, 135902.0], [0.3672, 266096.0], [0.3673, 152111.0], [0.3674, 208487.0], [0.3675, 196781.0], [0.3676, 116471.0], [0.3677, 191971.0], [0.3678, 176555.0], [0.3679, 114050.0]], "timestamp": "2025-12-18T00:48:04.114679+00:00"}, {"symbol": "ADAUSDT", "bids": [[0.366, 76842.0], [0.3659, 152545.0], [0.3658, 295903.0], [0.3657, 318105.0], [0.3656, 255330.0], [0.3655, 332561.0], [0.3654, 232869.0], [0.3653, 193586.0], [0.3652, 270001.0], [0.3651, 174759.0], [0.365, 349562.0], [0.3649, 227889.0], [0.3648, 239981.0], [0.3647, 83167.0], [0.3646, 166905.0], [0.3645, 171981.0], [0.3644, 159932.0], [0.3643, 235084.0], [0.3642, 257262.0], [0.3641, 168968.0]], "asks": [[0.3661, 125754.0], [0.3662, 142350.0], [0.3663, 241216.0], [0.3664, 172179.0], [0.3665, 175515.0], [0.3666, 204654.0], [0.3667, 122939.0], [0.3668, 146423.0], [0.3669, 293516.0], [0.367, 192726.0], [0.3671, 198228.0], [0.3672, 247507.0], [0.3673, 169214.0], [0.3674, 243242.0], [0.3675, 240733.0], [0.3676, 87748.0], [0.3677, 125092.0], [0.3678, 187364.0], [0.3679, 152578.0], [0.368, 238232.0]], "timestamp": "2025-12-18T00:48:57.903848+00:00"}, {"symbol": "ADAUSDT", "bids": [[0.3663, 67208.0], [0.3662, 154875.0], [0.3661, 225360.0], [0.366, 251092.0], [0.3659, 306374.0], [0.3658, 305779.0], [0.3657, 247641.0], [0.3656, 211206.0], [0.3655, 235240.0], [0.3654, 277344.0], [0.3653, 423000.0], [0.3652, 198229.0], [0.3651, 144639.0], [0.365, 217935.0], [0.3649, 181225.0], [0.3648, 295923.0], [0.3647, 69106.0], [0.3646, 136335.0], [0.3645, 215311.0], [0.3644, 118431.0]], "asks": [[0.3664, 71468.0], [0.3665, 121605.0], [0.3666, 293002.0], [0.3667, 182871.0], [0.3668, 144301.0], [0.3669, 171578.0], [0.367, 131770.0], [0.3671, 185301.0], [0.3672, 341672.0], [0.3673, 119009.0], [0.3674, 190872.0], [0.3675, 176540.0], [0.3676, 237858.0], [0.3677, 151306.0], [0.3678, 208079.0], [0.3679, 193052.0], [0.368, 181587.0], [0.3681, 246236.0], [0.3682, 200387.0], [0.3683, 244844.0]], "timestamp": "2025-12-18T00:49:52.047124+00:00"}, {"symbol": "ADAUSDT", "bids": [[0.3668, 112244.0], [0.3667, 161806.0], [0.3666, 248243.0], [0.3665, 262215.0], [0.3664, 310034.0], [0.3663, 319857.0], [0.3662, 213593.0], [0.3661, 201095.0], [0.366, 185878.0], [0.3659, 189860.0], [0.3658, 181287.0], [0.3657, 210599.0], [0.3656, 127522.0], [0.3655, 152796.0], [0.3654, 146851.0], [0.3653, 211913.0], [0.3652, 198737.0], [0.3651, 168733.0], [0.365, 237560.0], [0.3649, 225325.0]], "asks": [[0.3669, 136522.0], [0.367, 95025.0], [0.3671, 207193.0], [0.3672, 151653.0], [0.3673, 169610.0], [0.3674, 203619.0], [0.3675, 135796.0], [0.3676, 201308.0], [0.3677, 269344.0], [0.3678, 294019.0], [0.3679, 255087.0], [0.368, 222700.0], [0.3681, 150584.0], [0.3682, 236378.0], [0.3683, 183701.0], [0.3684, 98085.0], [0.3685, 196693.0], [0.3686, 189976.0], [0.3687, 248454.0], [0.3688, 123067.0]], "timestamp": "2025-12-18T00:50:46.728712+00:00"}, {"symbol": "ADAUSDT", "bids": [[0.3664, 84945.0], [0.3663, 151838.0], [0.3662, 212519.0], [0.3661, 274961.0], [0.366, 286153.0], [0.3659, 278277.0], [0.3658, 202099.0], [0.3657, 169125.0], [0.3656, 442534.0], [0.3655, 192887.0], [0.3654, 198841.0], [0.3653, 298615.0], [0.3652, 262064.0], [0.3651, 207945.0], [0.365, 198189.0], [0.3649, 287726.0], [0.3648, 256392.0], [0.3647, 93134.0], [0.3646, 238425.0], [0.3645, 405341.0]], "asks": [[0.3665, 137579.0], [0.3666, 136573.0], [0.3667, 240056.0], [0.3668, 186317.0], [0.3669, 166688.0], [0.367, 185023.0], [0.3671, 157388.0], [0.3672, 168075.0], [0.3673, 293385.0], [0.3674, 232638.0], [0.3675, 121258.0], [0.3676, 137767.0], [0.3677, 204404.0], [0.3678, 192776.0], [0.3679, 222435.0], [0.368, 134931.0], [0.3681, 132462.0], [0.3682, 195932.0], [0.3683, 182825.0], [0.3684, 93036.0]], "timestamp": "2025-12-18T00:51:40.919728+00:00"}, {"symbol": "ADAUSDT", "bids": [[0.3666, 94909.0], [0.3665, 173945.0], [0.3664, 233442.0], [0.3663, 202966.0], [0.3662, 282522.0], [0.3661, 313988.0], [0.366, 301498.0], [0.3659, 187747.0], [0.3658, 180234.0], [0.3657, 229588.0], [0.3656, 316134.0], [0.3655, 331831.0], [0.3654, 133589.0], [0.3653, 185442.0], [0.3652, 256397.0], [0.3651, 198389.0], [0.365, 204249.0], [0.3649, 162441.0], [0.3648, 283370.0], [0.3647, 92849.0]], "asks": [[0.3667, 61535.0], [0.3668, 108642.0], [0.3669, 227900.0], [0.367, 167217.0], [0.3671, 162918.0], [0.3672, 196899.0], [0.3673, 271771.0], [0.3674, 186285.0], [0.3675, 205927.0], [0.3676, 158724.0], [0.3677, 174687.0], [0.3678, 193190.0], [0.3679, 241763.0], [0.368, 173862.0], [0.3681, 153605.0], [0.3682, 196461.0], [0.3683, 182809.0], [0.3684, 100232.0], [0.3685, 187679.0], [0.3686, 175747.0]], "timestamp": "2025-12-18T00:52:34.967211+00:00"}, {"symbol": "ADAUSDT", "bids": [[0.3669, 98020.0], [0.3668, 194801.0], [0.3667, 258751.0], [0.3666, 291335.0], [0.3665, 291394.0], [0.3664, 189919.0], [0.3663, 228078.0], [0.3662, 233445.0], [0.3661, 268877.0], [0.366, 281449.0], [0.3659, 256497.0], [0.3658, 143638.0], [0.3657, 267197.0], [0.3656, 168073.0], [0.3655, 255952.0], [0.3654, 148626.0], [0.3653, 199247.0], [0.3652, 246155.0], [0.3651, 176187.0], [0.365, 169468.0]], "asks": [[0.367, 57307.0], [0.3671, 90688.0], [0.3672, 195852.0], [0.3673, 134430.0], [0.3674, 142413.0], [0.3675, 141768.0], [0.3676, 197977.0], [0.3677, 195554.0], [0.3678, 206833.0], [0.3679, 128984.0], [0.368, 229579.0], [0.3681, 133763.0], [0.3682, 186219.0], [0.3683, 271597.0], [0.3684, 202261.0], [0.3685, 121524.0], [0.3686, 264077.0], [0.3687, 132932.0], [0.3688, 103744.0], [0.3689, 130784.0]], "timestamp": "2025-12-18T00:53:28.834644+00:00"}, {"symbol": "ADAUSDT", "bids": [[0.3667, 184158.0], [0.3666, 226498.0], [0.3665, 236773.0], [0.3664, 320990.0], [0.3663, 200215.0], [0.3662, 295839.0], [0.3661, 258807.0], [0.366, 284769.0], [0.3659, 326004.0], [0.3658, 152635.0], [0.3657, 167401.0], [0.3656, 274431.0], [0.3655, 276380.0], [0.3654, 196583.0], [0.3653, 214017.0], [0.3652, 269620.0], [0.3651, 181716.0], [0.365, 176699.0], [0.3649, 246094.0], [0.3648, 176531.0]], "asks": [[0.3668, 6920.0], [0.3669, 107515.0], [0.367, 282204.0], [0.3671, 129045.0], [0.3672, 148622.0], [0.3673, 213410.0], [0.3674, 202315.0], [0.3675, 242552.0], [0.3676, 201365.0], [0.3677, 210266.0], [0.3678, 145576.0], [0.3679, 138402.0], [0.368, 282281.0], [0.3681, 94641.0], [0.3682, 161439.0], [0.3683, 234528.0], [0.3684, 110934.0], [0.3685, 117310.0], [0.3686, 306040.0], [0.3687, 108897.0]], "timestamp": "2025-12-18T00:54:23.102541+00:00"}, {"symbol": "ADAUSDT", "bids": [[0.3667, 54365.0], [0.3666, 152938.0], [0.3665, 369415.0], [0.3664, 350031.0], [0.3663, 186112.0], [0.3662, 316912.0], [0.3661, 211771.0], [0.366, 289074.0], [0.3659, 312239.0], [0.3658, 160839.0], [0.3657, 200726.0], [0.3656, 285932.0], [0.3655, 275993.0], [0.3654, 158311.0], [0.3653, 207493.0], [0.3652, 210415.0], [0.3651, 181716.0], [0.365, 179709.0], [0.3649, 242839.0], [0.3648, 176285.0]], "asks": [[0.3668, 71794.0], [0.3669, 118396.0], [0.367, 239110.0], [0.3671, 183485.0], [0.3672, 143959.0], [0.3673, 177748.0], [0.3674, 257562.0], [0.3675, 242742.0], [0.3676, 196989.0], [0.3677, 190387.0], [0.3678, 136911.0], [0.3679, 111312.0], [0.368, 287805.0], [0.3681, 125430.0], [0.3682, 167159.0], [0.3683, 203982.0], [0.3684, 110934.0], [0.3685, 125732.0], [0.3686, 244997.0], [0.3687, 182373.0]], "timestamp": "2025-12-18T00:55:16.965727+00:00"}, {"symbol": "ADAUSDT", "bids": [[0.3667, 68591.0], [0.3666, 205110.0], [0.3665, 264754.0], [0.3664, 329863.0], [0.3663, 237307.0], [0.3662, 215611.0], [0.3661, 210746.0], [0.366, 415590.0], [0.3659, 182313.0], [0.3658, 299686.0], [0.3657, 338254.0], [0.3656, 135041.0], [0.3655, 175470.0], [0.3654, 185684.0], [0.3653, 225287.0], [0.3652, 212139.0], [0.3651, 181673.0], [0.365, 180257.0], [0.3649, 240831.0], [0.3648, 183327.0]], "asks": [[0.3668, 126457.0], [0.3669, 100623.0], [0.367, 235344.0], [0.3671, 138052.0], [0.3672, 147443.0], [0.3673, 163751.0], [0.3674, 259219.0], [0.3675, 163915.0], [0.3676, 197581.0], [0.3677, 207319.0], [0.3678, 137577.0], [0.3679, 114163.0], [0.368, 367364.0], [0.3681, 111050.0], [0.3682, 167295.0], [0.3683, 185077.0], [0.3684, 110934.0], [0.3685, 117310.0], [0.3686, 248865.0], [0.3687, 182357.0]], "timestamp": "2025-12-18T00:56:12.058328+00:00"}, {"symbol": "ADAUSDT", "bids": [[0.3665, 82155.0], [0.3664, 145303.0], [0.3663, 174611.0], [0.3662, 395916.0], [0.3661, 188237.0], [0.366, 231444.0], [0.3659, 174497.0], [0.3658, 258155.0], [0.3657, 370769.0], [0.3656, 199602.0], [0.3655, 319783.0], [0.3654, 275869.0], [0.3653, 229872.0], [0.3652, 209067.0], [0.3651, 198032.0], [0.365, 201035.0], [0.3649, 158224.0], [0.3648, 294843.0], [0.3647, 171222.0], [0.3646, 286840.0]], "asks": [[0.3666, 106737.0], [0.3667, 157731.0], [0.3668, 242990.0], [0.3669, 157222.0], [0.367, 193977.0], [0.3671, 160660.0], [0.3672, 128282.0], [0.3673, 211566.0], [0.3674, 366673.0], [0.3675, 131085.0], [0.3676, 173148.0], [0.3677, 182924.0], [0.3678, 117675.0], [0.3679, 97850.0], [0.368, 280026.0], [0.3681, 115668.0], [0.3682, 156308.0], [0.3683, 175507.0], [0.3684, 100337.0], [0.3685, 115147.0]], "timestamp": "2025-12-18T00:57:06.228349+00:00"}, {"symbol": "ADAUSDT", "bids": [[0.3666, 41955.0], [0.3665, 124309.0], [0.3664, 237501.0], [0.3663, 296566.0], [0.3662, 261852.0], [0.3661, 238594.0], [0.366, 332499.0], [0.3659, 189443.0], [0.3658, 315848.0], [0.3657, 207060.0], [0.3656, 230245.0], [0.3655, 395715.0], [0.3654, 145887.0], [0.3653, 213330.0], [0.3652, 206240.0], [0.3651, 198032.0], [0.365, 209800.0], [0.3649, 158470.0], [0.3648, 286621.0], [0.3647, 171510.0]], "asks": [[0.3667, 123533.0], [0.3668, 140791.0], [0.3669, 290484.0], [0.367, 183949.0], [0.3671, 150879.0], [0.3672, 206628.0], [0.3673, 226274.0], [0.3674, 235189.0], [0.3675, 218069.0], [0.3676, 147387.0], [0.3677, 193649.0], [0.3678, 132192.0], [0.3679, 216412.0], [0.368, 187441.0], [0.3681, 130151.0], [0.3682, 148675.0], [0.3683, 175492.0], [0.3684, 108027.0], [0.3685, 114616.0], [0.3686, 319821.0]], "timestamp": "2025-12-18T00:57:59.681850+00:00"}, {"symbol": "ADAUSDT", "bids": [[0.3664, 60656.0], [0.3663, 129626.0], [0.3662, 231711.0], [0.3661, 263426.0], [0.366, 338083.0], [0.3659, 242622.0], [0.3658, 213966.0], [0.3657, 173089.0], [0.3656, 225743.0], [0.3655, 428295.0], [0.3654, 255174.0], [0.3653, 302352.0], [0.3652, 232218.0], [0.3651, 204297.0], [0.365, 196366.0], [0.3649, 139943.0], [0.3648, 231686.0], [0.3647, 186117.0], [0.3646, 385229.0], [0.3645, 711474.0]], "asks": [[0.3665, 75117.0], [0.3666, 165127.0], [0.3667, 188181.0], [0.3668, 225883.0], [0.3669, 168844.0], [0.367, 218599.0], [0.3671, 180204.0], [0.3672, 238901.0], [0.3673, 232187.0], [0.3674, 224836.0], [0.3675, 107349.0], [0.3676, 190112.0], [0.3677, 236231.0], [0.3678, 146617.0], [0.3679, 122357.0], [0.368, 175465.0], [0.3681, 114533.0], [0.3682, 98092.0], [0.3683, 190492.0], [0.3684, 168056.0]], "timestamp": "2025-12-18T00:58:54.328203+00:00"}, {"symbol": "ADAUSDT", "bids": [[0.3664, 88954.0], [0.3663, 166725.0], [0.3662, 212544.0], [0.3661, 297463.0], [0.366, 377316.0], [0.3659, 252460.0], [0.3658, 253479.0], [0.3657, 161359.0], [0.3656, 205753.0], [0.3655, 312593.0], [0.3654, 193596.0], [0.3653, 396194.0], [0.3652, 232242.0], [0.3651, 248654.0], [0.365, 425690.0], [0.3649, 139943.0], [0.3648, 231387.0], [0.3647, 185782.0], [0.3646, 384985.0], [0.3645, 711228.0]], "asks": [[0.3665, 73365.0], [0.3666, 119913.0], [0.3667, 178543.0], [0.3668, 226703.0], [0.3669, 140713.0], [0.367, 216734.0], [0.3671, 226163.0], [0.3672, 161357.0], [0.3673, 261066.0], [0.3674, 201188.0], [0.3675, 137661.0], [0.3676, 156471.0], [0.3677, 230892.0], [0.3678, 162558.0], [0.3679, 117546.0], [0.368, 183960.0], [0.3681, 179497.0], [0.3682, 98092.0], [0.3683, 190492.0], [0.3684, 171926.0]], "timestamp": "2025-12-18T00:59:49.069817+00:00"}, {"symbol": "ADAUSDT", "bids": [[0.3659, 129325.0], [0.3658, 161989.0], [0.3657, 284761.0], [0.3656, 247669.0], [0.3655, 324381.0], [0.3654, 319907.0], [0.3653, 178452.0], [0.3652, 257422.0], [0.3651, 187065.0], [0.365, 545086.0], [0.3649, 172051.0], [0.3648, 315520.0], [0.3647, 204270.0], [0.3646, 259666.0], [0.3645, 154691.0], [0.3644, 153025.0], [0.3643, 309610.0], [0.3642, 384443.0], [0.3641, 517862.0], [0.364, 279125.0]], "asks": [[0.366, 50769.0], [0.3661, 118995.0], [0.3662, 201826.0], [0.3663, 182165.0], [0.3664, 190489.0], [0.3665, 205339.0], [0.3666, 279076.0], [0.3667, 231435.0], [0.3668, 260847.0], [0.3669, 198528.0], [0.367, 134055.0], [0.3671, 138839.0], [0.3672, 176556.0], [0.3673, 160233.0], [0.3674, 226422.0], [0.3675, 139890.0], [0.3676, 132753.0], [0.3677, 92263.0], [0.3678, 141984.0], [0.3679, 114038.0]], "timestamp": "2025-12-18T01:00:43.012766+00:00"}, {"symbol": "ADAUSDT", "bids": [[0.3656, 57049.0], [0.3655, 126246.0], [0.3654, 204671.0], [0.3653, 263546.0], [0.3652, 300751.0], [0.3651, 329482.0], [0.365, 434359.0], [0.3649, 195206.0], [0.3648, 200559.0], [0.3647, 211214.0], [0.3646, 224461.0], [0.3645, 297602.0], [0.3644, 249787.0], [0.3643, 240649.0], [0.3642, 264911.0], [0.3641, 238921.0], [0.364, 190770.0], [0.3639, 225937.0], [0.3638, 699985.0], [0.3637, 351397.0]], "asks": [[0.3657, 109402.0], [0.3658, 171879.0], [0.3659, 239849.0], [0.366, 238677.0], [0.3661, 207355.0], [0.3662, 199576.0], [0.3663, 274071.0], [0.3664, 151010.0], [0.3665, 232749.0], [0.3666, 147014.0], [0.3667, 231139.0], [0.3668, 131291.0], [0.3669, 163544.0], [0.367, 136655.0], [0.3671, 164509.0], [0.3672, 205167.0], [0.3673, 159988.0], [0.3674, 198465.0], [0.3675, 118486.0], [0.3676, 132490.0]], "timestamp": "2025-12-18T01:01:36.670178+00:00"}, {"symbol": "ADAUSDT", "bids": [[0.3655, 88491.0], [0.3654, 116219.0], [0.3653, 195185.0], [0.3652, 417413.0], [0.3651, 318196.0], [0.365, 508301.0], [0.3649, 161002.0], [0.3648, 183727.0], [0.3647, 203952.0], [0.3646, 160495.0], [0.3645, 242687.0], [0.3644, 378941.0], [0.3643, 246290.0], [0.3642, 259847.0], [0.3641, 238903.0], [0.364, 218231.0], [0.3639, 226020.0], [0.3638, 602589.0], [0.3637, 449811.0], [0.3636, 361051.0]], "asks": [[0.3656, 131428.0], [0.3657, 148847.0], [0.3658, 261217.0], [0.3659, 235761.0], [0.366, 230517.0], [0.3661, 214419.0], [0.3662, 242685.0], [0.3663, 172778.0], [0.3664, 228736.0], [0.3665, 160296.0], [0.3666, 130795.0], [0.3667, 250676.0], [0.3668, 215303.0], [0.3669, 177166.0], [0.367, 75878.0], [0.3671, 154202.0], [0.3672, 177276.0], [0.3673, 121153.0], [0.3674, 124892.0], [0.3675, 141137.0]], "timestamp": "2025-12-18T01:02:30.634146+00:00"}, {"symbol": "ADAUSDT", "bids": [[0.3653, 30192.0], [0.3652, 173534.0], [0.3651, 198632.0], [0.365, 227385.0], [0.3649, 366977.0], [0.3648, 157111.0], [0.3647, 117188.0], [0.3646, 224753.0], [0.3645, 371078.0], [0.3644, 446569.0], [0.3643, 210323.0], [0.3642, 187324.0], [0.3641, 171453.0], [0.364, 176262.0], [0.3639, 183991.0], [0.3638, 205411.0], [0.3637, 259993.0], [0.3636, 428463.0], [0.3635, 524630.0], [0.3634, 335969.0]], "asks": [[0.3654, 125753.0], [0.3655, 114366.0], [0.3656, 154329.0], [0.3657, 223770.0], [0.3658, 272240.0], [0.3659, 215087.0], [0.366, 236603.0], [0.3661, 229544.0], [0.3662, 255800.0], [0.3663, 148176.0], [0.3664, 124705.0], [0.3665, 132041.0], [0.3666, 208985.0], [0.3667, 254996.0], [0.3668, 171264.0], [0.3669, 101213.0], [0.367, 100628.0], [0.3671, 154897.0], [0.3672, 186738.0], [0.3673, 224541.0]], "timestamp": "2025-12-18T01:03:24.806492+00:00"}, {"symbol": "ADAUSDT", "bids": [[0.3651, 172309.0], [0.365, 206337.0], [0.3649, 341011.0], [0.3648, 370475.0], [0.3647, 222936.0], [0.3646, 298243.0], [0.3645, 168312.0], [0.3644, 185444.0], [0.3643, 197644.0], [0.3642, 203172.0], [0.3641, 185899.0], [0.364, 306034.0], [0.3639, 133482.0], [0.3638, 328195.0], [0.3637, 133842.0], [0.3636, 318964.0], [0.3635, 506424.0], [0.3634, 293607.0], [0.3633, 427219.0], [0.3632, 283041.0]], "asks": [[0.3652, 15158.0], [0.3653, 143280.0], [0.3654, 145312.0], [0.3655, 142473.0], [0.3656, 171026.0], [0.3657, 231324.0], [0.3658, 267187.0], [0.3659, 198535.0], [0.366, 257101.0], [0.3661, 164800.0], [0.3662, 102931.0], [0.3663, 223136.0], [0.3664, 145534.0], [0.3665, 175641.0], [0.3666, 150267.0], [0.3667, 204784.0], [0.3668, 140715.0], [0.3669, 98381.0], [0.367, 184840.0], [0.3671, 137083.0]], "timestamp": "2025-12-18T01:04:19.079454+00:00"}, {"symbol": "ADAUSDT", "bids": [[0.3643, 55652.0], [0.3642, 104203.0], [0.3641, 188274.0], [0.364, 241307.0], [0.3639, 247741.0], [0.3638, 293788.0], [0.3637, 144461.0], [0.3636, 200378.0], [0.3635, 469446.0], [0.3634, 312877.0], [0.3633, 137399.0], [0.3632, 151060.0], [0.3631, 190217.0], [0.363, 261239.0], [0.3629, 137231.0], [0.3628, 329193.0], [0.3627, 377240.0], [0.3626, 347492.0], [0.3625, 307817.0], [0.3624, 361007.0]], "asks": [[0.3644, 99178.0], [0.3645, 162174.0], [0.3646, 207048.0], [0.3647, 184605.0], [0.3648, 198734.0], [0.3649, 199276.0], [0.365, 179281.0], [0.3651, 264365.0], [0.3652, 252500.0], [0.3653, 171624.0], [0.3654, 104510.0], [0.3655, 92551.0], [0.3656, 108240.0], [0.3657, 143805.0], [0.3658, 195821.0], [0.3659, 162857.0], [0.366, 196818.0], [0.3661, 102197.0], [0.3662, 78251.0], [0.3663, 92883.0]], "timestamp": "2025-12-18T01:05:13.249575+00:00"}, {"symbol": "ADAUSDT", "bids": [[0.3642, 48485.0], [0.3641, 109579.0], [0.364, 253148.0], [0.3639, 306023.0], [0.3638, 200269.0], [0.3637, 244397.0], [0.3636, 219316.0], [0.3635, 279577.0], [0.3634, 215348.0], [0.3633, 310196.0], [0.3632, 178378.0], [0.3631, 155439.0], [0.363, 133672.0], [0.3629, 110585.0], [0.3628, 180784.0], [0.3627, 171029.0], [0.3626, 266834.0], [0.3625, 271237.0], [0.3624, 243365.0], [0.3623, 541195.0]], "asks": [[0.3643, 98351.0], [0.3644, 209243.0], [0.3645, 279517.0], [0.3646, 214282.0], [0.3647, 242735.0], [0.3648, 180986.0], [0.3649, 170197.0], [0.365, 163063.0], [0.3651, 254624.0], [0.3652, 206335.0], [0.3653, 140983.0], [0.3654, 192858.0], [0.3655, 99986.0], [0.3656, 96025.0], [0.3657, 141912.0], [0.3658, 206829.0], [0.3659, 188528.0], [0.366, 167256.0], [0.3661, 190155.0], [0.3662, 185981.0]], "timestamp": "2025-12-18T01:06:07.010183+00:00"}, {"symbol": "ADAUSDT", "bids": [[0.3642, 64796.0], [0.3641, 135998.0], [0.364, 224270.0], [0.3639, 372222.0], [0.3638, 140146.0], [0.3637, 152814.0], [0.3636, 194895.0], [0.3635, 311522.0], [0.3634, 203063.0], [0.3633, 190013.0], [0.3632, 203539.0], [0.3631, 193576.0], [0.363, 245203.0], [0.3629, 110373.0], [0.3628, 227962.0], [0.3627, 175947.0], [0.3626, 161171.0], [0.3625, 418848.0], [0.3624, 124086.0], [0.3623, 145976.0]], "asks": [[0.3643, 77840.0], [0.3644, 82090.0], [0.3645, 203713.0], [0.3646, 173580.0], [0.3647, 225174.0], [0.3648, 205011.0], [0.3649, 147209.0], [0.365, 193422.0], [0.3651, 217495.0], [0.3652, 216298.0], [0.3653, 208818.0], [0.3654, 264355.0], [0.3655, 116894.0], [0.3656, 122802.0], [0.3657, 142715.0], [0.3658, 242937.0], [0.3659, 274295.0], [0.366, 141950.0], [0.3661, 193465.0], [0.3662, 262576.0]], "timestamp": "2025-12-18T01:07:00.670321+00:00"}, {"symbol": "ADAUSDT", "bids": [[0.3644, 193970.0], [0.3643, 100084.0], [0.3642, 206551.0], [0.3641, 266606.0], [0.364, 214174.0], [0.3639, 266449.0], [0.3638, 126218.0], [0.3637, 185835.0], [0.3636, 200015.0], [0.3635, 459713.0], [0.3634, 107452.0], [0.3633, 174245.0], [0.3632, 291316.0], [0.3631, 187788.0], [0.363, 266963.0], [0.3629, 121993.0], [0.3628, 323050.0], [0.3627, 138060.0], [0.3626, 123170.0], [0.3625, 359617.0]], "asks": [[0.3645, 1135.0], [0.3646, 112473.0], [0.3647, 192344.0], [0.3648, 123891.0], [0.3649, 167741.0], [0.365, 194421.0], [0.3651, 185277.0], [0.3652, 240521.0], [0.3653, 261633.0], [0.3654, 209949.0], [0.3655, 153221.0], [0.3656, 131525.0], [0.3657, 205211.0], [0.3658, 307623.0], [0.3659, 133812.0], [0.366, 156295.0], [0.3661, 108429.0], [0.3662, 197886.0], [0.3663, 151684.0], [0.3664, 149852.0]], "timestamp": "2025-12-18T01:07:54.654194+00:00"}, {"symbol": "ADAUSDT", "bids": [[0.3634, 32760.0], [0.3633, 82449.0], [0.3632, 196322.0], [0.3631, 261333.0], [0.363, 317523.0], [0.3629, 203127.0], [0.3628, 187645.0], [0.3627, 137933.0], [0.3626, 167144.0], [0.3625, 170429.0], [0.3624, 272599.0], [0.3623, 169701.0], [0.3622, 182603.0], [0.3621, 273675.0], [0.362, 358419.0], [0.3619, 273276.0], [0.3618, 293053.0], [0.3617, 561734.0], [0.3616, 480004.0], [0.3615, 697460.0]], "asks": [[0.3635, 151899.0], [0.3636, 124352.0], [0.3637, 231955.0], [0.3638, 195695.0], [0.3639, 180545.0], [0.364, 251945.0], [0.3641, 174835.0], [0.3642, 181984.0], [0.3643, 239070.0], [0.3644, 173415.0], [0.3645, 162183.0], [0.3646, 205612.0], [0.3647, 122035.0], [0.3648, 143218.0], [0.3649, 121727.0], [0.365, 142104.0], [0.3651, 318907.0], [0.3652, 185206.0], [0.3653, 146007.0], [0.3654, 144603.0]], "timestamp": "2025-12-18T01:08:48.497383+00:00"}, {"symbol": "ADAUSDT", "bids": [[0.3633, 56490.0], [0.3632, 176319.0], [0.3631, 263285.0], [0.363, 213870.0], [0.3629, 239972.0], [0.3628, 251528.0], [0.3627, 276044.0], [0.3626, 216122.0], [0.3625, 273259.0], [0.3624, 212908.0], [0.3623, 199760.0], [0.3622, 183407.0], [0.3621, 329745.0], [0.362, 198540.0], [0.3619, 262992.0], [0.3618, 215789.0], [0.3617, 115009.0], [0.3616, 165272.0], [0.3615, 457857.0], [0.3614, 291783.0]], "asks": [[0.3634, 131289.0], [0.3635, 155699.0], [0.3636, 215244.0], [0.3637, 193622.0], [0.3638, 171810.0], [0.3639, 184261.0], [0.364, 213522.0], [0.3641, 141996.0], [0.3642, 229719.0], [0.3643, 100824.0], [0.3644, 99964.0], [0.3645, 140830.0], [0.3646, 217254.0], [0.3647, 108246.0], [0.3648, 177192.0], [0.3649, 138918.0], [0.365, 112905.0], [0.3651, 215675.0], [0.3652, 225054.0], [0.3653, 201893.0]], "timestamp": "2025-12-18T01:09:41.950751+00:00"}, {"symbol": "ADAUSDT", "bids": [[0.363, 19214.0], [0.3629, 70744.0], [0.3628, 248924.0], [0.3627, 199205.0], [0.3626, 283974.0], [0.3625, 259451.0], [0.3624, 305580.0], [0.3623, 183465.0], [0.3622, 268696.0], [0.3621, 231341.0], [0.362, 365644.0], [0.3619, 131426.0], [0.3618, 123542.0], [0.3617, 187293.0], [0.3616, 210969.0], [0.3615, 407715.0], [0.3614, 301597.0], [0.3613, 252163.0], [0.3612, 295552.0], [0.3611, 627765.0]], "asks": [[0.3631, 81167.0], [0.3632, 176091.0], [0.3633, 196867.0], [0.3634, 152827.0], [0.3635, 169231.0], [0.3636, 142595.0], [0.3637, 241749.0], [0.3638, 177974.0], [0.3639, 227500.0], [0.364, 179800.0], [0.3641, 137276.0], [0.3642, 205080.0], [0.3643, 98313.0], [0.3644, 80095.0], [0.3645, 205022.0], [0.3646, 78719.0], [0.3647, 106338.0], [0.3648, 99111.0], [0.3649, 220208.0], [0.365, 77676.0]], "timestamp": "2025-12-18T01:10:35.814262+00:00"}, {"symbol": "ADAUSDT", "bids": [[0.3628, 60112.0], [0.3627, 78532.0], [0.3626, 225360.0], [0.3625, 181503.0], [0.3624, 191847.0], [0.3623, 329683.0], [0.3622, 169262.0], [0.3621, 198519.0], [0.362, 402471.0], [0.3619, 173807.0], [0.3618, 155716.0], [0.3617, 325034.0], [0.3616, 212771.0], [0.3615, 397016.0], [0.3614, 192893.0], [0.3613, 158413.0], [0.3612, 266182.0], [0.3611, 572690.0], [0.361, 1096497.0], [0.3609, 560358.0]], "asks": [[0.3629, 94981.0], [0.363, 164789.0], [0.3631, 292156.0], [0.3632, 208314.0], [0.3633, 225331.0], [0.3634, 200844.0], [0.3635, 207707.0], [0.3636, 167547.0], [0.3637, 327362.0], [0.3638, 198885.0], [0.3639, 142021.0], [0.364, 114573.0], [0.3641, 129116.0], [0.3642, 267490.0], [0.3643, 79522.0], [0.3644, 67713.0], [0.3645, 151045.0], [0.3646, 111154.0], [0.3647, 108753.0], [0.3648, 118027.0]], "timestamp": "2025-12-18T01:11:29.611496+00:00"}, {"symbol": "ADAUSDT", "bids": [[0.3631, 125129.0], [0.363, 167578.0], [0.3629, 288733.0], [0.3628, 333620.0], [0.3627, 241568.0], [0.3626, 348367.0], [0.3625, 202663.0], [0.3624, 187877.0], [0.3623, 206112.0], [0.3622, 146926.0], [0.3621, 428198.0], [0.362, 160432.0], [0.3619, 121844.0], [0.3618, 238111.0], [0.3617, 147799.0], [0.3616, 168177.0], [0.3615, 351883.0], [0.3614, 195947.0], [0.3613, 272935.0], [0.3612, 304622.0]], "asks": [[0.3632, 67267.0], [0.3633, 137882.0], [0.3634, 186790.0], [0.3635, 125283.0], [0.3636, 121270.0], [0.3637, 238956.0], [0.3638, 177252.0], [0.3639, 128293.0], [0.364, 218126.0], [0.3641, 215390.0], [0.3642, 215011.0], [0.3643, 148238.0], [0.3644, 199916.0], [0.3645, 246194.0], [0.3646, 174435.0], [0.3647, 203032.0], [0.3648, 68382.0], [0.3649, 166353.0], [0.365, 240535.0], [0.3651, 105226.0]], "timestamp": "2025-12-18T01:12:23.641920+00:00"}, {"symbol": "ADAUSDT", "bids": [[0.3637, 122075.0], [0.3636, 100203.0], [0.3635, 235938.0], [0.3634, 290029.0], [0.3633, 235482.0], [0.3632, 291771.0], [0.3631, 187882.0], [0.363, 166380.0], [0.3629, 199364.0], [0.3628, 134859.0], [0.3627, 111611.0], [0.3626, 268357.0], [0.3625, 133855.0], [0.3624, 178648.0], [0.3623, 161000.0], [0.3622, 195624.0], [0.3621, 351311.0], [0.362, 195172.0], [0.3619, 261714.0], [0.3618, 116248.0]], "asks": [[0.3638, 59262.0], [0.3639, 110701.0], [0.364, 174020.0], [0.3641, 185284.0], [0.3642, 231938.0], [0.3643, 170247.0], [0.3644, 185521.0], [0.3645, 210424.0], [0.3646, 216656.0], [0.3647, 213091.0], [0.3648, 232699.0], [0.3649, 117498.0], [0.365, 127916.0], [0.3651, 155804.0], [0.3652, 219263.0], [0.3653, 219466.0], [0.3654, 163531.0], [0.3655, 258711.0], [0.3656, 221027.0], [0.3657, 185200.0]], "timestamp": "2025-12-18T01:13:17.198607+00:00"}, {"symbol": "ADAUSDT", "bids": [[0.3639, 115069.0], [0.3638, 128112.0], [0.3637, 234346.0], [0.3636, 212159.0], [0.3635, 258136.0], [0.3634, 254180.0], [0.3633, 248297.0], [0.3632, 282422.0], [0.3631, 219085.0], [0.363, 203913.0], [0.3629, 272470.0], [0.3628, 114726.0], [0.3627, 95467.0], [0.3626, 226558.0], [0.3625, 117115.0], [0.3624, 172742.0], [0.3623, 185352.0], [0.3622, 289076.0], [0.3621, 493008.0], [0.362, 173804.0]], "asks": [[0.364, 55322.0], [0.3641, 81888.0], [0.3642, 176346.0], [0.3643, 174014.0], [0.3644, 142389.0], [0.3645, 186488.0], [0.3646, 107147.0], [0.3647, 216981.0], [0.3648, 284347.0], [0.3649, 125257.0], [0.365, 151102.0], [0.3651, 196841.0], [0.3652, 316685.0], [0.3653, 197083.0], [0.3654, 112786.0], [0.3655, 159555.0], [0.3656, 182867.0], [0.3657, 113954.0], [0.3658, 276385.0], [0.3659, 285343.0]], "timestamp": "2025-12-18T01:14:10.893587+00:00"}, {"symbol": "ADAUSDT", "bids": [[0.3641, 61695.0], [0.364, 183349.0], [0.3639, 280652.0], [0.3638, 305259.0], [0.3637, 220824.0], [0.3636, 294081.0], [0.3635, 262205.0], [0.3634, 230705.0], [0.3633, 215560.0], [0.3632, 154659.0], [0.3631, 174463.0], [0.363, 242946.0], [0.3629, 101371.0], [0.3628, 153623.0], [0.3627, 121211.0], [0.3626, 267699.0], [0.3625, 254416.0], [0.3624, 238122.0], [0.3623, 300481.0], [0.3622, 165124.0]], "asks": [[0.3642, 140387.0], [0.3643, 87845.0], [0.3644, 217302.0], [0.3645, 131837.0], [0.3646, 113919.0], [0.3647, 177538.0], [0.3648, 240770.0], [0.3649, 172692.0], [0.365, 222314.0], [0.3651, 206767.0], [0.3652, 174211.0], [0.3653, 186259.0], [0.3654, 215677.0], [0.3655, 217653.0], [0.3656, 255341.0], [0.3657, 197790.0], [0.3658, 206145.0], [0.3659, 254613.0], [0.366, 93827.0], [0.3661, 124679.0]], "timestamp": "2025-12-18T01:15:05.129967+00:00"}, {"symbol": "ADAUSDT", "bids": [[0.3641, 94689.0], [0.364, 115518.0], [0.3639, 272862.0], [0.3638, 201437.0], [0.3637, 281568.0], [0.3636, 172977.0], [0.3635, 152357.0], [0.3634, 235201.0], [0.3633, 113166.0], [0.3632, 156248.0], [0.3631, 277023.0], [0.363, 192316.0], [0.3629, 179805.0], [0.3628, 394698.0], [0.3627, 169585.0], [0.3626, 239846.0], [0.3625, 262744.0], [0.3624, 281542.0], [0.3623, 672664.0], [0.3622, 440453.0]], "asks": [[0.3642, 77173.0], [0.3643, 144592.0], [0.3644, 208048.0], [0.3645, 155655.0], [0.3646, 155875.0], [0.3647, 245553.0], [0.3648, 170118.0], [0.3649, 212227.0], [0.365, 213586.0], [0.3651, 227109.0], [0.3652, 191905.0], [0.3653, 144937.0], [0.3654, 97800.0], [0.3655, 171902.0], [0.3656, 93988.0], [0.3657, 140883.0], [0.3658, 214197.0], [0.3659, 227042.0], [0.366, 187415.0], [0.3661, 116609.0]], "timestamp": "2025-12-18T01:15:58.585327+00:00"}, {"symbol": "ADAUSDT", "bids": [[0.3642, 137547.0], [0.3641, 149426.0], [0.364, 233527.0], [0.3639, 252557.0], [0.3638, 243996.0], [0.3637, 174815.0], [0.3636, 223848.0], [0.3635, 176431.0], [0.3634, 187455.0], [0.3633, 140571.0], [0.3632, 179906.0], [0.3631, 422381.0], [0.363, 234433.0], [0.3629, 186377.0], [0.3628, 176080.0], [0.3627, 172584.0], [0.3626, 240811.0], [0.3625, 353313.0], [0.3624, 286569.0], [0.3623, 610206.0]], "asks": [[0.3643, 52827.0], [0.3644, 168215.0], [0.3645, 197890.0], [0.3646, 169303.0], [0.3647, 203634.0], [0.3648, 167765.0], [0.3649, 188583.0], [0.365, 160814.0], [0.3651, 345841.0], [0.3652, 158516.0], [0.3653, 167614.0], [0.3654, 201959.0], [0.3655, 139278.0], [0.3656, 134058.0], [0.3657, 98156.0], [0.3658, 169010.0], [0.3659, 179221.0], [0.366, 165541.0], [0.3661, 242489.0], [0.3662, 98831.0]], "timestamp": "2025-12-18T01:16:52.036668+00:00"}, {"symbol": "ADAUSDT", "bids": [[0.3642, 85704.0], [0.3641, 146918.0], [0.364, 211708.0], [0.3639, 243280.0], [0.3638, 252629.0], [0.3637, 136444.0], [0.3636, 222899.0], [0.3635, 157076.0], [0.3634, 224015.0], [0.3633, 204189.0], [0.3632, 335863.0], [0.3631, 340917.0], [0.363, 159460.0], [0.3629, 140162.0], [0.3628, 152519.0], [0.3627, 237029.0], [0.3626, 253684.0], [0.3625, 353881.0], [0.3624, 283628.0], [0.3623, 592140.0]], "asks": [[0.3643, 102811.0], [0.3644, 153306.0], [0.3645, 205326.0], [0.3646, 225238.0], [0.3647, 184190.0], [0.3648, 233004.0], [0.3649, 265996.0], [0.365, 148329.0], [0.3651, 274053.0], [0.3652, 200090.0], [0.3653, 147877.0], [0.3654, 103506.0], [0.3655, 184043.0], [0.3656, 287731.0], [0.3657, 144748.0], [0.3658, 66374.0], [0.3659, 210586.0], [0.366, 165493.0], [0.3661, 177493.0], [0.3662, 124041.0]], "timestamp": "2025-12-18T01:17:45.509289+00:00"}, {"symbol": "ADAUSDT", "bids": [[0.3636, 64539.0], [0.3635, 130988.0], [0.3634, 239745.0], [0.3633, 221489.0], [0.3632, 238673.0], [0.3631, 227182.0], [0.363, 160329.0], [0.3629, 144995.0], [0.3628, 181272.0], [0.3627, 217140.0], [0.3626, 233331.0], [0.3625, 120113.0], [0.3624, 146704.0], [0.3623, 204730.0], [0.3622, 395827.0], [0.3621, 238568.0], [0.362, 154061.0], [0.3619, 256864.0], [0.3618, 255013.0], [0.3617, 293504.0]], "asks": [[0.3637, 57370.0], [0.3638, 76315.0], [0.3639, 195971.0], [0.364, 148870.0], [0.3641, 159136.0], [0.3642, 235192.0], [0.3643, 125937.0], [0.3644, 164295.0], [0.3645, 200300.0], [0.3646, 192714.0], [0.3647, 112180.0], [0.3648, 203284.0], [0.3649, 296166.0], [0.365, 147651.0], [0.3651, 212259.0], [0.3652, 240194.0], [0.3653, 254797.0], [0.3654, 112551.0], [0.3655, 190870.0], [0.3656, 99995.0]], "timestamp": "2025-12-18T01:18:38.836360+00:00"}, {"symbol": "ADAUSDT", "bids": [[0.3635, 56840.0], [0.3634, 121460.0], [0.3633, 242735.0], [0.3632, 209987.0], [0.3631, 324261.0], [0.363, 144187.0], [0.3629, 216405.0], [0.3628, 253555.0], [0.3627, 159030.0], [0.3626, 388241.0], [0.3625, 125785.0], [0.3624, 243964.0], [0.3623, 176478.0], [0.3622, 318615.0], [0.3621, 213422.0], [0.362, 176122.0], [0.3619, 253159.0], [0.3618, 159852.0], [0.3617, 364484.0], [0.3616, 567428.0]], "asks": [[0.3636, 57930.0], [0.3637, 175535.0], [0.3638, 182045.0], [0.3639, 185128.0], [0.364, 184073.0], [0.3641, 167301.0], [0.3642, 164309.0], [0.3643, 166509.0], [0.3644, 268406.0], [0.3645, 117715.0], [0.3646, 130128.0], [0.3647, 100082.0], [0.3648, 139910.0], [0.3649, 321611.0], [0.365, 221615.0], [0.3651, 187561.0], [0.3652, 179007.0], [0.3653, 171508.0], [0.3654, 163707.0], [0.3655, 205056.0]], "timestamp": "2025-12-18T01:19:33.319150+00:00"}, {"symbol": "ADAUSDT", "bids": [[0.3637, 9160.0], [0.3636, 93340.0], [0.3635, 262199.0], [0.3634, 275277.0], [0.3633, 186686.0], [0.3632, 188234.0], [0.3631, 241152.0], [0.363, 153786.0], [0.3629, 149632.0], [0.3628, 189403.0], [0.3627, 152763.0], [0.3626, 351385.0], [0.3625, 115812.0], [0.3624, 222423.0], [0.3623, 167759.0], [0.3622, 302718.0], [0.3621, 265139.0], [0.362, 244384.0], [0.3619, 317444.0], [0.3618, 138857.0]], "asks": [[0.3638, 100440.0], [0.3639, 149119.0], [0.364, 203829.0], [0.3641, 132023.0], [0.3642, 195904.0], [0.3643, 154663.0], [0.3644, 212304.0], [0.3645, 149533.0], [0.3646, 240909.0], [0.3647, 188123.0], [0.3648, 182213.0], [0.3649, 226988.0], [0.365, 220485.0], [0.3651, 184458.0], [0.3652, 179482.0], [0.3653, 146265.0], [0.3654, 130653.0], [0.3655, 222117.0], [0.3656, 198029.0], [0.3657, 119286.0]], "timestamp": "2025-12-18T01:20:27.591876+00:00"}, {"symbol": "ADAUSDT", "bids": [[0.3642, 77744.0], [0.3641, 137578.0], [0.364, 255797.0], [0.3639, 250072.0], [0.3638, 212606.0], [0.3637, 121918.0], [0.3636, 264786.0], [0.3635, 167459.0], [0.3634, 187515.0], [0.3633, 168459.0], [0.3632, 178372.0], [0.3631, 222108.0], [0.363, 233792.0], [0.3629, 138901.0], [0.3628, 193594.0], [0.3627, 245679.0], [0.3626, 237337.0], [0.3625, 118581.0], [0.3624, 241467.0], [0.3623, 137085.0]], "asks": [[0.3643, 71847.0], [0.3644, 159191.0], [0.3645, 251305.0], [0.3646, 154064.0], [0.3647, 178501.0], [0.3648, 304023.0], [0.3649, 161037.0], [0.365, 226653.0], [0.3651, 281149.0], [0.3652, 249769.0], [0.3653, 260016.0], [0.3654, 130112.0], [0.3655, 183609.0], [0.3656, 113970.0], [0.3657, 128189.0], [0.3658, 287053.0], [0.3659, 230316.0], [0.366, 249762.0], [0.3661, 147551.0], [0.3662, 173698.0]], "timestamp": "2025-12-18T01:21:21.864684+00:00"}, {"symbol": "ADAUSDT", "bids": [[0.3643, 141607.0], [0.3642, 273950.0], [0.3641, 195975.0], [0.364, 192353.0], [0.3639, 273539.0], [0.3638, 310508.0], [0.3637, 127159.0], [0.3636, 209943.0], [0.3635, 121098.0], [0.3634, 118280.0], [0.3633, 117905.0], [0.3632, 272513.0], [0.3631, 115499.0], [0.363, 256800.0], [0.3629, 142628.0], [0.3628, 203384.0], [0.3627, 347786.0], [0.3626, 220229.0], [0.3625, 128969.0], [0.3624, 251957.0]], "asks": [[0.3644, 43677.0], [0.3645, 119684.0], [0.3646, 121909.0], [0.3647, 190988.0], [0.3648, 136295.0], [0.3649, 189070.0], [0.365, 156077.0], [0.3651, 258791.0], [0.3652, 213776.0], [0.3653, 255959.0], [0.3654, 153833.0], [0.3655, 203548.0], [0.3656, 166330.0], [0.3657, 108311.0], [0.3658, 169459.0], [0.3659, 306825.0], [0.366, 264340.0], [0.3661, 106700.0], [0.3662, 166502.0], [0.3663, 71298.0]], "timestamp": "2025-12-18T01:22:15.765230+00:00"}, {"symbol": "ADAUSDT", "bids": [[0.3645, 78599.0], [0.3644, 126056.0], [0.3643, 277758.0], [0.3642, 289556.0], [0.3641, 189745.0], [0.364, 198007.0], [0.3639, 258452.0], [0.3638, 240827.0], [0.3637, 138501.0], [0.3636, 167455.0], [0.3635, 247251.0], [0.3634, 199637.0], [0.3633, 103755.0], [0.3632, 191449.0], [0.3631, 150288.0], [0.363, 236760.0], [0.3629, 206262.0], [0.3628, 132892.0], [0.3627, 315326.0], [0.3626, 367489.0]], "asks": [[0.3646, 77577.0], [0.3647, 154571.0], [0.3648, 208006.0], [0.3649, 155341.0], [0.365, 144361.0], [0.3651, 198793.0], [0.3652, 208079.0], [0.3653, 162002.0], [0.3654, 300810.0], [0.3655, 255178.0], [0.3656, 128799.0], [0.3657, 85976.0], [0.3658, 161314.0], [0.3659, 224685.0], [0.366, 265319.0], [0.3661, 111095.0], [0.3662, 125257.0], [0.3663, 84924.0], [0.3664, 124081.0], [0.3665, 293578.0]], "timestamp": "2025-12-18T01:23:09.180680+00:00"}, {"symbol": "ADAUSDT", "bids": [[0.3648, 76936.0], [0.3647, 167178.0], [0.3646, 224754.0], [0.3645, 211791.0], [0.3644, 331590.0], [0.3643, 218116.0], [0.3642, 300354.0], [0.3641, 163377.0], [0.364, 202900.0], [0.3639, 164543.0], [0.3638, 236439.0], [0.3637, 237139.0], [0.3636, 126118.0], [0.3635, 133605.0], [0.3634, 223215.0], [0.3633, 86153.0], [0.3632, 162459.0], [0.3631, 277619.0], [0.363, 263986.0], [0.3629, 107792.0]], "asks": [[0.3649, 11129.0], [0.365, 187255.0], [0.3651, 231270.0], [0.3652, 160069.0], [0.3653, 134879.0], [0.3654, 152688.0], [0.3655, 214649.0], [0.3656, 169657.0], [0.3657, 281388.0], [0.3658, 230390.0], [0.3659, 326939.0], [0.366, 177446.0], [0.3661, 125130.0], [0.3662, 145958.0], [0.3663, 148477.0], [0.3664, 119643.0], [0.3665, 218246.0], [0.3666, 236100.0], [0.3667, 177981.0], [0.3668, 135161.0]], "timestamp": "2025-12-18T01:24:03.760018+00:00"}, {"symbol": "ADAUSDT", "bids": [[0.3645, 101185.0], [0.3644, 155314.0], [0.3643, 211715.0], [0.3642, 239948.0], [0.3641, 203452.0], [0.364, 171763.0], [0.3639, 233402.0], [0.3638, 294708.0], [0.3637, 144221.0], [0.3636, 152655.0], [0.3635, 176841.0], [0.3634, 328746.0], [0.3633, 123302.0], [0.3632, 163231.0], [0.3631, 309922.0], [0.363, 157310.0], [0.3629, 110296.0], [0.3628, 140693.0], [0.3627, 374743.0], [0.3626, 445920.0]], "asks": [[0.3646, 48536.0], [0.3647, 145513.0], [0.3648, 199326.0], [0.3649, 198559.0], [0.365, 236008.0], [0.3651, 219917.0], [0.3652, 291766.0], [0.3653, 244881.0], [0.3654, 154159.0], [0.3655, 195202.0], [0.3656, 240707.0], [0.3657, 137255.0], [0.3658, 190958.0], [0.3659, 272593.0], [0.366, 171574.0], [0.3661, 144610.0], [0.3662, 116700.0], [0.3663, 138932.0], [0.3664, 177240.0], [0.3665, 220263.0]], "timestamp": "2025-12-18T01:24:57.721438+00:00"}, {"symbol": "ADAUSDT", "bids": [[0.3647, 143789.0], [0.3646, 103350.0], [0.3645, 183935.0], [0.3644, 249626.0], [0.3643, 155003.0], [0.3642, 245294.0], [0.3641, 183359.0], [0.364, 261715.0], [0.3639, 161293.0], [0.3638, 297082.0], [0.3637, 129907.0], [0.3636, 124300.0], [0.3635, 155556.0], [0.3634, 435999.0], [0.3633, 101686.0], [0.3632, 179225.0], [0.3631, 223259.0], [0.363, 157063.0], [0.3629, 107822.0], [0.3628, 130943.0]], "asks": [[0.3648, 59139.0], [0.3649, 155034.0], [0.365, 211073.0], [0.3651, 196118.0], [0.3652, 262121.0], [0.3653, 148054.0], [0.3654, 238573.0], [0.3655, 208231.0], [0.3656, 269095.0], [0.3657, 232132.0], [0.3658, 180553.0], [0.3659, 187136.0], [0.366, 172410.0], [0.3661, 123541.0], [0.3662, 135751.0], [0.3663, 130496.0], [0.3664, 177268.0], [0.3665, 219715.0], [0.3666, 237169.0], [0.3667, 104151.0]], "timestamp": "2025-12-18T01:25:51.483334+00:00"}, {"symbol": "ADAUSDT", "bids": [[0.3643, 60495.0], [0.3642, 95845.0], [0.3641, 207564.0], [0.364, 188524.0], [0.3639, 224090.0], [0.3638, 212856.0], [0.3637, 262459.0], [0.3636, 175572.0], [0.3635, 235557.0], [0.3634, 152836.0], [0.3633, 183407.0], [0.3632, 246358.0], [0.3631, 409610.0], [0.363, 214500.0], [0.3629, 109029.0], [0.3628, 170693.0], [0.3627, 263251.0], [0.3626, 319691.0], [0.3625, 182513.0], [0.3624, 421154.0]], "asks": [[0.3644, 102127.0], [0.3645, 225486.0], [0.3646, 185644.0], [0.3647, 219714.0], [0.3648, 197718.0], [0.3649, 226602.0], [0.365, 272907.0], [0.3651, 227421.0], [0.3652, 196342.0], [0.3653, 260268.0], [0.3654, 189990.0], [0.3655, 218095.0], [0.3656, 232843.0], [0.3657, 112893.0], [0.3658, 159384.0], [0.3659, 156484.0], [0.366, 217263.0], [0.3661, 169493.0], [0.3662, 94827.0], [0.3663, 86434.0]], "timestamp": "2025-12-18T01:26:45.550822+00:00"}, {"symbol": "ADAUSDT", "bids": [[0.3644, 68344.0], [0.3643, 140278.0], [0.3642, 194958.0], [0.3641, 141246.0], [0.364, 261907.0], [0.3639, 169230.0], [0.3638, 216112.0], [0.3637, 276441.0], [0.3636, 180032.0], [0.3635, 240154.0], [0.3634, 168583.0], [0.3633, 124888.0], [0.3632, 241585.0], [0.3631, 404069.0], [0.363, 215672.0], [0.3629, 108679.0], [0.3628, 165170.0], [0.3627, 263161.0], [0.3626, 417668.0], [0.3625, 179075.0]], "asks": [[0.3645, 94767.0], [0.3646, 176914.0], [0.3647, 261325.0], [0.3648, 185432.0], [0.3649, 219792.0], [0.365, 242012.0], [0.3651, 320001.0], [0.3652, 187584.0], [0.3653, 287014.0], [0.3654, 182464.0], [0.3655, 230966.0], [0.3656, 244261.0], [0.3657, 104746.0], [0.3658, 165881.0], [0.3659, 156468.0], [0.366, 217239.0], [0.3661, 170042.0], [0.3662, 86421.0], [0.3663, 94870.0], [0.3664, 104896.0]], "timestamp": "2025-12-18T01:27:39.035189+00:00"}, {"symbol": "ADAUSDT", "bids": [[0.3644, 61650.0], [0.3643, 147227.0], [0.3642, 256925.0], [0.3641, 171293.0], [0.364, 303860.0], [0.3639, 224383.0], [0.3638, 323082.0], [0.3637, 217345.0], [0.3636, 261552.0], [0.3635, 172080.0], [0.3634, 144130.0], [0.3633, 137991.0], [0.3632, 339190.0], [0.3631, 277718.0], [0.363, 208118.0], [0.3629, 94369.0], [0.3628, 165156.0], [0.3627, 260826.0], [0.3626, 331144.0], [0.3625, 277861.0]], "asks": [[0.3645, 68107.0], [0.3646, 157104.0], [0.3647, 316582.0], [0.3648, 155230.0], [0.3649, 154518.0], [0.365, 239368.0], [0.3651, 342938.0], [0.3652, 178225.0], [0.3653, 275662.0], [0.3654, 144473.0], [0.3655, 204115.0], [0.3656, 221079.0], [0.3657, 89594.0], [0.3658, 173872.0], [0.3659, 156468.0], [0.366, 207949.0], [0.3661, 95001.0], [0.3662, 92398.0], [0.3663, 160518.0], [0.3664, 113866.0]], "timestamp": "2025-12-18T01:28:33.172849+00:00"}, {"symbol": "ADAUSDT", "bids": [[0.3644, 26736.0], [0.3643, 146136.0], [0.3642, 245693.0], [0.3641, 171965.0], [0.364, 292533.0], [0.3639, 212464.0], [0.3638, 301650.0], [0.3637, 199429.0], [0.3636, 161615.0], [0.3635, 265887.0], [0.3634, 207252.0], [0.3633, 176146.0], [0.3632, 316456.0], [0.3631, 298445.0], [0.363, 208118.0], [0.3629, 94421.0], [0.3628, 166030.0], [0.3627, 260807.0], [0.3626, 331142.0], [0.3625, 259352.0]], "asks": [[0.3645, 108943.0], [0.3646, 192854.0], [0.3647, 369278.0], [0.3648, 162008.0], [0.3649, 165183.0], [0.365, 220169.0], [0.3651, 293943.0], [0.3652, 195210.0], [0.3653, 248173.0], [0.3654, 139675.0], [0.3655, 113185.0], [0.3656, 331440.0], [0.3657, 83769.0], [0.3658, 173854.0], [0.3659, 184512.0], [0.366, 208173.0], [0.3661, 95001.0], [0.3662, 92398.0], [0.3663, 160518.0], [0.3664, 113318.0]], "timestamp": "2025-12-18T01:29:27.854160+00:00"}, {"symbol": "ADAUSDT", "bids": [[0.3642, 2733.0], [0.3641, 116317.0], [0.364, 257361.0], [0.3639, 183473.0], [0.3638, 260507.0], [0.3637, 163781.0], [0.3636, 233127.0], [0.3635, 256287.0], [0.3634, 255880.0], [0.3633, 161567.0], [0.3632, 186079.0], [0.3631, 216907.0], [0.363, 203964.0], [0.3629, 181371.0], [0.3628, 167994.0], [0.3627, 198300.0], [0.3626, 497092.0], [0.3625, 156146.0], [0.3624, 262760.0], [0.3623, 608370.0]], "asks": [[0.3643, 74824.0], [0.3644, 227223.0], [0.3645, 142968.0], [0.3646, 214457.0], [0.3647, 248673.0], [0.3648, 174891.0], [0.3649, 211031.0], [0.365, 211309.0], [0.3651, 297862.0], [0.3652, 156277.0], [0.3653, 258639.0], [0.3654, 129261.0], [0.3655, 97942.0], [0.3656, 131112.0], [0.3657, 118424.0], [0.3658, 181739.0], [0.3659, 319575.0], [0.366, 216129.0], [0.3661, 109202.0], [0.3662, 84037.0]], "timestamp": "2025-12-18T01:30:22.023750+00:00"}, {"symbol": "ADAUSDT", "bids": [[0.3641, 62102.0], [0.364, 114465.0], [0.3639, 244340.0], [0.3638, 190635.0], [0.3637, 341306.0], [0.3636, 212674.0], [0.3635, 190948.0], [0.3634, 272649.0], [0.3633, 202193.0], [0.3632, 330332.0], [0.3631, 182540.0], [0.363, 232443.0], [0.3629, 117356.0], [0.3628, 195546.0], [0.3627, 153623.0], [0.3626, 481822.0], [0.3625, 261148.0], [0.3624, 254996.0], [0.3623, 607418.0], [0.3622, 357185.0]], "asks": [[0.3642, 142098.0], [0.3643, 161750.0], [0.3644, 135814.0], [0.3645, 164548.0], [0.3646, 192616.0], [0.3647, 239900.0], [0.3648, 314040.0], [0.3649, 174751.0], [0.365, 255917.0], [0.3651, 260710.0], [0.3652, 184059.0], [0.3653, 275084.0], [0.3654, 141785.0], [0.3655, 91299.0], [0.3656, 130347.0], [0.3657, 93422.0], [0.3658, 128909.0], [0.3659, 218515.0], [0.366, 237111.0], [0.3661, 182609.0]], "timestamp": "2025-12-18T01:31:16.091227+00:00"}, {"symbol": "ADAUSDT", "bids": [[0.3642, 131786.0], [0.3641, 120218.0], [0.364, 222356.0], [0.3639, 243731.0], [0.3638, 221442.0], [0.3637, 144824.0], [0.3636, 219186.0], [0.3635, 281623.0], [0.3634, 401445.0], [0.3633, 147645.0], [0.3632, 171183.0], [0.3631, 141228.0], [0.363, 274730.0], [0.3629, 141140.0], [0.3628, 189603.0], [0.3627, 153627.0], [0.3626, 483059.0], [0.3625, 155742.0], [0.3624, 361802.0], [0.3623, 607822.0]], "asks": [[0.3643, 65916.0], [0.3644, 145105.0], [0.3645, 175304.0], [0.3646, 181883.0], [0.3647, 231412.0], [0.3648, 313970.0], [0.3649, 296234.0], [0.365, 218423.0], [0.3651, 248634.0], [0.3652, 186867.0], [0.3653, 261499.0], [0.3654, 155394.0], [0.3655, 107449.0], [0.3656, 128926.0], [0.3657, 104336.0], [0.3658, 138239.0], [0.3659, 194976.0], [0.366, 228900.0], [0.3661, 182623.0], [0.3662, 96495.0]], "timestamp": "2025-12-18T01:32:09.953636+00:00"}, {"symbol": "ADAUSDT", "bids": [[0.3641, 59771.0], [0.364, 122025.0], [0.3639, 244649.0], [0.3638, 260363.0], [0.3637, 268188.0], [0.3636, 181279.0], [0.3635, 279080.0], [0.3634, 261454.0], [0.3633, 346451.0], [0.3632, 192234.0], [0.3631, 145651.0], [0.363, 258407.0], [0.3629, 95040.0], [0.3628, 209878.0], [0.3627, 185156.0], [0.3626, 381732.0], [0.3625, 242981.0], [0.3624, 407071.0], [0.3623, 498212.0], [0.3622, 352499.0]], "asks": [[0.3642, 88777.0], [0.3643, 150943.0], [0.3644, 118419.0], [0.3645, 150087.0], [0.3646, 163325.0], [0.3647, 189370.0], [0.3648, 285623.0], [0.3649, 199765.0], [0.365, 320588.0], [0.3651, 223138.0], [0.3652, 108419.0], [0.3653, 306507.0], [0.3654, 118236.0], [0.3655, 112263.0], [0.3656, 137809.0], [0.3657, 126626.0], [0.3658, 177914.0], [0.3659, 197220.0], [0.366, 334343.0], [0.3661, 123427.0]], "timestamp": "2025-12-18T01:33:03.705723+00:00"}, {"symbol": "ADAUSDT", "bids": [[0.3644, 138950.0], [0.3643, 109387.0], [0.3642, 243540.0], [0.3641, 202820.0], [0.364, 294597.0], [0.3639, 218564.0], [0.3638, 301059.0], [0.3637, 145558.0], [0.3636, 212569.0], [0.3635, 248143.0], [0.3634, 169988.0], [0.3633, 191219.0], [0.3632, 142785.0], [0.3631, 265962.0], [0.363, 299170.0], [0.3629, 158835.0], [0.3628, 181956.0], [0.3627, 154093.0], [0.3626, 232048.0], [0.3625, 227073.0]], "asks": [[0.3645, 71316.0], [0.3646, 72731.0], [0.3647, 210503.0], [0.3648, 139455.0], [0.3649, 258490.0], [0.365, 223388.0], [0.3651, 261375.0], [0.3652, 169292.0], [0.3653, 335873.0], [0.3654, 157322.0], [0.3655, 136228.0], [0.3656, 257824.0], [0.3657, 185430.0], [0.3658, 154223.0], [0.3659, 227577.0], [0.366, 267403.0], [0.3661, 123441.0], [0.3662, 94622.0], [0.3663, 64435.0], [0.3664, 141848.0]], "timestamp": "2025-12-18T01:33:57.269266+00:00"}, {"symbol": "ADAUSDT", "bids": [[0.3641, 81886.0], [0.364, 104729.0], [0.3639, 280126.0], [0.3638, 325985.0], [0.3637, 149587.0], [0.3636, 281245.0], [0.3635, 184240.0], [0.3634, 217129.0], [0.3633, 340845.0], [0.3632, 217658.0], [0.3631, 136409.0], [0.363, 271125.0], [0.3629, 124942.0], [0.3628, 192754.0], [0.3627, 359960.0], [0.3626, 242374.0], [0.3625, 220370.0], [0.3624, 273819.0], [0.3623, 597549.0], [0.3622, 347063.0]], "asks": [[0.3642, 62597.0], [0.3643, 161550.0], [0.3644, 197046.0], [0.3645, 139086.0], [0.3646, 155894.0], [0.3647, 206968.0], [0.3648, 308821.0], [0.3649, 290903.0], [0.365, 339327.0], [0.3651, 147335.0], [0.3652, 136944.0], [0.3653, 281671.0], [0.3654, 119191.0], [0.3655, 108970.0], [0.3656, 128435.0], [0.3657, 90412.0], [0.3658, 95387.0], [0.3659, 227489.0], [0.366, 325125.0], [0.3661, 120712.0]], "timestamp": "2025-12-18T01:34:51.029774+00:00"}, {"symbol": "ADAUSDT", "bids": [[0.3638, 52168.0], [0.3637, 100155.0], [0.3636, 247825.0], [0.3635, 176317.0], [0.3634, 254416.0], [0.3633, 247168.0], [0.3632, 302015.0], [0.3631, 224892.0], [0.363, 265534.0], [0.3629, 160522.0], [0.3628, 174364.0], [0.3627, 294718.0], [0.3626, 234426.0], [0.3625, 176077.0], [0.3624, 225824.0], [0.3623, 332525.0], [0.3622, 279692.0], [0.3621, 325926.0], [0.362, 603057.0], [0.3619, 303026.0]], "asks": [[0.3639, 115198.0], [0.364, 171032.0], [0.3641, 115811.0], [0.3642, 153944.0], [0.3643, 206439.0], [0.3644, 212087.0], [0.3645, 190661.0], [0.3646, 183153.0], [0.3647, 305955.0], [0.3648, 162987.0], [0.3649, 226248.0], [0.365, 349988.0], [0.3651, 143495.0], [0.3652, 126530.0], [0.3653, 149159.0], [0.3654, 83134.0], [0.3655, 140671.0], [0.3656, 126885.0], [0.3657, 174521.0], [0.3658, 168381.0]], "timestamp": "2025-12-18T01:35:44.600239+00:00"}, {"symbol": "ADAUSDT", "bids": [[0.3649, 142500.0], [0.3648, 162572.0], [0.3647, 247666.0], [0.3646, 199330.0], [0.3645, 235821.0], [0.3644, 195783.0], [0.3643, 267462.0], [0.3642, 221609.0], [0.3641, 259050.0], [0.364, 214872.0], [0.3639, 120646.0], [0.3638, 104761.0], [0.3637, 142946.0], [0.3636, 307213.0], [0.3635, 86565.0], [0.3634, 157308.0], [0.3633, 107733.0], [0.3632, 236635.0], [0.3631, 221097.0], [0.363, 156820.0]], "asks": [[0.365, 56897.0], [0.3651, 69807.0], [0.3652, 157347.0], [0.3653, 129327.0], [0.3654, 186791.0], [0.3655, 175555.0], [0.3656, 197246.0], [0.3657, 138479.0], [0.3658, 221942.0], [0.3659, 207415.0], [0.366, 196264.0], [0.3661, 194031.0], [0.3662, 292376.0], [0.3663, 114409.0], [0.3664, 128436.0], [0.3665, 172412.0], [0.3666, 233380.0], [0.3667, 123603.0], [0.3668, 294881.0], [0.3669, 165340.0]], "timestamp": "2025-12-18T01:36:38.652863+00:00"}, {"symbol": "ADAUSDT", "bids": [[0.3647, 54792.0], [0.3646, 94065.0], [0.3645, 256863.0], [0.3644, 257513.0], [0.3643, 169061.0], [0.3642, 228696.0], [0.3641, 213427.0], [0.364, 187996.0], [0.3639, 166213.0], [0.3638, 159171.0], [0.3637, 170321.0], [0.3636, 300323.0], [0.3635, 163266.0], [0.3634, 240671.0], [0.3633, 175395.0], [0.3632, 265095.0], [0.3631, 235305.0], [0.363, 292499.0], [0.3629, 306769.0], [0.3628, 401645.0]], "asks": [[0.3648, 66347.0], [0.3649, 154726.0], [0.365, 209620.0], [0.3651, 158622.0], [0.3652, 253957.0], [0.3653, 222013.0], [0.3654, 183762.0], [0.3655, 191246.0], [0.3656, 238717.0], [0.3657, 184229.0], [0.3658, 160166.0], [0.3659, 201269.0], [0.366, 237260.0], [0.3661, 175125.0], [0.3662, 140543.0], [0.3663, 71238.0], [0.3664, 105018.0], [0.3665, 137708.0], [0.3666, 320694.0], [0.3667, 264489.0]], "timestamp": "2025-12-18T01:37:33.027061+00:00"}, {"symbol": "ADAUSDT", "bids": [[0.3645, 35542.0], [0.3644, 89157.0], [0.3643, 255473.0], [0.3642, 243327.0], [0.3641, 224618.0], [0.364, 182440.0], [0.3639, 174167.0], [0.3638, 219684.0], [0.3637, 204144.0], [0.3636, 377846.0], [0.3635, 200103.0], [0.3634, 322737.0], [0.3633, 191478.0], [0.3632, 280233.0], [0.3631, 174610.0], [0.363, 236818.0], [0.3629, 245197.0], [0.3628, 401226.0], [0.3627, 447037.0], [0.3626, 396022.0]], "asks": [[0.3646, 54948.0], [0.3647, 118845.0], [0.3648, 196709.0], [0.3649, 180548.0], [0.365, 186226.0], [0.3651, 150395.0], [0.3652, 205712.0], [0.3653, 256458.0], [0.3654, 231191.0], [0.3655, 239017.0], [0.3656, 152564.0], [0.3657, 173305.0], [0.3658, 165899.0], [0.3659, 175154.0], [0.366, 222297.0], [0.3661, 176855.0], [0.3662, 115654.0], [0.3663, 74230.0], [0.3664, 105489.0], [0.3665, 137402.0]], "timestamp": "2025-12-18T01:38:26.685163+00:00"}, {"symbol": "ADAUSDT", "bids": [[0.3639, 66670.0], [0.3638, 91098.0], [0.3637, 241653.0], [0.3636, 314879.0], [0.3635, 230468.0], [0.3634, 158044.0], [0.3633, 153368.0], [0.3632, 275403.0], [0.3631, 349245.0], [0.363, 256459.0], [0.3629, 173655.0], [0.3628, 232005.0], [0.3627, 382671.0], [0.3626, 509565.0], [0.3625, 274994.0], [0.3624, 573738.0], [0.3623, 361885.0], [0.3622, 540558.0], [0.3621, 525207.0], [0.362, 387908.0]], "asks": [[0.364, 75546.0], [0.3641, 125247.0], [0.3642, 152918.0], [0.3643, 188691.0], [0.3644, 167056.0], [0.3645, 235273.0], [0.3646, 246046.0], [0.3647, 156230.0], [0.3648, 203148.0], [0.3649, 149188.0], [0.365, 125608.0], [0.3651, 149586.0], [0.3652, 158613.0], [0.3653, 183202.0], [0.3654, 174597.0], [0.3655, 134946.0], [0.3656, 86304.0], [0.3657, 193016.0], [0.3658, 167585.0], [0.3659, 203933.0]], "timestamp": "2025-12-18T01:39:20.752758+00:00"}, {"symbol": "ADAUSDT", "bids": [[0.3638, 51090.0], [0.3637, 119641.0], [0.3636, 272283.0], [0.3635, 160144.0], [0.3634, 291735.0], [0.3633, 225896.0], [0.3632, 246878.0], [0.3631, 175794.0], [0.363, 214182.0], [0.3629, 156178.0], [0.3628, 180646.0], [0.3627, 305667.0], [0.3626, 291544.0], [0.3625, 203937.0], [0.3624, 411033.0], [0.3623, 225765.0], [0.3622, 225124.0], [0.3621, 246824.0], [0.362, 443642.0], [0.3619, 367074.0]], "asks": [[0.3639, 55501.0], [0.364, 181645.0], [0.3641, 168939.0], [0.3642, 159726.0], [0.3643, 187972.0], [0.3644, 149431.0], [0.3645, 245152.0], [0.3646, 164631.0], [0.3647, 232578.0], [0.3648, 146049.0], [0.3649, 109220.0], [0.365, 258280.0], [0.3651, 121281.0], [0.3652, 76919.0], [0.3653, 196012.0], [0.3654, 176809.0], [0.3655, 151943.0], [0.3656, 130378.0], [0.3657, 234828.0], [0.3658, 197753.0]], "timestamp": "2025-12-18T01:40:14.834993+00:00"}, {"symbol": "ADAUSDT", "bids": [[0.3645, 137106.0], [0.3644, 195778.0], [0.3643, 290205.0], [0.3642, 291058.0], [0.3641, 249170.0], [0.364, 185466.0], [0.3639, 141601.0], [0.3638, 266639.0], [0.3637, 313461.0], [0.3636, 274363.0], [0.3635, 240235.0], [0.3634, 168609.0], [0.3633, 265637.0], [0.3632, 174212.0], [0.3631, 100387.0], [0.363, 150088.0], [0.3629, 108272.0], [0.3628, 234795.0], [0.3627, 149602.0], [0.3626, 277580.0]], "asks": [[0.3646, 43384.0], [0.3647, 62032.0], [0.3648, 182447.0], [0.3649, 104685.0], [0.365, 183132.0], [0.3651, 256026.0], [0.3652, 160157.0], [0.3653, 270518.0], [0.3654, 222308.0], [0.3655, 216173.0], [0.3656, 249103.0], [0.3657, 143944.0], [0.3658, 179508.0], [0.3659, 202445.0], [0.366, 170892.0], [0.3661, 219970.0], [0.3662, 139734.0], [0.3663, 142306.0], [0.3664, 160458.0], [0.3665, 315765.0]], "timestamp": "2025-12-18T01:41:09.092462+00:00"}