[{"id": "547020621", "price": 0.3643, "amount": 11442.0, "side": "buy", "timestamp": 1766028969844}, {"id": "547020622", "price": 0.3644, "amount": 125.0, "side": "buy", "timestamp": 1766028970174}, {"id": "547020623", "price": 0.3644, "amount": 156.0, "side": "buy", "timestamp": 1766028970549}, {"id": "547020624", "price": 0.3644, "amount": 60.0, "side": "buy", "timestamp": 1766028970721}, {"id": "547020625", "price": 0.3644, "amount": 719.0, "side": "buy", "timestamp": 1766028970907}, {"id": "547020626", "price": 0.3644, "amount": 422.0, "side": "buy", "timestamp": 1766028971068}, {"id": "547020627", "price": 0.3644, "amount": 50.0, "side": "buy", "timestamp": 1766028971529}, {"id": "547020628", "price": 0.3644, "amount": 6.0, "side": "buy", "timestamp": 1766028971791}, {"id": "547020629", "price": 0.3643, "amount": 46.0, "side": "sell", "timestamp": 1766028972535}, {"id": "547020630", "price": 0.3644, "amount": 682.0, "side": "buy", "timestamp": 1766028973662}, {"id": "547020631", "price": 0.3644, "amount": 69.0, "side": "buy", "timestamp": 1766028973838}, {"id": "547020632", "price": 0.3644, "amount": 16.0, "side": "buy", "timestamp": 1766028974313}, {"id": "547020633", "price": 0.3644, "amount": 3677.0, "side": "buy", "timestamp": 1766028974892}, {"id": "547020634", "price": 0.3644, "amount": 15.0, "side": "sell", "timestamp": 1766028975503}, {"id": "547020635", "price": 0.3644, "amount": 15.0, "side": "sell", "timestamp": 1766028975859}, {"id": "547020636", "price": 0.3645, "amount": 12.0, "side": "buy", "timestamp": 1766028976030}, {"id": "547020637", "price": 0.3644, "amount": 15.0, "side": "sell", "timestamp": 1766028976218}, {"id": "547020638", "price": 0.3645, "amount": 17510.0, "side": "buy", "timestamp": 1766028976256}, {"id": "547020639", "price": 0.3645, "amount": 21091.0, "side": "buy", "timestamp": 1766028976880}, {"id": "547020640", "price": 0.3645, "amount": 1072.0, "side": "buy", "timestamp": 1766028977011}, {"id": "547020641", "price": 0.3645, "amount": 54.0, "side": "buy", "timestamp": 1766028977170}, {"id": "547020642", "price": 0.3644, "amount": 74.0, "side": "sell", "timestamp": 1766028977340}, {"id": "547020643", "price": 0.3645, "amount": 953.0, "side": "buy", "timestamp": 1766028977579}, {"id": "547020644", "price": 0.3645, "amount": 101.0, "side": "buy", "timestamp": 1766028978388}, {"id": "547020645", "price": 0.3644, "amount": 237.0, "side": "sell", "timestamp": 1766028978440}, {"id": "547020646", "price": 0.3645, "amount": 24.0, "side": "buy", "timestamp": 1766028978569}, {"id": "547020647", "price": 0.3645, "amount": 84.0, "side": "buy", "timestamp": 1766028978872}, {"id": "547020648", "price": 0.3644, "amount": 19667.0, "side": "sell", "timestamp": 1766028978933}, {"id": "547020649", "price": 0.3644, "amount": 69.0, "side": "buy", "timestamp": 1766028979045}, {"id": "547020650", "price": 0.3643, "amount": 30309.0, "side": "sell", "timestamp": 1766028979310}, {"id": "547020651", "price": 0.3643, "amount": 19.0, "side": "buy", "timestamp": 1766028979697}, {"id": "547020652", "price": 0.3643, "amount": 12.0, "side": "buy", "timestamp": 1766028980122}, {"id": "547020653", "price": 0.3643, "amount": 56.0, "side": "buy", "timestamp": 1766028980264}, {"id": "547020654", "price": 0.3643, "amount": 2522.0, "side": "buy", "timestamp": 1766028981710}, {"id": "547020655", "price": 0.3643, "amount": 1372.0, "side": "buy", "timestamp": 1766028982055}, {"id": "547020656", "price": 0.3642, "amount": 36.0, "side": "sell", "timestamp": 1766028982318}, {"id": "547020657", "price": 0.3643, "amount": 13.0, "side": "buy", "timestamp": 1766028982970}, {"id": "547020658", "price": 0.3643, "amount": 144.0, "side": "buy", "timestamp": 1766028983875}, {"id": "547020659", "price": 0.3643, "amount": 528.0, "side": "buy", "timestamp": 1766028984126}, {"id": "547020660", "price": 0.3643, "amount": 14.0, "side": "buy", "timestamp": 1766028984544}, {"id": "547020661", "price": 0.3643, "amount": 6.0, "side": "buy", "timestamp": 1766028984844}, {"id": "547020662", "price": 0.3642, "amount": 47.0, "side": "sell", "timestamp": 1766028985255}, {"id": "547020663", "price": 0.3643, "amount": 15.0, "side": "buy", "timestamp": 1766028985674}, {"id": "547020664", "price": 0.3643, "amount": 1.0, "side": "buy", "timestamp": 1766028985877}, {"id": "547020665", "price": 0.3642, "amount": 156.0, "side": "sell", "timestamp": 1766028986592}, {"id": "547020666", "price": 0.3643, "amount": 8287.0, "side": "buy", "timestamp": 1766028988144}, {"id": "547020667", "price": 0.3644, "amount": 19.0, "side": "buy", "timestamp": 1766028988871}, {"id": "547020668", "price": 0.3643, "amount": 1619.0, "side": "sell", "timestamp": 1766028989509}, {"id": "547020669", "price": 0.3644, "amount": 445.0, "side": "buy", "timestamp": 1766028989673}, {"id": "547020670", "price": 0.3644, "amount": 60330.0, "side": "buy", "timestamp": 1766028991325}, {"id": "547020718", "price": 0.3642, "amount": 383.0, "side": "buy", "timestamp": 1766029017648}, {"id": "547020719", "price": 0.3642, "amount": 444.0, "side": "buy", "timestamp": 1766029017859}, {"id": "547020720", "price": 0.3641, "amount": 401.0, "side": "sell", "timestamp": 1766029018569}, {"id": "547020721", "price": 0.3642, "amount": 65.0, "side": "buy", "timestamp": 1766029018742}, {"id": "547020722", "price": 0.3642, "amount": 68.0, "side": "buy", "timestamp": 1766029018971}, {"id": "547020723", "price": 0.3642, "amount": 59.0, "side": "buy", "timestamp": 1766029019452}, {"id": "547020724", "price": 0.3642, "amount": 445.0, "side": "buy", "timestamp": 1766029019677}, {"id": "547020725", "price": 0.3642, "amount": 9.0, "side": "buy", "timestamp": 1766029020147}, {"id": "547020726", "price": 0.3642, "amount": 23.0, "side": "buy", "timestamp": 1766029020964}, {"id": "547020727", "price": 0.3642, "amount": 875.0, "side": "buy", "timestamp": 1766029021386}, {"id": "547020728", "price": 0.3641, "amount": 46.0, "side": "sell", "timestamp": 1766029021596}, {"id": "547020729", "price": 0.3642, "amount": 117.0, "side": "buy", "timestamp": 1766029021676}, {"id": "547020730", "price": 0.3642, "amount": 390.0, "side": "buy", "timestamp": 1766029021804}, {"id": "547020731", "price": 0.3641, "amount": 168.0, "side": "sell", "timestamp": 1766029022015}, {"id": "547020732", "price": 0.3642, "amount": 589.0, "side": "buy", "timestamp": 1766029022111}, {"id": "547020733", "price": 0.3642, "amount": 159.0, "side": "buy", "timestamp": 1766029022293}, {"id": "547020734", "price": 0.3641, "amount": 90.0, "side": "sell", "timestamp": 1766029022320}, {"id": "547020735", "price": 0.3641, "amount": 15.0, "side": "sell", "timestamp": 1766029022453}, {"id": "547020736", "price": 0.3642, "amount": 7148.0, "side": "buy", "timestamp": 1766029022460}, {"id": "547020737", "price": 0.3642, "amount": 769.0, "side": "buy", "timestamp": 1766029022609}, {"id": "547020738", "price": 0.3642, "amount": 7.0, "side": "buy", "timestamp": 1766029022725}, {"id": "547020739", "price": 0.3641, "amount": 19.0, "side": "sell", "timestamp": 1766029022769}, {"id": "547020740", "price": 0.3642, "amount": 13.0, "side": "buy", "timestamp": 1766029024770}, {"id": "547020741", "price": 0.3641, "amount": 25.0, "side": "sell", "timestamp": 1766029024775}, {"id": "547020742", "price": 0.3642, "amount": 24.0, "side": "buy", "timestamp": 1766029024881}, {"id": "547020743", "price": 0.3641, "amount": 65.0, "side": "sell", "timestamp": 1766029025718}, {"id": "547020744", "price": 0.3642, "amount": 181.0, "side": "buy", "timestamp": 1766029026878}, {"id": "547020745", "price": 0.3642, "amount": 62.0, "side": "buy", "timestamp": 1766029026984}, {"id": "547020746", "price": 0.3642, "amount": 194.0, "side": "buy", "timestamp": 1766029027114}, {"id": "547020747", "price": 0.3642, "amount": 138.0, "side": "buy", "timestamp": 1766029027331}, {"id": "547020748", "price": 0.3642, "amount": 85.0, "side": "buy", "timestamp": 1766029027467}, {"id": "547020749", "price": 0.3642, "amount": 7815.0, "side": "buy", "timestamp": 1766029027800}, {"id": "547020750", "price": 0.3642, "amount": 1084.0, "side": "buy", "timestamp": 1766029028661}, {"id": "547020751", "price": 0.3642, "amount": 23.0, "side": "buy", "timestamp": 1766029028980}, {"id": "547020752", "price": 0.3642, "amount": 525.0, "side": "buy", "timestamp": 1766029029654}, {"id": "547020753", "price": 0.3641, "amount": 75.0, "side": "sell", "timestamp": 1766029030010}, {"id": "547020754", "price": 0.3642, "amount": 224.0, "side": "buy", "timestamp": 1766029031028}, {"id": "547020755", "price": 0.3642, "amount": 1462.0, "side": "buy", "timestamp": 1766029031599}, {"id": "547020756", "price": 0.3641, "amount": 46.0, "side": "sell", "timestamp": 1766029032130}, {"id": "547020757", "price": 0.3642, "amount": 787.0, "side": "buy", "timestamp": 1766029032690}, {"id": "547020758", "price": 0.3642, "amount": 7.0, "side": "buy", "timestamp": 1766029033965}, {"id": "547020759", "price": 0.3642, "amount": 13.0, "side": "buy", "timestamp": 1766029034569}, {"id": "547020760", "price": 0.3641, "amount": 81.0, "side": "sell", "timestamp": 1766029035374}, {"id": "547020761", "price": 0.3641, "amount": 171.0, "side": "sell", "timestamp": 1766029036794}, {"id": "547020762", "price": 0.3642, "amount": 82.0, "side": "buy", "timestamp": 1766029036989}, {"id": "547020763", "price": 0.3642, "amount": 7.0, "side": "buy", "timestamp": 1766029038490}, {"id": "547020764", "price": 0.3642, "amount": 445.0, "side": "buy", "timestamp": 1766029039692}, {"id": "547020765", "price": 0.3642, "amount": 175.0, "side": "buy", "timestamp": 1766029040129}, {"id": "547020766", "price": 0.3642, "amount": 6.0, "side": "buy", "timestamp": 1766029041253}, {"id": "547020767", "price": 0.3642, "amount": 60.0, "side": "buy", "timestamp": 1766029042719}, {"id": "547020843", "price": 0.3643, "amount": 14.0, "side": "sell", "timestamp": 1766029075127}, {"id": "547020844", "price": 0.3644, "amount": 3469.0, "side": "buy", "timestamp": 1766029077118}, {"id": "547020845", "price": 0.3644, "amount": 113.0, "side": "buy", "timestamp": 1766029077287}, {"id": "547020846", "price": 0.3644, "amount": 5202.0, "side": "buy", "timestamp": 1766029077626}, {"id": "547020847", "price": 0.3645, "amount": 1.0, "side": "buy", "timestamp": 1766029077760}, {"id": "547020848", "price": 0.3644, "amount": 302.0, "side": "sell", "timestamp": 1766029078066}, {"id": "547020849", "price": 0.3645, "amount": 27.0, "side": "buy", "timestamp": 1766029078649}, {"id": "547020850", "price": 0.3645, "amount": 138.0, "side": "buy", "timestamp": 1766029078790}, {"id": "547020851", "price": 0.3645, "amount": 162.0, "side": "buy", "timestamp": 1766029079021}, {"id": "547020852", "price": 0.3645, "amount": 244.0, "side": "buy", "timestamp": 1766029079226}, {"id": "547020853", "price": 0.3645, "amount": 445.0, "side": "buy", "timestamp": 1766029079688}, {"id": "547020854", "price": 0.3645, "amount": 12.0, "side": "buy", "timestamp": 1766029079819}, {"id": "547020855", "price": 0.3645, "amount": 428.0, "side": "buy", "timestamp": 1766029080265}, {"id": "547020856", "price": 0.3645, "amount": 900.0, "side": "buy", "timestamp": 1766029080616}, {"id": "547020857", "price": 0.3645, "amount": 94.0, "side": "buy", "timestamp": 1766029080759}, {"id": "547020858", "price": 0.3645, "amount": 641.0, "side": "buy", "timestamp": 1766029081062}, {"id": "547020859", "price": 0.3645, "amount": 28.0, "side": "buy", "timestamp": 1766029081246}, {"id": "547020860", "price": 0.3644, "amount": 5588.0, "side": "sell", "timestamp": 1766029081451}, {"id": "547020861", "price": 0.3644, "amount": 1056.0, "side": "buy", "timestamp": 1766029081720}, {"id": "547020862", "price": 0.3643, "amount": 179.0, "side": "sell", "timestamp": 1766029082086}, {"id": "547020863", "price": 0.3643, "amount": 27.0, "side": "sell", "timestamp": 1766029083220}, {"id": "547020864", "price": 0.3643, "amount": 33.0, "side": "sell", "timestamp": 1766029083693}, {"id": "547020865", "price": 0.3643, "amount": 16094.0, "side": "sell", "timestamp": 1766029083818}, {"id": "547020866", "price": 0.3643, "amount": 99.0, "side": "sell", "timestamp": 1766029084023}, {"id": "547020867", "price": 0.3644, "amount": 160.0, "side": "buy", "timestamp": 1766029084219}, {"id": "547020868", "price": 0.3643, "amount": 19.0, "side": "sell", "timestamp": 1766029084397}, {"id": "547020869", "price": 0.3644, "amount": 7.0, "side": "buy", "timestamp": 1766029084866}, {"id": "547020870", "price": 0.3643, "amount": 95542.0, "side": "sell", "timestamp": 1766029084965}, {"id": "547020871", "price": 0.3643, "amount": 755.0, "side": "buy", "timestamp": 1766029084973}, {"id": "547020872", "price": 0.3643, "amount": 6.0, "side": "buy", "timestamp": 1766029085268}, {"id": "547020873", "price": 0.3643, "amount": 27.0, "side": "buy", "timestamp": 1766029086136}, {"id": "547020874", "price": 0.3643, "amount": 13.0, "side": "buy", "timestamp": 1766029086735}, {"id": "547020875", "price": 0.3642, "amount": 24.0, "side": "sell", "timestamp": 1766029087144}, {"id": "547020876", "price": 0.3643, "amount": 205.0, "side": "buy", "timestamp": 1766029088472}, {"id": "547020877", "price": 0.3643, "amount": 513.0, "side": "buy", "timestamp": 1766029089689}, {"id": "547020878", "price": 0.3642, "amount": 20.0, "side": "sell", "timestamp": 1766029089870}, {"id": "547020879", "price": 0.3642, "amount": 26.0, "side": "sell", "timestamp": 1766029090656}, {"id": "547020880", "price": 0.3642, "amount": 200.0, "side": "sell", "timestamp": 1766029090812}, {"id": "547020881", "price": 0.3643, "amount": 16.0, "side": "buy", "timestamp": 1766029091416}, {"id": "547020882", "price": 0.3643, "amount": 343.0, "side": "buy", "timestamp": 1766029091536}, {"id": "547020883", "price": 0.3643, "amount": 390.0, "side": "buy", "timestamp": 1766029091973}, {"id": "547020884", "price": 0.3643, "amount": 607.0, "side": "buy", "timestamp": 1766029092230}, {"id": "547020885", "price": 0.3643, "amount": 103.0, "side": "buy", "timestamp": 1766029092363}, {"id": "547020886", "price": 0.3642, "amount": 46.0, "side": "sell", "timestamp": 1766029092529}, {"id": "547020887", "price": 0.3643, "amount": 7.0, "side": "buy", "timestamp": 1766029092762}, {"id": "547020888", "price": 0.3643, "amount": 31.0, "side": "buy", "timestamp": 1766029094837}, {"id": "547020889", "price": 0.3643, "amount": 533.0, "side": "buy", "timestamp": 1766029095815}, {"id": "547020890", "price": 0.3643, "amount": 125.0, "side": "buy", "timestamp": 1766029095981}, {"id": "547020891", "price": 0.3643, "amount": 1152.0, "side": "buy", "timestamp": 1766029096110}, {"id": "547020892", "price": 0.3643, "amount": 156.0, "side": "buy", "timestamp": 1766029096383}, {"id": "547020913", "price": 0.3643, "amount": 33.0, "side": "buy", "timestamp": 1766029103677}, {"id": "547020914", "price": 0.3642, "amount": 146.0, "side": "sell", "timestamp": 1766029103780}, {"id": "547020915", "price": 0.3643, "amount": 69.0, "side": "buy", "timestamp": 1766029103911}, {"id": "547020916", "price": 0.3642, "amount": 816.0, "side": "sell", "timestamp": 1766029104893}, {"id": "547020917", "price": 0.3643, "amount": 7.0, "side": "buy", "timestamp": 1766029105815}, {"id": "547020918", "price": 0.3643, "amount": 92.0, "side": "buy", "timestamp": 1766029105988}, {"id": "547020919", "price": 0.3643, "amount": 35.0, "side": "buy", "timestamp": 1766029106517}, {"id": "547020920", "price": 0.3643, "amount": 1.0, "side": "buy", "timestamp": 1766029106829}, {"id": "547020921", "price": 0.3643, "amount": 35.0, "side": "buy", "timestamp": 1766029107014}, {"id": "547020922", "price": 0.3643, "amount": 8.0, "side": "buy", "timestamp": 1766029107971}, {"id": "547020923", "price": 0.3643, "amount": 45.0, "side": "buy", "timestamp": 1766029108087}, {"id": "547020924", "price": 0.3643, "amount": 755.0, "side": "buy", "timestamp": 1766029108277}, {"id": "547020925", "price": 0.3643, "amount": 1.0, "side": "buy", "timestamp": 1766029108931}, {"id": "547020926", "price": 0.3643, "amount": 28.0, "side": "buy", "timestamp": 1766029109504}, {"id": "547020927", "price": 0.3643, "amount": 445.0, "side": "buy", "timestamp": 1766029109681}, {"id": "547020928", "price": 0.3643, "amount": 24402.0, "side": "buy", "timestamp": 1766029112155}, {"id": "547020929", "price": 0.3644, "amount": 514.0, "side": "buy", "timestamp": 1766029112847}, {"id": "547020930", "price": 0.3644, "amount": 26439.0, "side": "buy", "timestamp": 1766029113005}, {"id": "547020931", "price": 0.3644, "amount": 13.0, "side": "buy", "timestamp": 1766029113266}, {"id": "547020932", "price": 0.3644, "amount": 25.0, "side": "buy", "timestamp": 1766029117268}, {"id": "547020933", "price": 0.3644, "amount": 655.0, "side": "buy", "timestamp": 1766029117750}, {"id": "547020934", "price": 0.3644, "amount": 445.0, "side": "buy", "timestamp": 1766029119683}, {"id": "547020935", "price": 0.3643, "amount": 278.0, "side": "sell", "timestamp": 1766029122929}, {"id": "547020936", "price": 0.3644, "amount": 13.0, "side": "buy", "timestamp": 1766029123837}, {"id": "547020937", "price": 0.3644, "amount": 13.0, "side": "buy", "timestamp": 1766029124543}, {"id": "547020938", "price": 0.3644, "amount": 23.0, "side": "buy", "timestamp": 1766029124749}, {"id": "547020939", "price": 0.3644, "amount": 65.0, "side": "buy", "timestamp": 1766029126077}, {"id": "547020940", "price": 0.3644, "amount": 6.0, "side": "buy", "timestamp": 1766029127095}, {"id": "547020941", "price": 0.3644, "amount": 27.0, "side": "buy", "timestamp": 1766029127280}, {"id": "547020942", "price": 0.3644, "amount": 16352.0, "side": "buy", "timestamp": 1766029128068}, {"id": "547020943", "price": 0.3643, "amount": 23.0, "side": "sell", "timestamp": 1766029128600}, {"id": "547020944", "price": 0.3644, "amount": 2601.0, "side": "buy", "timestamp": 1766029128629}, {"id": "547020945", "price": 0.3645, "amount": 33.0, "side": "buy", "timestamp": 1766029128833}, {"id": "547020946", "price": 0.3645, "amount": 445.0, "side": "buy", "timestamp": 1766029129676}, {"id": "547020947", "price": 0.3645, "amount": 29.0, "side": "buy", "timestamp": 1766029131361}, {"id": "547020948", "price": 0.3645, "amount": 17304.0, "side": "buy", "timestamp": 1766029134378}, {"id": "547020949", "price": 0.3646, "amount": 94.0, "side": "buy", "timestamp": 1766029134599}, {"id": "547020950", "price": 0.3646, "amount": 1438.0, "side": "buy", "timestamp": 1766029134931}, {"id": "547020951", "price": 0.3645, "amount": 383.0, "side": "sell", "timestamp": 1766029136127}, {"id": "547020952", "price": 0.3646, "amount": 1371.0, "side": "buy", "timestamp": 1766029136219}, {"id": "547020953", "price": 0.3646, "amount": 27.0, "side": "buy", "timestamp": 1766029139369}, {"id": "547020954", "price": 0.3646, "amount": 478.0, "side": "buy", "timestamp": 1766029139672}, {"id": "547020955", "price": 0.3645, "amount": 4445.0, "side": "sell", "timestamp": 1766029140737}, {"id": "547020956", "price": 0.3645, "amount": 272.0, "side": "buy", "timestamp": 1766029141658}, {"id": "547020957", "price": 0.3645, "amount": 7.0, "side": "buy", "timestamp": 1766029141820}, {"id": "547020958", "price": 0.3645, "amount": 31.0, "side": "buy", "timestamp": 1766029142642}, {"id": "547020959", "price": 0.3645, "amount": 4.0, "side": "buy", "timestamp": 1766029143685}, {"id": "547020960", "price": 0.3644, "amount": 37.0, "side": "sell", "timestamp": 1766029145306}, {"id": "547020961", "price": 0.3645, "amount": 25.0, "side": "buy", "timestamp": 1766029145309}, {"id": "547020962", "price": 0.3645, "amount": 75.0, "side": "buy", "timestamp": 1766029148579}, {"id": "547020998", "price": 0.3645, "amount": 67.0, "side": "buy", "timestamp": 1766029160526}, {"id": "547020999", "price": 0.3645, "amount": 94.0, "side": "buy", "timestamp": 1766029161415}, {"id": "547021000", "price": 0.3644, "amount": 271.0, "side": "sell", "timestamp": 1766029162508}, {"id": "547021001", "price": 0.3645, "amount": 280.0, "side": "buy", "timestamp": 1766029162549}, {"id": "547021002", "price": 0.3645, "amount": 36.0, "side": "buy", "timestamp": 1766029162955}, {"id": "547021003", "price": 0.3645, "amount": 31.0, "side": "buy", "timestamp": 1766029163214}, {"id": "547021004", "price": 0.3645, "amount": 12.0, "side": "buy", "timestamp": 1766029163345}, {"id": "547021005", "price": 0.3645, "amount": 13.0, "side": "buy", "timestamp": 1766029163495}, {"id": "547021006", "price": 0.3644, "amount": 40.0, "side": "sell", "timestamp": 1766029163937}, {"id": "547021007", "price": 0.3645, "amount": 33.0, "side": "buy", "timestamp": 1766029163944}, {"id": "547021008", "price": 0.3645, "amount": 13.0, "side": "buy", "timestamp": 1766029165002}, {"id": "547021009", "price": 0.3645, "amount": 28.0, "side": "buy", "timestamp": 1766029165627}, {"id": "547021010", "price": 0.3645, "amount": 439.0, "side": "buy", "timestamp": 1766029165918}, {"id": "547021011", "price": 0.3645, "amount": 330.0, "side": "buy", "timestamp": 1766029166165}, {"id": "547021012", "price": 0.3645, "amount": 1085.0, "side": "buy", "timestamp": 1766029166429}, {"id": "547021013", "price": 0.3645, "amount": 126.0, "side": "buy", "timestamp": 1766029166584}, {"id": "547021014", "price": 0.3645, "amount": 34.0, "side": "buy", "timestamp": 1766029166748}, {"id": "547021015", "price": 0.3645, "amount": 3.0, "side": "buy", "timestamp": 1766029166961}, {"id": "547021016", "price": 0.3644, "amount": 46075.0, "side": "sell", "timestamp": 1766029167578}, {"id": "547021017", "price": 0.3644, "amount": 31652.0, "side": "buy", "timestamp": 1766029167646}, {"id": "547021018", "price": 0.3645, "amount": 2415.0, "side": "buy", "timestamp": 1766029167665}, {"id": "547021019", "price": 0.3645, "amount": 15.0, "side": "buy", "timestamp": 1766029169086}, {"id": "547021020", "price": 0.3645, "amount": 475.0, "side": "buy", "timestamp": 1766029169656}, {"id": "547021021", "price": 0.3645, "amount": 8.0, "side": "buy", "timestamp": 1766029170320}, {"id": "547021022", "price": 0.3644, "amount": 551.0, "side": "sell", "timestamp": 1766029170751}, {"id": "547021023", "price": 0.3645, "amount": 15948.0, "side": "buy", "timestamp": 1766029172687}, {"id": "547021024", "price": 0.3646, "amount": 33.0, "side": "buy", "timestamp": 1766029175666}, {"id": "547021025", "price": 0.3646, "amount": 445.0, "side": "buy", "timestamp": 1766029179678}, {"id": "547021026", "price": 0.3646, "amount": 83.0, "side": "buy", "timestamp": 1766029180535}, {"id": "547021027", "price": 0.3646, "amount": 3.0, "side": "buy", "timestamp": 1766029181336}, {"id": "547021028", "price": 0.3646, "amount": 15.0, "side": "buy", "timestamp": 1766029181804}, {"id": "547021029", "price": 0.3646, "amount": 47903.0, "side": "buy", "timestamp": 1766029182241}, {"id": "547021030", "price": 0.3647, "amount": 205.0, "side": "buy", "timestamp": 1766029182246}, {"id": "547021031", "price": 0.3647, "amount": 12.0, "side": "buy", "timestamp": 1766029183522}, {"id": "547021032", "price": 0.3647, "amount": 12.0, "side": "buy", "timestamp": 1766029185691}, {"id": "547021033", "price": 0.3647, "amount": 23.0, "side": "buy", "timestamp": 1766029188267}, {"id": "547021034", "price": 0.3647, "amount": 11.0, "side": "buy", "timestamp": 1766029189057}, {"id": "547021035", "price": 0.3647, "amount": 29679.0, "side": "buy", "timestamp": 1766029189406}, {"id": "547021036", "price": 0.3648, "amount": 445.0, "side": "buy", "timestamp": 1766029189677}, {"id": "547021037", "price": 0.3648, "amount": 29.0, "side": "buy", "timestamp": 1766029191141}, {"id": "547021038", "price": 0.3648, "amount": 418.0, "side": "buy", "timestamp": 1766029192097}, {"id": "547021039", "price": 0.3648, "amount": 16.0, "side": "buy", "timestamp": 1766029192680}, {"id": "547021040", "price": 0.3648, "amount": 5.0, "side": "buy", "timestamp": 1766029193202}, {"id": "547021041", "price": 0.3647, "amount": 31.0, "side": "sell", "timestamp": 1766029195184}, {"id": "547021042", "price": 0.3648, "amount": 14.0, "side": "buy", "timestamp": 1766029196413}, {"id": "547021043", "price": 0.3647, "amount": 10516.0, "side": "sell", "timestamp": 1766029198591}, {"id": "547021044", "price": 0.3647, "amount": 3.0, "side": "buy", "timestamp": 1766029199364}, {"id": "547021045", "price": 0.3647, "amount": 445.0, "side": "buy", "timestamp": 1766029199701}, {"id": "547021046", "price": 0.3647, "amount": 23.0, "side": "buy", "timestamp": 1766029200277}, {"id": "547021047", "price": 0.3647, "amount": 186.0, "side": "buy", "timestamp": 1766029200467}, {"id": "547021080", "price": 0.3646, "amount": 33581.0, "side": "buy", "timestamp": 1766029216079}, {"id": "547021081", "price": 0.3646, "amount": 245.0, "side": "buy", "timestamp": 1766029216541}, {"id": "547021082", "price": 0.3645, "amount": 41.0, "side": "sell", "timestamp": 1766029217434}, {"id": "547021083", "price": 0.3645, "amount": 36.0, "side": "sell", "timestamp": 1766029219320}, {"id": "547021084", "price": 0.3646, "amount": 445.0, "side": "buy", "timestamp": 1766029219676}, {"id": "547021085", "price": 0.3645, "amount": 21.0, "side": "sell", "timestamp": 1766029219838}, {"id": "547021086", "price": 0.3645, "amount": 25.0, "side": "sell", "timestamp": 1766029219983}, {"id": "547021087", "price": 0.3646, "amount": 11.0, "side": "buy", "timestamp": 1766029220832}, {"id": "547021088", "price": 0.3645, "amount": 80095.0, "side": "sell", "timestamp": 1766029221607}, {"id": "547021089", "price": 0.3644, "amount": 128058.0, "side": "sell", "timestamp": 1766029221607}, {"id": "547021090", "price": 0.3643, "amount": 66195.0, "side": "sell", "timestamp": 1766029221607}, {"id": "547021091", "price": 0.3645, "amount": 16.0, "side": "buy", "timestamp": 1766029221613}, {"id": "547021092", "price": 0.3644, "amount": 816.0, "side": "sell", "timestamp": 1766029221738}, {"id": "547021093", "price": 0.3645, "amount": 25263.0, "side": "buy", "timestamp": 1766029221822}, {"id": "547021094", "price": 0.3646, "amount": 1371.0, "side": "buy", "timestamp": 1766029222795}, {"id": "547021095", "price": 0.3646, "amount": 160.0, "side": "buy", "timestamp": 1766029223592}, {"id": "547021096", "price": 0.3646, "amount": 20.0, "side": "buy", "timestamp": 1766029224704}, {"id": "547021097", "price": 0.3645, "amount": 75.0, "side": "sell", "timestamp": 1766029224706}, {"id": "547021098", "price": 0.3646, "amount": 88819.0, "side": "buy", "timestamp": 1766029226362}, {"id": "547021099", "price": 0.3646, "amount": 37.0, "side": "sell", "timestamp": 1766029226375}, {"id": "547021100", "price": 0.3647, "amount": 198.0, "side": "buy", "timestamp": 1766029226378}, {"id": "547021101", "price": 0.3646, "amount": 37.0, "side": "sell", "timestamp": 1766029226387}, {"id": "547021102", "price": 0.3647, "amount": 10.0, "side": "buy", "timestamp": 1766029226791}, {"id": "547021103", "price": 0.3647, "amount": 8.0, "side": "buy", "timestamp": 1766029227814}, {"id": "547021104", "price": 0.3647, "amount": 27.0, "side": "buy", "timestamp": 1766029229021}, {"id": "547021105", "price": 0.3647, "amount": 445.0, "side": "buy", "timestamp": 1766029229676}, {"id": "547021106", "price": 0.3647, "amount": 1.0, "side": "buy", "timestamp": 1766029229887}, {"id": "547021107", "price": 0.3647, "amount": 25.0, "side": "buy", "timestamp": 1766029230184}, {"id": "547021108", "price": 0.3647, "amount": 89449.0, "side": "buy", "timestamp": 1766029230998}, {"id": "547021109", "price": 0.3648, "amount": 46902.0, "side": "buy", "timestamp": 1766029230998}, {"id": "547021110", "price": 0.3648, "amount": 14.0, "side": "buy", "timestamp": 1766029235849}, {"id": "547021111", "price": 0.3647, "amount": 25.0, "side": "sell", "timestamp": 1766029237568}, {"id": "547021112", "price": 0.3647, "amount": 27.0, "side": "sell", "timestamp": 1766029238045}, {"id": "547021113", "price": 0.3647, "amount": 171.0, "side": "sell", "timestamp": 1766029238558}, {"id": "547021114", "price": 0.3648, "amount": 445.0, "side": "buy", "timestamp": 1766029239688}, {"id": "547021115", "price": 0.3647, "amount": 742.0, "side": "sell", "timestamp": 1766029240381}, {"id": "547021116", "price": 0.3647, "amount": 6309.0, "side": "sell", "timestamp": 1766029240580}, {"id": "547021117", "price": 0.3647, "amount": 16.0, "side": "buy", "timestamp": 1766029243340}, {"id": "547021118", "price": 0.3646, "amount": 18.0, "side": "sell", "timestamp": 1766029244757}, {"id": "547021119", "price": 0.3646, "amount": 28.0, "side": "sell", "timestamp": 1766029245078}, {"id": "547021120", "price": 0.3647, "amount": 30.0, "side": "buy", "timestamp": 1766029245302}, {"id": "547021121", "price": 0.3647, "amount": 14.0, "side": "buy", "timestamp": 1766029247286}, {"id": "547021122", "price": 0.3647, "amount": 45.0, "side": "buy", "timestamp": 1766029247583}, {"id": "547021123", "price": 0.3647, "amount": 445.0, "side": "buy", "timestamp": 1766029249688}, {"id": "547021124", "price": 0.3646, "amount": 27.0, "side": "sell", "timestamp": 1766029249797}, {"id": "547021125", "price": 0.3646, "amount": 19.0, "side": "sell", "timestamp": 1766029250046}, {"id": "547021126", "price": 0.3647, "amount": 4.0, "side": "buy", "timestamp": 1766029250867}, {"id": "547021127", "price": 0.3646, "amount": 61.0, "side": "sell", "timestamp": 1766029251255}, {"id": "547021128", "price": 0.3646, "amount": 20.0, "side": "sell", "timestamp": 1766029252245}, {"id": "547021129", "price": 0.3647, "amount": 1200.0, "side": "buy", "timestamp": 1766029254126}, {"id": "547021142", "price": 0.3646, "amount": 1358.0, "side": "buy", "timestamp": 1766029264658}, {"id": "547021143", "price": 0.3645, "amount": 136.0, "side": "sell", "timestamp": 1766029265028}, {"id": "547021144", "price": 0.3646, "amount": 69.0, "side": "buy", "timestamp": 1766029265469}, {"id": "547021145", "price": 0.3645, "amount": 25.0, "side": "sell", "timestamp": 1766029265761}, {"id": "547021146", "price": 0.3646, "amount": 21.0, "side": "buy", "timestamp": 1766029265806}, {"id": "547021147", "price": 0.3645, "amount": 10807.0, "side": "sell", "timestamp": 1766029266007}, {"id": "547021148", "price": 0.3645, "amount": 790.0, "side": "buy", "timestamp": 1766029267960}, {"id": "547021149", "price": 0.3646, "amount": 6336.0, "side": "buy", "timestamp": 1766029268882}, {"id": "547021150", "price": 0.3647, "amount": 15.0, "side": "buy", "timestamp": 1766029269426}, {"id": "547021151", "price": 0.3647, "amount": 445.0, "side": "buy", "timestamp": 1766029269678}, {"id": "547021152", "price": 0.3647, "amount": 30.0, "side": "buy", "timestamp": 1766029270192}, {"id": "547021153", "price": 0.3646, "amount": 46.0, "side": "sell", "timestamp": 1766029272339}, {"id": "547021154", "price": 0.3647, "amount": 41695.0, "side": "buy", "timestamp": 1766029273230}, {"id": "547021155", "price": 0.3648, "amount": 23.0, "side": "buy", "timestamp": 1766029276882}, {"id": "547021156", "price": 0.3648, "amount": 11.0, "side": "buy", "timestamp": 1766029277491}, {"id": "547021157", "price": 0.3648, "amount": 90.0, "side": "buy", "timestamp": 1766029279403}, {"id": "547021158", "price": 0.3648, "amount": 443.0, "side": "buy", "timestamp": 1766029279684}, {"id": "547021159", "price": 0.3648, "amount": 229.0, "side": "buy", "timestamp": 1766029279789}, {"id": "547021160", "price": 0.3648, "amount": 28.0, "side": "buy", "timestamp": 1766029280712}, {"id": "547021161", "price": 0.3648, "amount": 21.0, "side": "buy", "timestamp": 1766029281509}, {"id": "547021162", "price": 0.3647, "amount": 4765.0, "side": "sell", "timestamp": 1766029281677}, {"id": "547021163", "price": 0.3647, "amount": 10301.0, "side": "buy", "timestamp": 1766029282194}, {"id": "547021164", "price": 0.3647, "amount": 262.0, "side": "buy", "timestamp": 1766029283204}, {"id": "547021165", "price": 0.3647, "amount": 33.0, "side": "buy", "timestamp": 1766029283667}, {"id": "547021166", "price": 0.3646, "amount": 19.0, "side": "sell", "timestamp": 1766029284483}, {"id": "547021167", "price": 0.3647, "amount": 104.0, "side": "buy", "timestamp": 1766029285060}, {"id": "547021168", "price": 0.3647, "amount": 7.0, "side": "buy", "timestamp": 1766029285834}, {"id": "547021169", "price": 0.3647, "amount": 148.0, "side": "buy", "timestamp": 1766029287466}, {"id": "547021170", "price": 0.3647, "amount": 2.0, "side": "buy", "timestamp": 1766029289026}, {"id": "547021171", "price": 0.3647, "amount": 8742.0, "side": "buy", "timestamp": 1766029290513}, {"id": "547021172", "price": 0.3648, "amount": 14.0, "side": "buy", "timestamp": 1766029291091}, {"id": "547021173", "price": 0.3648, "amount": 9.0, "side": "buy", "timestamp": 1766029291325}, {"id": "547021174", "price": 0.3648, "amount": 11.0, "side": "buy", "timestamp": 1766029292016}, {"id": "547021175", "price": 0.3648, "amount": 80.0, "side": "buy", "timestamp": 1766029292311}, {"id": "547021176", "price": 0.3648, "amount": 3.0, "side": "buy", "timestamp": 1766029294322}, {"id": "547021177", "price": 0.3647, "amount": 63.0, "side": "sell", "timestamp": 1766029294412}, {"id": "547021178", "price": 0.3648, "amount": 25.0, "side": "buy", "timestamp": 1766029294505}, {"id": "547021179", "price": 0.3648, "amount": 3935.0, "side": "buy", "timestamp": 1766029294705}, {"id": "547021180", "price": 0.3648, "amount": 15.0, "side": "sell", "timestamp": 1766029295491}, {"id": "547021181", "price": 0.3649, "amount": 16.0, "side": "buy", "timestamp": 1766029295557}, {"id": "547021182", "price": 0.3649, "amount": 629.0, "side": "buy", "timestamp": 1766029296163}, {"id": "547021183", "price": 0.3648, "amount": 955.0, "side": "sell", "timestamp": 1766029297647}, {"id": "547021184", "price": 0.3649, "amount": 30.0, "side": "buy", "timestamp": 1766029300542}, {"id": "547021185", "price": 0.3649, "amount": 29.0, "side": "buy", "timestamp": 1766029301727}, {"id": "547021186", "price": 0.3649, "amount": 35691.0, "side": "buy", "timestamp": 1766029301899}, {"id": "547021187", "price": 0.365, "amount": 776.0, "side": "buy", "timestamp": 1766029302076}, {"id": "547021188", "price": 0.365, "amount": 3.0, "side": "buy", "timestamp": 1766029302786}, {"id": "547021189", "price": 0.3649, "amount": 16.0, "side": "sell", "timestamp": 1766029302986}, {"id": "547021190", "price": 0.365, "amount": 47.0, "side": "buy", "timestamp": 1766029303039}, {"id": "547021191", "price": 0.365, "amount": 114.0, "side": "buy", "timestamp": 1766029304606}, {"id": "547021215", "price": 0.3648, "amount": 59199.0, "side": "sell", "timestamp": 1766029321454}, {"id": "547021216", "price": 0.3649, "amount": 16.0, "side": "buy", "timestamp": 1766029321509}, {"id": "547021217", "price": 0.3648, "amount": 2057.0, "side": "sell", "timestamp": 1766029322607}, {"id": "547021218", "price": 0.3648, "amount": 406.0, "side": "buy", "timestamp": 1766029322803}, {"id": "547021219", "price": 0.3647, "amount": 15.0, "side": "sell", "timestamp": 1766029323585}, {"id": "547021220", "price": 0.3647, "amount": 16074.0, "side": "sell", "timestamp": 1766029324738}, {"id": "547021221", "price": 0.3646, "amount": 15.0, "side": "sell", "timestamp": 1766029326107}, {"id": "547021222", "price": 0.3646, "amount": 17.0, "side": "sell", "timestamp": 1766029326222}, {"id": "547021223", "price": 0.3646, "amount": 16.0, "side": "sell", "timestamp": 1766029327121}, {"id": "547021224", "price": 0.3647, "amount": 17079.0, "side": "buy", "timestamp": 1766029328003}, {"id": "547021225", "price": 0.3646, "amount": 15.0, "side": "sell", "timestamp": 1766029328303}, {"id": "547021226", "price": 0.3647, "amount": 16.0, "side": "buy", "timestamp": 1766029328549}, {"id": "547021227", "price": 0.3647, "amount": 272.0, "side": "buy", "timestamp": 1766029328960}, {"id": "547021228", "price": 0.3647, "amount": 612.0, "side": "buy", "timestamp": 1766029329754}, {"id": "547021229", "price": 0.3646, "amount": 170.0, "side": "sell", "timestamp": 1766029329854}, {"id": "547021230", "price": 0.3647, "amount": 2267.0, "side": "buy", "timestamp": 1766029330561}, {"id": "547021231", "price": 0.3647, "amount": 685.0, "side": "buy", "timestamp": 1766029331558}, {"id": "547021232", "price": 0.3646, "amount": 46.0, "side": "sell", "timestamp": 1766029332353}, {"id": "547021233", "price": 0.3647, "amount": 27.0, "side": "buy", "timestamp": 1766029333361}, {"id": "547021234", "price": 0.3647, "amount": 27.0, "side": "buy", "timestamp": 1766029334717}, {"id": "547021235", "price": 0.3646, "amount": 24.0, "side": "sell", "timestamp": 1766029335346}, {"id": "547021236", "price": 0.3647, "amount": 41.0, "side": "buy", "timestamp": 1766029335455}, {"id": "547021237", "price": 0.3647, "amount": 9.0, "side": "buy", "timestamp": 1766029335610}, {"id": "547021238", "price": 0.3647, "amount": 10362.0, "side": "buy", "timestamp": 1766029337459}, {"id": "547021239", "price": 0.3646, "amount": 42.0, "side": "sell", "timestamp": 1766029338741}, {"id": "547021240", "price": 0.3647, "amount": 272.0, "side": "buy", "timestamp": 1766029339538}, {"id": "547021241", "price": 0.3647, "amount": 13.0, "side": "buy", "timestamp": 1766029340169}, {"id": "547021242", "price": 0.3647, "amount": 3903.0, "side": "buy", "timestamp": 1766029341056}, {"id": "547021243", "price": 0.3647, "amount": 12.0, "side": "buy", "timestamp": 1766029341394}, {"id": "547021244", "price": 0.3647, "amount": 219.0, "side": "buy", "timestamp": 1766029342159}, {"id": "547021245", "price": 0.3646, "amount": 31.0, "side": "sell", "timestamp": 1766029342244}, {"id": "547021246", "price": 0.3646, "amount": 5142.0, "side": "sell", "timestamp": 1766029343112}, {"id": "547021247", "price": 0.3647, "amount": 144.0, "side": "buy", "timestamp": 1766029345072}, {"id": "547021248", "price": 0.3647, "amount": 21.0, "side": "buy", "timestamp": 1766029345292}, {"id": "547021249", "price": 0.3647, "amount": 178.0, "side": "buy", "timestamp": 1766029346563}, {"id": "547021250", "price": 0.3647, "amount": 14.0, "side": "buy", "timestamp": 1766029346985}, {"id": "547021251", "price": 0.3647, "amount": 16.0, "side": "buy", "timestamp": 1766029347611}, {"id": "547021252", "price": 0.3647, "amount": 15.0, "side": "buy", "timestamp": 1766029347824}, {"id": "547021253", "price": 0.3647, "amount": 7.0, "side": "buy", "timestamp": 1766029348410}, {"id": "547021254", "price": 0.3647, "amount": 869.0, "side": "buy", "timestamp": 1766029349193}, {"id": "547021255", "price": 0.3647, "amount": 4.0, "side": "buy", "timestamp": 1766029349894}, {"id": "547021256", "price": 0.3646, "amount": 14.0, "side": "sell", "timestamp": 1766029351513}, {"id": "547021257", "price": 0.3647, "amount": 18.0, "side": "buy", "timestamp": 1766029352205}, {"id": "547021258", "price": 0.3647, "amount": 33.0, "side": "buy", "timestamp": 1766029355670}, {"id": "547021259", "price": 0.3647, "amount": 6804.0, "side": "buy", "timestamp": 1766029355826}, {"id": "547021260", "price": 0.3648, "amount": 356.0, "side": "buy", "timestamp": 1766029355880}, {"id": "547021261", "price": 0.3648, "amount": 21.0, "side": "buy", "timestamp": 1766029356576}, {"id": "547021262", "price": 0.3647, "amount": 500.0, "side": "sell", "timestamp": 1766029358061}, {"id": "547021263", "price": 0.3648, "amount": 10800.0, "side": "buy", "timestamp": 1766029358083}, {"id": "547021264", "price": 0.3648, "amount": 17.0, "side": "buy", "timestamp": 1766029358404}, {"id": "547021272", "price": 0.3648, "amount": 1434.0, "side": "buy", "timestamp": 1766029370775}, {"id": "547021273", "price": 0.3647, "amount": 40347.0, "side": "sell", "timestamp": 1766029371987}, {"id": "547021274", "price": 0.3648, "amount": 15.0, "side": "buy", "timestamp": 1766029373730}, {"id": "547021275", "price": 0.3647, "amount": 1476.0, "side": "sell", "timestamp": 1766029374218}, {"id": "547021276", "price": 0.3647, "amount": 5215.0, "side": "sell", "timestamp": 1766029374677}, {"id": "547021277", "price": 0.3647, "amount": 473.0, "side": "sell", "timestamp": 1766029374836}, {"id": "547021278", "price": 0.3647, "amount": 7.0, "side": "buy", "timestamp": 1766029374861}, {"id": "547021279", "price": 0.3647, "amount": 186.0, "side": "buy", "timestamp": 1766029375902}, {"id": "547021280", "price": 0.3647, "amount": 2017.0, "side": "buy", "timestamp": 1766029376212}, {"id": "547021281", "price": 0.3647, "amount": 334.0, "side": "buy", "timestamp": 1766029379044}, {"id": "547021282", "price": 0.3646, "amount": 15.0, "side": "sell", "timestamp": 1766029380974}, {"id": "547021283", "price": 0.3647, "amount": 1349.0, "side": "buy", "timestamp": 1766029384270}, {"id": "547021284", "price": 0.3647, "amount": 27.0, "side": "buy", "timestamp": 1766029384978}, {"id": "547021285", "price": 0.3646, "amount": 14.0, "side": "sell", "timestamp": 1766029385288}, {"id": "547021286", "price": 0.3646, "amount": 624.0, "side": "sell", "timestamp": 1766029385600}, {"id": "547021287", "price": 0.3647, "amount": 6.0, "side": "buy", "timestamp": 1766029386358}, {"id": "547021288", "price": 0.3647, "amount": 8.0, "side": "buy", "timestamp": 1766029386668}, {"id": "547021289", "price": 0.3647, "amount": 272.0, "side": "buy", "timestamp": 1766029387295}, {"id": "547021290", "price": 0.3647, "amount": 45.0, "side": "buy", "timestamp": 1766029388214}, {"id": "547021291", "price": 0.3647, "amount": 13.0, "side": "buy", "timestamp": 1766029388756}, {"id": "547021292", "price": 0.3646, "amount": 22.0, "side": "sell", "timestamp": 1766029389749}, {"id": "547021293", "price": 0.3646, "amount": 18.0, "side": "sell", "timestamp": 1766029389862}, {"id": "547021294", "price": 0.3647, "amount": 163.0, "side": "buy", "timestamp": 1766029390273}, {"id": "547021295", "price": 0.3647, "amount": 33.0, "side": "buy", "timestamp": 1766029391672}, {"id": "547021296", "price": 0.3646, "amount": 411.0, "side": "sell", "timestamp": 1766029392070}, {"id": "547021297", "price": 0.3646, "amount": 46.0, "side": "sell", "timestamp": 1766029392272}, {"id": "547021298", "price": 0.3647, "amount": 7882.0, "side": "buy", "timestamp": 1766029392310}, {"id": "547021299", "price": 0.3646, "amount": 11519.0, "side": "sell", "timestamp": 1766029392693}, {"id": "547021300", "price": 0.3647, "amount": 15.0, "side": "buy", "timestamp": 1766029393903}, {"id": "547021301", "price": 0.3647, "amount": 4765.0, "side": "buy", "timestamp": 1766029394193}, {"id": "547021302", "price": 0.3648, "amount": 18.0, "side": "buy", "timestamp": 1766029395118}, {"id": "547021303", "price": 0.3648, "amount": 24.0, "side": "buy", "timestamp": 1766029396703}, {"id": "547021304", "price": 0.3648, "amount": 30.0, "side": "buy", "timestamp": 1766029396858}, {"id": "547021305", "price": 0.3648, "amount": 38.0, "side": "buy", "timestamp": 1766029399537}, {"id": "547021306", "price": 0.3647, "amount": 46.0, "side": "sell", "timestamp": 1766029399575}, {"id": "547021307", "price": 0.3648, "amount": 16.0, "side": "buy", "timestamp": 1766029399789}, {"id": "547021308", "price": 0.3648, "amount": 10.0, "side": "buy", "timestamp": 1766029400249}, {"id": "547021309", "price": 0.3647, "amount": 35.0, "side": "sell", "timestamp": 1766029400462}, {"id": "547021310", "price": 0.3648, "amount": 65.0, "side": "buy", "timestamp": 1766029400919}, {"id": "547021311", "price": 0.3648, "amount": 21.0, "side": "buy", "timestamp": 1766029402580}, {"id": "547021312", "price": 0.3647, "amount": 19.0, "side": "sell", "timestamp": 1766029404821}, {"id": "547021313", "price": 0.3648, "amount": 46.0, "side": "buy", "timestamp": 1766029404860}, {"id": "547021314", "price": 0.3648, "amount": 11.0, "side": "buy", "timestamp": 1766029404989}, {"id": "547021315", "price": 0.3648, "amount": 14.0, "side": "buy", "timestamp": 1766029408099}, {"id": "547021316", "price": 0.3647, "amount": 3426.0, "side": "sell", "timestamp": 1766029409651}, {"id": "547021317", "price": 0.3648, "amount": 13.0, "side": "buy", "timestamp": 1766029410380}, {"id": "547021318", "price": 0.3648, "amount": 55.0, "side": "buy", "timestamp": 1766029410502}, {"id": "547021319", "price": 0.3647, "amount": 8731.0, "side": "sell", "timestamp": 1766029410598}, {"id": "547021320", "price": 0.3646, "amount": 15.0, "side": "sell", "timestamp": 1766029410898}, {"id": "547021321", "price": 0.3647, "amount": 32.0, "side": "buy", "timestamp": 1766029411063}, {"id": "547021342", "price": 0.3643, "amount": 289.0, "side": "sell", "timestamp": 1766029429100}, {"id": "547021343", "price": 0.3644, "amount": 5423.0, "side": "buy", "timestamp": 1766029429186}, {"id": "547021344", "price": 0.3645, "amount": 17.0, "side": "buy", "timestamp": 1766029430613}, {"id": "547021345", "price": 0.3644, "amount": 214.0, "side": "sell", "timestamp": 1766029430804}, {"id": "547021346", "price": 0.3644, "amount": 8488.0, "side": "sell", "timestamp": 1766029432281}, {"id": "547021347", "price": 0.3644, "amount": 24.0, "side": "buy", "timestamp": 1766029433194}, {"id": "547021348", "price": 0.3644, "amount": 25.0, "side": "buy", "timestamp": 1766029435465}, {"id": "547021349", "price": 0.3643, "amount": 200.0, "side": "sell", "timestamp": 1766029435973}, {"id": "547021350", "price": 0.3644, "amount": 8.0, "side": "buy", "timestamp": 1766029436713}, {"id": "547021351", "price": 0.3644, "amount": 28.0, "side": "buy", "timestamp": 1766029437307}, {"id": "547021352", "price": 0.3644, "amount": 4.0, "side": "buy", "timestamp": 1766029437767}, {"id": "547021353", "price": 0.3644, "amount": 6821.0, "side": "buy", "timestamp": 1766029438856}, {"id": "547021354", "price": 0.3644, "amount": 29.0, "side": "buy", "timestamp": 1766029440496}, {"id": "547021355", "price": 0.3644, "amount": 14860.0, "side": "buy", "timestamp": 1766029441049}, {"id": "547021356", "price": 0.3644, "amount": 87.0, "side": "buy", "timestamp": 1766029441554}, {"id": "547021357", "price": 0.3643, "amount": 1185.0, "side": "sell", "timestamp": 1766029443271}, {"id": "547021358", "price": 0.3643, "amount": 2.0, "side": "buy", "timestamp": 1766029443668}, {"id": "547021359", "price": 0.3642, "amount": 435.0, "side": "sell", "timestamp": 1766029444306}, {"id": "547021360", "price": 0.3643, "amount": 13.0, "side": "buy", "timestamp": 1766029444394}, {"id": "547021361", "price": 0.3642, "amount": 15.0, "side": "sell", "timestamp": 1766029444442}, {"id": "547021362", "price": 0.3642, "amount": 43.0, "side": "sell", "timestamp": 1766029445067}, {"id": "547021363", "price": 0.3643, "amount": 8360.0, "side": "buy", "timestamp": 1766029445332}, {"id": "547021364", "price": 0.3643, "amount": 27.0, "side": "sell", "timestamp": 1766029446321}, {"id": "547021365", "price": 0.3643, "amount": 566.0, "side": "sell", "timestamp": 1766029446758}, {"id": "547021366", "price": 0.3643, "amount": 68.0, "side": "sell", "timestamp": 1766029447079}, {"id": "547021367", "price": 0.3643, "amount": 19.0, "side": "sell", "timestamp": 1766029447464}, {"id": "547021368", "price": 0.3644, "amount": 21.0, "side": "buy", "timestamp": 1766029447776}, {"id": "547021369", "price": 0.3644, "amount": 36.0, "side": "buy", "timestamp": 1766029448956}, {"id": "547021370", "price": 0.3644, "amount": 14.0, "side": "buy", "timestamp": 1766029449295}, {"id": "547021371", "price": 0.3643, "amount": 14.0, "side": "sell", "timestamp": 1766029449394}, {"id": "547021372", "price": 0.3644, "amount": 83.0, "side": "buy", "timestamp": 1766029449487}, {"id": "547021373", "price": 0.3644, "amount": 6.0, "side": "buy", "timestamp": 1766029449762}, {"id": "547021374", "price": 0.3643, "amount": 35.0, "side": "sell", "timestamp": 1766029449955}, {"id": "547021375", "price": 0.3644, "amount": 48.0, "side": "buy", "timestamp": 1766029450751}, {"id": "547021376", "price": 0.3644, "amount": 23.0, "side": "buy", "timestamp": 1766029451366}, {"id": "547021377", "price": 0.3643, "amount": 4938.0, "side": "sell", "timestamp": 1766029451925}, {"id": "547021378", "price": 0.3643, "amount": 503.0, "side": "sell", "timestamp": 1766029452030}, {"id": "547021379", "price": 0.3643, "amount": 33.0, "side": "buy", "timestamp": 1766029452052}, {"id": "547021380", "price": 0.3642, "amount": 46.0, "side": "sell", "timestamp": 1766029452473}, {"id": "547021381", "price": 0.3643, "amount": 112.0, "side": "buy", "timestamp": 1766029452969}, {"id": "547021382", "price": 0.3642, "amount": 15.0, "side": "sell", "timestamp": 1766029453937}, {"id": "547021383", "price": 0.3643, "amount": 697.0, "side": "buy", "timestamp": 1766029454046}, {"id": "547021384", "price": 0.3643, "amount": 4394.0, "side": "buy", "timestamp": 1766029455014}, {"id": "547021385", "price": 0.3644, "amount": 40.0, "side": "buy", "timestamp": 1766029455851}, {"id": "547021386", "price": 0.3644, "amount": 7.0, "side": "buy", "timestamp": 1766029456603}, {"id": "547021387", "price": 0.3643, "amount": 35.0, "side": "sell", "timestamp": 1766029457306}, {"id": "547021388", "price": 0.3644, "amount": 87.0, "side": "buy", "timestamp": 1766029458371}, {"id": "547021389", "price": 0.3644, "amount": 133.0, "side": "buy", "timestamp": 1766029460261}, {"id": "547021390", "price": 0.3644, "amount": 426.0, "side": "buy", "timestamp": 1766029460856}, {"id": "547021391", "price": 0.3644, "amount": 1127.0, "side": "buy", "timestamp": 1766029462130}, {"id": "547021412", "price": 0.3643, "amount": 15.0, "side": "sell", "timestamp": 1766029480478}, {"id": "547021413", "price": 0.3643, "amount": 1372.0, "side": "sell", "timestamp": 1766029480819}, {"id": "547021414", "price": 0.3644, "amount": 12.0, "side": "buy", "timestamp": 1766029482290}, {"id": "547021415", "price": 0.3644, "amount": 738.0, "side": "buy", "timestamp": 1766029484316}, {"id": "547021416", "price": 0.3644, "amount": 82.0, "side": "buy", "timestamp": 1766029485177}, {"id": "547021417", "price": 0.3644, "amount": 14.0, "side": "buy", "timestamp": 1766029486651}, {"id": "547021418", "price": 0.3644, "amount": 34.0, "side": "buy", "timestamp": 1766029487957}, {"id": "547021419", "price": 0.3644, "amount": 12.0, "side": "buy", "timestamp": 1766029488080}, {"id": "547021420", "price": 0.3644, "amount": 15.0, "side": "buy", "timestamp": 1766029491753}, {"id": "547021421", "price": 0.3644, "amount": 274.0, "side": "buy", "timestamp": 1766029491963}, {"id": "547021422", "price": 0.3644, "amount": 58847.0, "side": "buy", "timestamp": 1766029492312}, {"id": "547021423", "price": 0.3645, "amount": 78364.0, "side": "buy", "timestamp": 1766029492312}, {"id": "547021424", "price": 0.3644, "amount": 1850.0, "side": "sell", "timestamp": 1766029493707}, {"id": "547021425", "price": 0.3645, "amount": 318.0, "side": "buy", "timestamp": 1766029494042}, {"id": "547021426", "price": 0.3645, "amount": 21.0, "side": "buy", "timestamp": 1766029494838}, {"id": "547021427", "price": 0.3644, "amount": 1539.0, "side": "sell", "timestamp": 1766029495507}, {"id": "547021428", "price": 0.3644, "amount": 15.0, "side": "buy", "timestamp": 1766029496608}, {"id": "547021429", "price": 0.3644, "amount": 57.0, "side": "buy", "timestamp": 1766029496916}, {"id": "547021430", "price": 0.3643, "amount": 28.0, "side": "sell", "timestamp": 1766029497467}, {"id": "547021431", "price": 0.3643, "amount": 1126.0, "side": "sell", "timestamp": 1766029498269}, {"id": "547021432", "price": 0.3644, "amount": 8.0, "side": "buy", "timestamp": 1766029498427}, {"id": "547021433", "price": 0.3644, "amount": 35.0, "side": "buy", "timestamp": 1766029498588}, {"id": "547021434", "price": 0.3644, "amount": 33.0, "side": "buy", "timestamp": 1766029499668}, {"id": "547021435", "price": 0.3644, "amount": 3574.0, "side": "buy", "timestamp": 1766029501240}, {"id": "547021436", "price": 0.3644, "amount": 16240.0, "side": "sell", "timestamp": 1766029501244}, {"id": "547021437", "price": 0.3644, "amount": 14513.0, "side": "sell", "timestamp": 1766029501458}, {"id": "547021438", "price": 0.3643, "amount": 15837.0, "side": "sell", "timestamp": 1766029501465}, {"id": "547021439", "price": 0.3643, "amount": 21410.0, "side": "sell", "timestamp": 1766029501761}, {"id": "547021440", "price": 0.3643, "amount": 61.0, "side": "buy", "timestamp": 1766029502033}, {"id": "547021441", "price": 0.3643, "amount": 27.0, "side": "sell", "timestamp": 1766029502357}, {"id": "547021442", "price": 0.3644, "amount": 17.0, "side": "buy", "timestamp": 1766029503606}, {"id": "547021443", "price": 0.3643, "amount": 497.0, "side": "sell", "timestamp": 1766029504133}, {"id": "547021444", "price": 0.3642, "amount": 56.0, "side": "sell", "timestamp": 1766029504201}, {"id": "547021445", "price": 0.3642, "amount": 15.0, "side": "sell", "timestamp": 1766029504440}, {"id": "547021446", "price": 0.3642, "amount": 14.0, "side": "sell", "timestamp": 1766029504548}, {"id": "547021447", "price": 0.3642, "amount": 29.0, "side": "sell", "timestamp": 1766029505141}, {"id": "547021448", "price": 0.3642, "amount": 15.0, "side": "sell", "timestamp": 1766029505294}, {"id": "547021449", "price": 0.3643, "amount": 2.0, "side": "buy", "timestamp": 1766029505707}, {"id": "547021450", "price": 0.3642, "amount": 26.0, "side": "sell", "timestamp": 1766029506548}, {"id": "547021451", "price": 0.3642, "amount": 75.0, "side": "sell", "timestamp": 1766029506880}, {"id": "547021452", "price": 0.3642, "amount": 205.0, "side": "sell", "timestamp": 1766029507084}, {"id": "547021453", "price": 0.3643, "amount": 7.0, "side": "buy", "timestamp": 1766029507308}, {"id": "547021454", "price": 0.3643, "amount": 1320.0, "side": "buy", "timestamp": 1766029507638}, {"id": "547021455", "price": 0.3643, "amount": 45747.0, "side": "buy", "timestamp": 1766029507943}, {"id": "547021456", "price": 0.3643, "amount": 32.0, "side": "buy", "timestamp": 1766029508603}, {"id": "547021457", "price": 0.3642, "amount": 21.0, "side": "sell", "timestamp": 1766029509794}, {"id": "547021458", "price": 0.3642, "amount": 25.0, "side": "sell", "timestamp": 1766029509914}, {"id": "547021459", "price": 0.3642, "amount": 174.0, "side": "sell", "timestamp": 1766029511022}, {"id": "547021460", "price": 0.3642, "amount": 49.0, "side": "sell", "timestamp": 1766029512303}, {"id": "547021461", "price": 0.3643, "amount": 3.0, "side": "buy", "timestamp": 1766029512603}, {"id": "547021479", "price": 0.3642, "amount": 46.0, "side": "sell", "timestamp": 1766029526112}, {"id": "547021480", "price": 0.3643, "amount": 20.0, "side": "buy", "timestamp": 1766029526886}, {"id": "547021481", "price": 0.3643, "amount": 11.0, "side": "buy", "timestamp": 1766029527065}, {"id": "547021482", "price": 0.3643, "amount": 1372.0, "side": "buy", "timestamp": 1766029527510}, {"id": "547021483", "price": 0.3643, "amount": 177.0, "side": "buy", "timestamp": 1766029528093}, {"id": "547021484", "price": 0.3643, "amount": 201.0, "side": "buy", "timestamp": 1766029528649}, {"id": "547021485", "price": 0.3642, "amount": 484.0, "side": "sell", "timestamp": 1766029530100}, {"id": "547021486", "price": 0.3643, "amount": 4.0, "side": "buy", "timestamp": 1766029530526}, {"id": "547021487", "price": 0.3643, "amount": 1000.0, "side": "buy", "timestamp": 1766029530696}, {"id": "547021488", "price": 0.3642, "amount": 41.0, "side": "sell", "timestamp": 1766029530985}, {"id": "547021489", "price": 0.3643, "amount": 60.0, "side": "buy", "timestamp": 1766029532121}, {"id": "547021490", "price": 0.3643, "amount": 12.0, "side": "buy", "timestamp": 1766029532438}, {"id": "547021491", "price": 0.3643, "amount": 31.0, "side": "buy", "timestamp": 1766029532794}, {"id": "547021492", "price": 0.3643, "amount": 24.0, "side": "buy", "timestamp": 1766029532895}, {"id": "547021493", "price": 0.3643, "amount": 33.0, "side": "buy", "timestamp": 1766029535673}, {"id": "547021494", "price": 0.3643, "amount": 6.0, "side": "buy", "timestamp": 1766029537337}, {"id": "547021495", "price": 0.3643, "amount": 12.0, "side": "buy", "timestamp": 1766029537605}, {"id": "547021496", "price": 0.3643, "amount": 229.0, "side": "buy", "timestamp": 1766029537797}, {"id": "547021497", "price": 0.3643, "amount": 3.0, "side": "buy", "timestamp": 1766029539667}, {"id": "547021498", "price": 0.3643, "amount": 17.0, "side": "buy", "timestamp": 1766029540312}, {"id": "547021499", "price": 0.3642, "amount": 61.0, "side": "sell", "timestamp": 1766029540847}, {"id": "547021500", "price": 0.3643, "amount": 4833.0, "side": "buy", "timestamp": 1766029542356}, {"id": "547021501", "price": 0.3643, "amount": 1851.0, "side": "buy", "timestamp": 1766029542563}, {"id": "547021502", "price": 0.3644, "amount": 7.0, "side": "buy", "timestamp": 1766029542615}, {"id": "547021503", "price": 0.3644, "amount": 7.0, "side": "buy", "timestamp": 1766029546373}, {"id": "547021504", "price": 0.3644, "amount": 58.0, "side": "buy", "timestamp": 1766029547995}, {"id": "547021505", "price": 0.3644, "amount": 22.0, "side": "buy", "timestamp": 1766029550607}, {"id": "547021506", "price": 0.3644, "amount": 1331.0, "side": "buy", "timestamp": 1766029550951}, {"id": "547021507", "price": 0.3643, "amount": 63.0, "side": "sell", "timestamp": 1766029551749}, {"id": "547021508", "price": 0.3644, "amount": 5.0, "side": "buy", "timestamp": 1766029554018}, {"id": "547021509", "price": 0.3643, "amount": 12481.0, "side": "sell", "timestamp": 1766029556507}, {"id": "547021510", "price": 0.3643, "amount": 85.0, "side": "buy", "timestamp": 1766029558834}, {"id": "547021511", "price": 0.3643, "amount": 14.0, "side": "buy", "timestamp": 1766029558993}, {"id": "547021512", "price": 0.3643, "amount": 5.0, "side": "buy", "timestamp": 1766029559324}, {"id": "547021513", "price": 0.3643, "amount": 1.0, "side": "buy", "timestamp": 1766029560186}, {"id": "547021514", "price": 0.3642, "amount": 26786.0, "side": "sell", "timestamp": 1766029560252}, {"id": "547021515", "price": 0.3642, "amount": 9211.0, "side": "buy", "timestamp": 1766029560409}, {"id": "547021516", "price": 0.3641, "amount": 15.0, "side": "sell", "timestamp": 1766029561490}, {"id": "547021517", "price": 0.3641, "amount": 50.0, "side": "sell", "timestamp": 1766029563234}, {"id": "547021518", "price": 0.3642, "amount": 248.0, "side": "buy", "timestamp": 1766029563620}, {"id": "547021519", "price": 0.3641, "amount": 19.0, "side": "sell", "timestamp": 1766029563766}, {"id": "547021520", "price": 0.3641, "amount": 133.0, "side": "sell", "timestamp": 1766029564090}, {"id": "547021521", "price": 0.3641, "amount": 42.0, "side": "sell", "timestamp": 1766029564313}, {"id": "547021522", "price": 0.3641, "amount": 527.0, "side": "sell", "timestamp": 1766029564456}, {"id": "547021523", "price": 0.3641, "amount": 25.0, "side": "sell", "timestamp": 1766029564885}, {"id": "547021524", "price": 0.3641, "amount": 685.0, "side": "sell", "timestamp": 1766029565295}, {"id": "547021525", "price": 0.3641, "amount": 16.0, "side": "sell", "timestamp": 1766029565501}, {"id": "547021526", "price": 0.3642, "amount": 3.0, "side": "buy", "timestamp": 1766029565584}, {"id": "547021527", "price": 0.3642, "amount": 17.0, "side": "buy", "timestamp": 1766029566224}, {"id": "547021528", "price": 0.3642, "amount": 3997.0, "side": "buy", "timestamp": 1766029566541}, {"id": "547021532", "price": 0.3642, "amount": 58.0, "side": "buy", "timestamp": 1766029570179}, {"id": "547021533", "price": 0.3642, "amount": 383.0, "side": "buy", "timestamp": 1766029570667}, {"id": "547021534", "price": 0.3642, "amount": 39.0, "side": "buy", "timestamp": 1766029571642}, {"id": "547021535", "price": 0.3642, "amount": 12.0, "side": "buy", "timestamp": 1766029572254}, {"id": "547021536", "price": 0.3642, "amount": 35220.0, "side": "buy", "timestamp": 1766029572453}, {"id": "547021537", "price": 0.3642, "amount": 46.0, "side": "sell", "timestamp": 1766029572511}, {"id": "547021538", "price": 0.3643, "amount": 29.0, "side": "buy", "timestamp": 1766029574093}, {"id": "547021539", "price": 0.3643, "amount": 153.0, "side": "buy", "timestamp": 1766029574258}, {"id": "547021540", "price": 0.3643, "amount": 107.0, "side": "buy", "timestamp": 1766029575074}, {"id": "547021541", "price": 0.3642, "amount": 3.0, "side": "sell", "timestamp": 1766029575189}, {"id": "547021542", "price": 0.3643, "amount": 20.0, "side": "buy", "timestamp": 1766029576761}, {"id": "547021543", "price": 0.3643, "amount": 23905.0, "side": "buy", "timestamp": 1766029576921}, {"id": "547021544", "price": 0.3644, "amount": 16.0, "side": "buy", "timestamp": 1766029578282}, {"id": "547021545", "price": 0.3644, "amount": 43.0, "side": "buy", "timestamp": 1766029579161}, {"id": "547021546", "price": 0.3643, "amount": 33.0, "side": "sell", "timestamp": 1766029580154}, {"id": "547021547", "price": 0.3643, "amount": 137.0, "side": "sell", "timestamp": 1766029580345}, {"id": "547021548", "price": 0.3644, "amount": 124.0, "side": "buy", "timestamp": 1766029580851}, {"id": "547021549", "price": 0.3644, "amount": 6.0, "side": "buy", "timestamp": 1766029582913}, {"id": "547021550", "price": 0.3644, "amount": 302.0, "side": "buy", "timestamp": 1766029583232}, {"id": "547021551", "price": 0.3644, "amount": 13239.0, "side": "buy", "timestamp": 1766029583673}, {"id": "547021552", "price": 0.3645, "amount": 34.0, "side": "buy", "timestamp": 1766029584490}, {"id": "547021553", "price": 0.3644, "amount": 137.0, "side": "sell", "timestamp": 1766029584874}, {"id": "547021554", "price": 0.3645, "amount": 15.0, "side": "buy", "timestamp": 1766029584887}, {"id": "547021555", "price": 0.3645, "amount": 184.0, "side": "buy", "timestamp": 1766029585431}, {"id": "547021556", "price": 0.3645, "amount": 23.0, "side": "buy", "timestamp": 1766029585838}, {"id": "547021557", "price": 0.3645, "amount": 9.0, "side": "buy", "timestamp": 1766029587807}, {"id": "547021558", "price": 0.3644, "amount": 35.0, "side": "sell", "timestamp": 1766029588062}, {"id": "547021559", "price": 0.3645, "amount": 18.0, "side": "buy", "timestamp": 1766029588485}, {"id": "547021560", "price": 0.3645, "amount": 14.0, "side": "buy", "timestamp": 1766029588589}, {"id": "547021561", "price": 0.3645, "amount": 26.0, "side": "buy", "timestamp": 1766029589149}, {"id": "547021562", "price": 0.3644, "amount": 17.0, "side": "sell", "timestamp": 1766029589423}, {"id": "547021563", "price": 0.3644, "amount": 568.0, "side": "sell", "timestamp": 1766029590002}, {"id": "547021564", "price": 0.3644, "amount": 27.0, "side": "sell", "timestamp": 1766029590639}, {"id": "547021565", "price": 0.3645, "amount": 3.0, "side": "buy", "timestamp": 1766029591457}, {"id": "547021566", "price": 0.3645, "amount": 274.0, "side": "buy", "timestamp": 1766029596765}, {"id": "547021567", "price": 0.3644, "amount": 15.0, "side": "sell", "timestamp": 1766029597717}, {"id": "547021568", "price": 0.3645, "amount": 22.0, "side": "buy", "timestamp": 1766029599008}, {"id": "547021569", "price": 0.3645, "amount": 30.0, "side": "buy", "timestamp": 1766029600250}, {"id": "547021570", "price": 0.3644, "amount": 22662.0, "side": "sell", "timestamp": 1766029600254}, {"id": "547021571", "price": 0.3644, "amount": 1649.0, "side": "buy", "timestamp": 1766029600514}, {"id": "547021572", "price": 0.3644, "amount": 416.0, "side": "buy", "timestamp": 1766029600896}, {"id": "547021573", "price": 0.3643, "amount": 31.0, "side": "sell", "timestamp": 1766029605877}, {"id": "547021574", "price": 0.3644, "amount": 16.0, "side": "buy", "timestamp": 1766029607494}, {"id": "547021575", "price": 0.3644, "amount": 33.0, "side": "buy", "timestamp": 1766029607662}, {"id": "547021576", "price": 0.3643, "amount": 59.0, "side": "sell", "timestamp": 1766029608137}, {"id": "547021577", "price": 0.3644, "amount": 15.0, "side": "buy", "timestamp": 1766029610765}, {"id": "547021578", "price": 0.3644, "amount": 150.0, "side": "buy", "timestamp": 1766029612311}, {"id": "547021579", "price": 0.3644, "amount": 1809.0, "side": "buy", "timestamp": 1766029612513}, {"id": "547021580", "price": 0.3645, "amount": 8232.0, "side": "buy", "timestamp": 1766029615645}, {"id": "547021581", "price": 0.3645, "amount": 16.0, "side": "buy", "timestamp": 1766029617799}, {"id": "547021591", "price": 0.3645, "amount": 22.0, "side": "buy", "timestamp": 1766029625759}, {"id": "547021592", "price": 0.3644, "amount": 32.0, "side": "sell", "timestamp": 1766029629232}, {"id": "547021593", "price": 0.3645, "amount": 48669.0, "side": "buy", "timestamp": 1766029629767}, {"id": "547021594", "price": 0.3645, "amount": 130.0, "side": "buy", "timestamp": 1766029629882}, {"id": "547021595", "price": 0.3644, "amount": 165.0, "side": "sell", "timestamp": 1766029631065}, {"id": "547021596", "price": 0.3644, "amount": 46.0, "side": "sell", "timestamp": 1766029632318}, {"id": "547021597", "price": 0.3644, "amount": 25.0, "side": "sell", "timestamp": 1766029633418}, {"id": "547021598", "price": 0.3645, "amount": 4.0, "side": "buy", "timestamp": 1766029633565}, {"id": "547021599", "price": 0.3644, "amount": 3173.0, "side": "sell", "timestamp": 1766029634763}, {"id": "547021600", "price": 0.3644, "amount": 15.0, "side": "buy", "timestamp": 1766029636856}, {"id": "547021601", "price": 0.3643, "amount": 40.0, "side": "sell", "timestamp": 1766029637175}, {"id": "547021602", "price": 0.3643, "amount": 45.0, "side": "sell", "timestamp": 1766029639058}, {"id": "547021603", "price": 0.3644, "amount": 3.0, "side": "buy", "timestamp": 1766029639167}, {"id": "547021604", "price": 0.3644, "amount": 22.0, "side": "buy", "timestamp": 1766029642026}, {"id": "547021605", "price": 0.3644, "amount": 5427.0, "side": "buy", "timestamp": 1766029643051}, {"id": "547021606", "price": 0.3644, "amount": 56.0, "side": "sell", "timestamp": 1766029643374}, {"id": "547021607", "price": 0.3645, "amount": 50.0, "side": "buy", "timestamp": 1766029643680}, {"id": "547021608", "price": 0.3645, "amount": 22.0, "side": "buy", "timestamp": 1766029644356}, {"id": "547021609", "price": 0.3645, "amount": 147.0, "side": "buy", "timestamp": 1766029645381}, {"id": "547021610", "price": 0.3645, "amount": 16.0, "side": "buy", "timestamp": 1766029645974}, {"id": "547021611", "price": 0.3644, "amount": 26.0, "side": "sell", "timestamp": 1766029646515}, {"id": "547021612", "price": 0.3644, "amount": 21662.0, "side": "sell", "timestamp": 1766029646742}, {"id": "547021613", "price": 0.3644, "amount": 43.0, "side": "sell", "timestamp": 1766029647156}, {"id": "547021614", "price": 0.3644, "amount": 20.0, "side": "buy", "timestamp": 1766029648908}, {"id": "547021615", "price": 0.3644, "amount": 121.0, "side": "buy", "timestamp": 1766029650659}, {"id": "547021616", "price": 0.3644, "amount": 27442.0, "side": "buy", "timestamp": 1766029651101}, {"id": "547021617", "price": 0.3644, "amount": 29.0, "side": "buy", "timestamp": 1766029651832}, {"id": "547021618", "price": 0.3644, "amount": 4.0, "side": "buy", "timestamp": 1766029652407}, {"id": "547021619", "price": 0.3644, "amount": 79.0, "side": "buy", "timestamp": 1766029653117}, {"id": "547021620", "price": 0.3644, "amount": 14.0, "side": "buy", "timestamp": 1766029655602}, {"id": "547021621", "price": 0.3643, "amount": 20683.0, "side": "sell", "timestamp": 1766029655999}, {"id": "547021622", "price": 0.3643, "amount": 21.0, "side": "buy", "timestamp": 1766029656591}, {"id": "547021623", "price": 0.3642, "amount": 15.0, "side": "sell", "timestamp": 1766029656874}, {"id": "547021624", "price": 0.3643, "amount": 7.0, "side": "buy", "timestamp": 1766029658283}, {"id": "547021625", "price": 0.3643, "amount": 219.0, "side": "buy", "timestamp": 1766029659749}, {"id": "547021626", "price": 0.3643, "amount": 200.0, "side": "buy", "timestamp": 1766029661642}, {"id": "547021627", "price": 0.3642, "amount": 272.0, "side": "sell", "timestamp": 1766029662213}, {"id": "547021628", "price": 0.3643, "amount": 15.0, "side": "buy", "timestamp": 1766029662964}, {"id": "547021629", "price": 0.3643, "amount": 10.0, "side": "buy", "timestamp": 1766029663767}, {"id": "547021630", "price": 0.3643, "amount": 6428.0, "side": "buy", "timestamp": 1766029664615}, {"id": "547021631", "price": 0.3643, "amount": 46.0, "side": "buy", "timestamp": 1766029665036}, {"id": "547021632", "price": 0.3643, "amount": 70.0, "side": "sell", "timestamp": 1766029667147}, {"id": "547021633", "price": 0.3644, "amount": 429.0, "side": "buy", "timestamp": 1766029667807}, {"id": "547021634", "price": 0.3644, "amount": 15.0, "side": "buy", "timestamp": 1766029668598}, {"id": "547021635", "price": 0.3644, "amount": 14.0, "side": "buy", "timestamp": 1766029669066}, {"id": "547021636", "price": 0.3643, "amount": 54.0, "side": "sell", "timestamp": 1766029669656}, {"id": "547021637", "price": 0.3643, "amount": 663.0, "side": "sell", "timestamp": 1766029669763}, {"id": "547021638", "price": 0.3644, "amount": 17.0, "side": "buy", "timestamp": 1766029669816}, {"id": "547021639", "price": 0.3643, "amount": 109.0, "side": "sell", "timestamp": 1766029670348}, {"id": "547021640", "price": 0.3644, "amount": 31.0, "side": "buy", "timestamp": 1766029670609}, {"id": "547021646", "price": 0.3643, "amount": 18.0, "side": "sell", "timestamp": 1766029678835}, {"id": "547021647", "price": 0.3644, "amount": 32.0, "side": "buy", "timestamp": 1766029679662}, {"id": "547021648", "price": 0.3643, "amount": 202.0, "side": "sell", "timestamp": 1766029679939}, {"id": "547021649", "price": 0.3644, "amount": 19.0, "side": "buy", "timestamp": 1766029680814}, {"id": "547021650", "price": 0.3644, "amount": 1.0, "side": "buy", "timestamp": 1766029681184}, {"id": "547021651", "price": 0.3644, "amount": 20.0, "side": "buy", "timestamp": 1766029681345}, {"id": "547021652", "price": 0.3644, "amount": 1.0, "side": "buy", "timestamp": 1766029684276}, {"id": "547021653", "price": 0.3643, "amount": 14.0, "side": "sell", "timestamp": 1766029684532}, {"id": "547021654", "price": 0.3643, "amount": 45.0, "side": "sell", "timestamp": 1766029684908}, {"id": "547021655", "price": 0.3643, "amount": 113.0, "side": "sell", "timestamp": 1766029685101}, {"id": "547021656", "price": 0.3644, "amount": 133.0, "side": "buy", "timestamp": 1766029685221}, {"id": "547021657", "price": 0.3643, "amount": 18.0, "side": "sell", "timestamp": 1766029685233}, {"id": "547021658", "price": 0.3643, "amount": 15.0, "side": "sell", "timestamp": 1766029685602}, {"id": "547021659", "price": 0.3643, "amount": 16.0, "side": "sell", "timestamp": 1766029685897}, {"id": "547021660", "price": 0.3643, "amount": 35.0, "side": "sell", "timestamp": 1766029686019}, {"id": "547021661", "price": 0.3644, "amount": 22.0, "side": "buy", "timestamp": 1766029688481}, {"id": "547021662", "price": 0.3644, "amount": 175.0, "side": "buy", "timestamp": 1766029689887}, {"id": "547021663", "price": 0.3643, "amount": 46.0, "side": "sell", "timestamp": 1766029692444}, {"id": "547021664", "price": 0.3644, "amount": 21.0, "side": "buy", "timestamp": 1766029693534}, {"id": "547021665", "price": 0.3644, "amount": 5992.0, "side": "buy", "timestamp": 1766029693861}, {"id": "547021666", "price": 0.3644, "amount": 28.0, "side": "buy", "timestamp": 1766029694284}, {"id": "547021667", "price": 0.3644, "amount": 1937.0, "side": "buy", "timestamp": 1766029696908}, {"id": "547021668", "price": 0.3644, "amount": 4051.0, "side": "buy", "timestamp": 1766029697990}, {"id": "547021669", "price": 0.3645, "amount": 1250.0, "side": "buy", "timestamp": 1766029697993}, {"id": "547021670", "price": 0.3645, "amount": 1552.0, "side": "buy", "timestamp": 1766029698164}, {"id": "547021671", "price": 0.3645, "amount": 36.0, "side": "buy", "timestamp": 1766029699236}, {"id": "547021672", "price": 0.3645, "amount": 79.0, "side": "buy", "timestamp": 1766029704166}, {"id": "547021673", "price": 0.3645, "amount": 61.0, "side": "buy", "timestamp": 1766029704591}, {"id": "547021674", "price": 0.3645, "amount": 135.0, "side": "buy", "timestamp": 1766029704836}, {"id": "547021675", "price": 0.3645, "amount": 66.0, "side": "buy", "timestamp": 1766029705622}, {"id": "547021676", "price": 0.3645, "amount": 15.0, "side": "buy", "timestamp": 1766029707066}, {"id": "547021677", "price": 0.3645, "amount": 4433.0, "side": "buy", "timestamp": 1766029708088}, {"id": "547021678", "price": 0.3645, "amount": 21.0, "side": "buy", "timestamp": 1766029709435}, {"id": "547021679", "price": 0.3644, "amount": 15.0, "side": "sell", "timestamp": 1766029709638}, {"id": "547021680", "price": 0.3645, "amount": 19.0, "side": "buy", "timestamp": 1766029710031}, {"id": "547021681", "price": 0.3644, "amount": 16.0, "side": "sell", "timestamp": 1766029711091}, {"id": "547021682", "price": 0.3645, "amount": 5.0, "side": "buy", "timestamp": 1766029713285}, {"id": "547021683", "price": 0.3645, "amount": 142.0, "side": "buy", "timestamp": 1766029713695}, {"id": "547021684", "price": 0.3645, "amount": 14.0, "side": "buy", "timestamp": 1766029714800}, {"id": "547021685", "price": 0.3645, "amount": 33.0, "side": "buy", "timestamp": 1766029715687}, {"id": "547021686", "price": 0.3645, "amount": 2000.0, "side": "buy", "timestamp": 1766029715900}, {"id": "547021687", "price": 0.3645, "amount": 16.0, "side": "buy", "timestamp": 1766029716730}, {"id": "547021688", "price": 0.3645, "amount": 31.0, "side": "buy", "timestamp": 1766029717118}, {"id": "547021689", "price": 0.3644, "amount": 22.0, "side": "sell", "timestamp": 1766029717239}, {"id": "547021690", "price": 0.3645, "amount": 31.0, "side": "buy", "timestamp": 1766029718008}, {"id": "547021691", "price": 0.3645, "amount": 344.0, "side": "buy", "timestamp": 1766029718845}, {"id": "547021692", "price": 0.3644, "amount": 15.0, "side": "sell", "timestamp": 1766029719028}, {"id": "547021693", "price": 0.3645, "amount": 21.0, "side": "buy", "timestamp": 1766029721159}, {"id": "547021694", "price": 0.3645, "amount": 17.0, "side": "buy", "timestamp": 1766029721763}, {"id": "547021695", "price": 0.3644, "amount": 21.0, "side": "sell", "timestamp": 1766029721782}, {"id": "547021690", "price": 0.3645, "amount": 31.0, "side": "buy", "timestamp": 1766029718008}, {"id": "547021691", "price": 0.3645, "amount": 344.0, "side": "buy", "timestamp": 1766029718845}, {"id": "547021692", "price": 0.3644, "amount": 15.0, "side": "sell", "timestamp": 1766029719028}, {"id": "547021693", "price": 0.3645, "amount": 21.0, "side": "buy", "timestamp": 1766029721159}, {"id": "547021694", "price": 0.3645, "amount": 17.0, "side": "buy", "timestamp": 1766029721763}, {"id": "547021695", "price": 0.3644, "amount": 21.0, "side": "sell", "timestamp": 1766029721782}, {"id": "547021696", "price": 0.3644, "amount": 1869.0, "side": "sell", "timestamp": 1766029724293}, {"id": "547021697", "price": 0.3645, "amount": 8.0, "side": "buy", "timestamp": 1766029729545}, {"id": "547021698", "price": 0.3644, "amount": 15.0, "side": "sell", "timestamp": 1766029730029}, {"id": "547021699", "price": 0.3645, "amount": 21.0, "side": "buy", "timestamp": 1766029730738}, {"id": "547021700", "price": 0.3645, "amount": 36.0, "side": "buy", "timestamp": 1766029736495}, {"id": "547021701", "price": 0.3645, "amount": 108.0, "side": "buy", "timestamp": 1766029738260}, {"id": "547021702", "price": 0.3645, "amount": 15.0, "side": "buy", "timestamp": 1766029740911}, {"id": "547021703", "price": 0.3644, "amount": 40.0, "side": "sell", "timestamp": 1766029741426}, {"id": "547021704", "price": 0.3644, "amount": 15088.0, "side": "sell", "timestamp": 1766029741727}, {"id": "547021705", "price": 0.3643, "amount": 21.0, "side": "sell", "timestamp": 1766029742186}, {"id": "547021706", "price": 0.3643, "amount": 17.0, "side": "sell", "timestamp": 1766029742615}, {"id": "547021707", "price": 0.3644, "amount": 44.0, "side": "buy", "timestamp": 1766029745009}, {"id": "547021708", "price": 0.3643, "amount": 16.0, "side": "sell", "timestamp": 1766029745307}, {"id": "547021709", "price": 0.3643, "amount": 15.0, "side": "sell", "timestamp": 1766029745456}, {"id": "547021710", "price": 0.3644, "amount": 44.0, "side": "buy", "timestamp": 1766029745639}, {"id": "547021711", "price": 0.3643, "amount": 56.0, "side": "sell", "timestamp": 1766029746947}, {"id": "547021712", "price": 0.3643, "amount": 106.0, "side": "sell", "timestamp": 1766029747110}, {"id": "547021713", "price": 0.3644, "amount": 21.0, "side": "buy", "timestamp": 1766029747349}, {"id": "547021714", "price": 0.3643, "amount": 17.0, "side": "sell", "timestamp": 1766029747394}, {"id": "547021715", "price": 0.3644, "amount": 16.0, "side": "buy", "timestamp": 1766029747816}, {"id": "547021716", "price": 0.3643, "amount": 15.0, "side": "sell", "timestamp": 1766029749994}, {"id": "547021717", "price": 0.3643, "amount": 37.0, "side": "sell", "timestamp": 1766029750195}, {"id": "547021718", "price": 0.3644, "amount": 33.0, "side": "buy", "timestamp": 1766029751672}, {"id": "547021719", "price": 0.3643, "amount": 46.0, "side": "sell", "timestamp": 1766029752398}, {"id": "547021720", "price": 0.3643, "amount": 16.0, "side": "sell", "timestamp": 1766029753801}, {"id": "547021721", "price": 0.3643, "amount": 1500.0, "side": "sell", "timestamp": 1766029754369}, {"id": "547021722", "price": 0.3644, "amount": 3.0, "side": "buy", "timestamp": 1766029754556}, {"id": "547021723", "price": 0.3644, "amount": 29.0, "side": "buy", "timestamp": 1766029755793}, {"id": "547021724", "price": 0.3643, "amount": 15.0, "side": "sell", "timestamp": 1766029757511}, {"id": "547021725", "price": 0.3644, "amount": 2.0, "side": "buy", "timestamp": 1766029760152}, {"id": "547021726", "price": 0.3644, "amount": 274.0, "side": "buy", "timestamp": 1766029760896}, {"id": "547021727", "price": 0.3644, "amount": 15.0, "side": "buy", "timestamp": 1766029762823}, {"id": "547021728", "price": 0.3644, "amount": 10562.0, "side": "buy", "timestamp": 1766029763457}, {"id": "547021729", "price": 0.3645, "amount": 24.0, "side": "buy", "timestamp": 1766029764029}, {"id": "547021730", "price": 0.3645, "amount": 21.0, "side": "buy", "timestamp": 1766029764142}, {"id": "547021731", "price": 0.3645, "amount": 15.0, "side": "buy", "timestamp": 1766029767004}, {"id": "547021732", "price": 0.3645, "amount": 15.0, "side": "buy", "timestamp": 1766029768157}, {"id": "547021733", "price": 0.3645, "amount": 62.0, "side": "buy", "timestamp": 1766029769001}, {"id": "547021734", "price": 0.3645, "amount": 19.0, "side": "buy", "timestamp": 1766029771141}, {"id": "547021735", "price": 0.3644, "amount": 39.0, "side": "sell", "timestamp": 1766029771192}, {"id": "547021736", "price": 0.3645, "amount": 3582.0, "side": "buy", "timestamp": 1766029772419}, {"id": "547021737", "price": 0.3645, "amount": 17.0, "side": "buy", "timestamp": 1766029773886}, {"id": "547021738", "price": 0.3645, "amount": 4.0, "side": "buy", "timestamp": 1766029774194}, {"id": "547021739", "price": 0.3645, "amount": 148.0, "side": "buy", "timestamp": 1766029774746}, {"id": "547021757", "price": 0.3644, "amount": 8.0, "side": "buy", "timestamp": 1766029796206}, {"id": "547021758", "price": 0.3644, "amount": 21.0, "side": "buy", "timestamp": 1766029796707}, {"id": "547021759", "price": 0.3643, "amount": 8161.0, "side": "sell", "timestamp": 1766029797411}, {"id": "547021760", "price": 0.3643, "amount": 56.0, "side": "buy", "timestamp": 1766029797539}, {"id": "547021761", "price": 0.3643, "amount": 144.0, "side": "buy", "timestamp": 1766029799032}, {"id": "547021762", "price": 0.3643, "amount": 41.0, "side": "buy", "timestamp": 1766029799382}, {"id": "547021763", "price": 0.3643, "amount": 14.0, "side": "buy", "timestamp": 1766029800013}, {"id": "547021764", "price": 0.3642, "amount": 12555.0, "side": "sell", "timestamp": 1766029800037}, {"id": "547021765", "price": 0.3641, "amount": 1794.0, "side": "sell", "timestamp": 1766029801127}, {"id": "547021766", "price": 0.3641, "amount": 34.0, "side": "sell", "timestamp": 1766029801459}, {"id": "547021767", "price": 0.3641, "amount": 20.0, "side": "sell", "timestamp": 1766029801733}, {"id": "547021768", "price": 0.3642, "amount": 2.0, "side": "buy", "timestamp": 1766029802193}, {"id": "547021769", "price": 0.3642, "amount": 1333.0, "side": "buy", "timestamp": 1766029803706}, {"id": "547021770", "price": 0.3642, "amount": 58.0, "side": "buy", "timestamp": 1766029804199}, {"id": "547021771", "price": 0.3642, "amount": 1.0, "side": "buy", "timestamp": 1766029805231}, {"id": "547021772", "price": 0.3641, "amount": 30.0, "side": "sell", "timestamp": 1766029805250}, {"id": "547021773", "price": 0.3641, "amount": 19.0, "side": "sell", "timestamp": 1766029806957}, {"id": "547021774", "price": 0.3641, "amount": 31454.0, "side": "sell", "timestamp": 1766029807082}, {"id": "547021775", "price": 0.3641, "amount": 16.0, "side": "buy", "timestamp": 1766029807088}, {"id": "547021776", "price": 0.364, "amount": 16.0, "side": "sell", "timestamp": 1766029807222}, {"id": "547021777", "price": 0.364, "amount": 1107.0, "side": "sell", "timestamp": 1766029807677}, {"id": "547021778", "price": 0.3641, "amount": 24.0, "side": "buy", "timestamp": 1766029807962}, {"id": "547021779", "price": 0.364, "amount": 167.0, "side": "sell", "timestamp": 1766029808188}, {"id": "547021780", "price": 0.3641, "amount": 29.0, "side": "buy", "timestamp": 1766029808932}, {"id": "547021781", "price": 0.3641, "amount": 4230.0, "side": "buy", "timestamp": 1766029809104}, {"id": "547021782", "price": 0.3641, "amount": 127.0, "side": "sell", "timestamp": 1766029809212}, {"id": "547021783", "price": 0.3642, "amount": 1.0, "side": "buy", "timestamp": 1766029809694}, {"id": "547021784", "price": 0.3641, "amount": 16.0, "side": "sell", "timestamp": 1766029809761}, {"id": "547021785", "price": 0.3642, "amount": 59.0, "side": "buy", "timestamp": 1766029810418}, {"id": "547021786", "price": 0.3642, "amount": 13944.0, "side": "buy", "timestamp": 1766029811002}, {"id": "547021787", "price": 0.3642, "amount": 46.0, "side": "sell", "timestamp": 1766029812495}, {"id": "547021788", "price": 0.3643, "amount": 78.0, "side": "buy", "timestamp": 1766029812648}, {"id": "547021789", "price": 0.3643, "amount": 82.0, "side": "buy", "timestamp": 1766029813021}, {"id": "547021790", "price": 0.3643, "amount": 16.0, "side": "buy", "timestamp": 1766029814476}, {"id": "547021791", "price": 0.3642, "amount": 60.0, "side": "sell", "timestamp": 1766029814604}, {"id": "547021792", "price": 0.3643, "amount": 11.0, "side": "buy", "timestamp": 1766029815174}, {"id": "547021793", "price": 0.3643, "amount": 10.0, "side": "buy", "timestamp": 1766029815894}, {"id": "547021794", "price": 0.3643, "amount": 65.0, "side": "buy", "timestamp": 1766029816648}, {"id": "547021795", "price": 0.3643, "amount": 12.0, "side": "buy", "timestamp": 1766029818725}, {"id": "547021796", "price": 0.3643, "amount": 4116.0, "side": "buy", "timestamp": 1766029820354}, {"id": "547021797", "price": 0.3644, "amount": 303.0, "side": "buy", "timestamp": 1766029820466}, {"id": "547021798", "price": 0.3644, "amount": 243.0, "side": "buy", "timestamp": 1766029821223}, {"id": "547021799", "price": 0.3644, "amount": 207.0, "side": "buy", "timestamp": 1766029821965}, {"id": "547021800", "price": 0.3644, "amount": 10528.0, "side": "buy", "timestamp": 1766029822836}, {"id": "547021801", "price": 0.3645, "amount": 66.0, "side": "buy", "timestamp": 1766029823668}, {"id": "547021802", "price": 0.3644, "amount": 537.0, "side": "sell", "timestamp": 1766029824643}, {"id": "547021803", "price": 0.3644, "amount": 325.0, "side": "buy", "timestamp": 1766029825044}, {"id": "547021804", "price": 0.3645, "amount": 9.0, "side": "buy", "timestamp": 1766029826290}, {"id": "547021805", "price": 0.3645, "amount": 4716.0, "side": "buy", "timestamp": 1766029826914}, {"id": "547021806", "price": 0.3646, "amount": 1200.0, "side": "buy", "timestamp": 1766029826914}, {"id": "547021828", "price": 0.3646, "amount": 338.0, "side": "buy", "timestamp": 1766029849207}, {"id": "547021829", "price": 0.3646, "amount": 19151.0, "side": "buy", "timestamp": 1766029850269}, {"id": "547021830", "price": 0.3646, "amount": 43608.0, "side": "sell", "timestamp": 1766029850377}, {"id": "547021831", "price": 0.3646, "amount": 13.0, "side": "buy", "timestamp": 1766029851596}, {"id": "547021832", "price": 0.3646, "amount": 15.0, "side": "buy", "timestamp": 1766029851720}, {"id": "547021833", "price": 0.3646, "amount": 13271.0, "side": "buy", "timestamp": 1766029851941}, {"id": "547021834", "price": 0.3646, "amount": 121.0, "side": "sell", "timestamp": 1766029852399}, {"id": "547021835", "price": 0.3646, "amount": 4104.0, "side": "buy", "timestamp": 1766029852912}, {"id": "547021836", "price": 0.3646, "amount": 22156.0, "side": "buy", "timestamp": 1766029853276}, {"id": "547021837", "price": 0.3647, "amount": 12941.0, "side": "buy", "timestamp": 1766029853276}, {"id": "547021838", "price": 0.3646, "amount": 14.0, "side": "sell", "timestamp": 1766029853286}, {"id": "547021839", "price": 0.3647, "amount": 13.0, "side": "buy", "timestamp": 1766029855162}, {"id": "547021840", "price": 0.3646, "amount": 28.0, "side": "sell", "timestamp": 1766029855382}, {"id": "547021841", "price": 0.3647, "amount": 405.0, "side": "buy", "timestamp": 1766029855785}, {"id": "547021842", "price": 0.3647, "amount": 2065.0, "side": "buy", "timestamp": 1766029856453}, {"id": "547021843", "price": 0.3647, "amount": 16899.0, "side": "buy", "timestamp": 1766029857735}, {"id": "547021844", "price": 0.3648, "amount": 38.0, "side": "buy", "timestamp": 1766029857942}, {"id": "547021845", "price": 0.3648, "amount": 125.0, "side": "buy", "timestamp": 1766029858100}, {"id": "547021846", "price": 0.3648, "amount": 33.0, "side": "buy", "timestamp": 1766029859674}, {"id": "547021847", "price": 0.3648, "amount": 103.0, "side": "buy", "timestamp": 1766029860549}, {"id": "547021848", "price": 0.3647, "amount": 5288.0, "side": "sell", "timestamp": 1766029860684}, {"id": "547021849", "price": 0.3647, "amount": 75.0, "side": "buy", "timestamp": 1766029861568}, {"id": "547021850", "price": 0.3647, "amount": 14708.0, "side": "buy", "timestamp": 1766029862738}, {"id": "547021851", "price": 0.3647, "amount": 372.0, "side": "buy", "timestamp": 1766029863677}, {"id": "547021852", "price": 0.3646, "amount": 31.0, "side": "sell", "timestamp": 1766029864012}, {"id": "547021853", "price": 0.3646, "amount": 34.0, "side": "sell", "timestamp": 1766029864121}, {"id": "547021854", "price": 0.3646, "amount": 82.0, "side": "sell", "timestamp": 1766029864736}, {"id": "547021855", "price": 0.3646, "amount": 82.0, "side": "sell", "timestamp": 1766029865921}, {"id": "547021856", "price": 0.3647, "amount": 82.0, "side": "buy", "timestamp": 1766029866503}, {"id": "547021857", "price": 0.3647, "amount": 10.0, "side": "buy", "timestamp": 1766029866833}, {"id": "547021858", "price": 0.3647, "amount": 82.0, "side": "buy", "timestamp": 1766029868590}, {"id": "547021859", "price": 0.3647, "amount": 21.0, "side": "buy", "timestamp": 1766029870271}, {"id": "547021860", "price": 0.3646, "amount": 87109.0, "side": "sell", "timestamp": 1766029870282}, {"id": "547021861", "price": 0.3645, "amount": 376.0, "side": "sell", "timestamp": 1766029870303}, {"id": "547021862", "price": 0.3645, "amount": 4210.0, "side": "sell", "timestamp": 1766029870879}, {"id": "547021863", "price": 0.3646, "amount": 17750.0, "side": "buy", "timestamp": 1766029870927}, {"id": "547021864", "price": 0.3646, "amount": 12.0, "side": "buy", "timestamp": 1766029872172}, {"id": "547021865", "price": 0.3645, "amount": 8424.0, "side": "sell", "timestamp": 1766029872243}, {"id": "547021866", "price": 0.3644, "amount": 114.0, "side": "sell", "timestamp": 1766029872844}, {"id": "547021867", "price": 0.3645, "amount": 110.0, "side": "buy", "timestamp": 1766029872969}, {"id": "547021868", "price": 0.3646, "amount": 7.0, "side": "buy", "timestamp": 1766029873601}, {"id": "547021869", "price": 0.3646, "amount": 3.0, "side": "buy", "timestamp": 1766029875534}, {"id": "547021870", "price": 0.3645, "amount": 84.0, "side": "sell", "timestamp": 1766029876482}, {"id": "547021871", "price": 0.3646, "amount": 14.0, "side": "buy", "timestamp": 1766029877277}, {"id": "547021872", "price": 0.3646, "amount": 14.0, "side": "buy", "timestamp": 1766029877805}, {"id": "547021873", "price": 0.3646, "amount": 7.0, "side": "buy", "timestamp": 1766029878259}, {"id": "547021874", "price": 0.3646, "amount": 28.0, "side": "buy", "timestamp": 1766029879340}, {"id": "547021875", "price": 0.3645, "amount": 245.0, "side": "sell", "timestamp": 1766029879882}, {"id": "547021876", "price": 0.3645, "amount": 151.0, "side": "sell", "timestamp": 1766029881136}, {"id": "547021877", "price": 0.3646, "amount": 3.0, "side": "buy", "timestamp": 1766029881138}, {"id": "547021884", "price": 0.3648, "amount": 11.0, "side": "buy", "timestamp": 1766029886575}, {"id": "547021885", "price": 0.3647, "amount": 272.0, "side": "sell", "timestamp": 1766029888001}, {"id": "547021886", "price": 0.3648, "amount": 424.0, "side": "buy", "timestamp": 1766029889130}, {"id": "547021887", "price": 0.3648, "amount": 17750.0, "side": "buy", "timestamp": 1766029889480}, {"id": "547021888", "price": 0.3648, "amount": 13.0, "side": "buy", "timestamp": 1766029890490}, {"id": "547021889", "price": 0.3648, "amount": 24844.0, "side": "buy", "timestamp": 1766029892077}, {"id": "547021890", "price": 0.3648, "amount": 17.0, "side": "buy", "timestamp": 1766029893007}, {"id": "547021891", "price": 0.3648, "amount": 53.0, "side": "buy", "timestamp": 1766029894242}, {"id": "547021892", "price": 0.3647, "amount": 15.0, "side": "sell", "timestamp": 1766029895438}, {"id": "547021893", "price": 0.3647, "amount": 33.0, "side": "sell", "timestamp": 1766029895677}, {"id": "547021894", "price": 0.3648, "amount": 2.0, "side": "buy", "timestamp": 1766029896211}, {"id": "547021895", "price": 0.3648, "amount": 22.0, "side": "buy", "timestamp": 1766029896846}, {"id": "547021896", "price": 0.3648, "amount": 410.0, "side": "buy", "timestamp": 1766029898141}, {"id": "547021897", "price": 0.3648, "amount": 21.0, "side": "buy", "timestamp": 1766029899233}, {"id": "547021898", "price": 0.3648, "amount": 6.0, "side": "buy", "timestamp": 1766029900176}, {"id": "547021899", "price": 0.3647, "amount": 33.0, "side": "sell", "timestamp": 1766029900820}, {"id": "547021900", "price": 0.3648, "amount": 14.0, "side": "buy", "timestamp": 1766029901265}, {"id": "547021901", "price": 0.3648, "amount": 14.0, "side": "buy", "timestamp": 1766029903917}, {"id": "547021902", "price": 0.3647, "amount": 548.0, "side": "sell", "timestamp": 1766029904050}, {"id": "547021903", "price": 0.3647, "amount": 29.0, "side": "sell", "timestamp": 1766029905133}, {"id": "547021904", "price": 0.3648, "amount": 8.0, "side": "buy", "timestamp": 1766029905591}, {"id": "547021905", "price": 0.3647, "amount": 34006.0, "side": "sell", "timestamp": 1766029906067}, {"id": "547021906", "price": 0.3648, "amount": 273.0, "side": "buy", "timestamp": 1766029908345}, {"id": "547021907", "price": 0.3647, "amount": 30.0, "side": "sell", "timestamp": 1766029909786}, {"id": "547021908", "price": 0.3648, "amount": 1000.0, "side": "buy", "timestamp": 1766029910260}, {"id": "547021909", "price": 0.3648, "amount": 25.0, "side": "buy", "timestamp": 1766029911694}, {"id": "547021910", "price": 0.3648, "amount": 13.0, "side": "buy", "timestamp": 1766029912734}, {"id": "547021911", "price": 0.3648, "amount": 22.0, "side": "buy", "timestamp": 1766029913314}, {"id": "547021912", "price": 0.3648, "amount": 21.0, "side": "buy", "timestamp": 1766029913756}, {"id": "547021913", "price": 0.3647, "amount": 23.0, "side": "sell", "timestamp": 1766029914399}, {"id": "547021914", "price": 0.3648, "amount": 164.0, "side": "buy", "timestamp": 1766029914728}, {"id": "547021915", "price": 0.3648, "amount": 9.0, "side": "buy", "timestamp": 1766029917150}, {"id": "547021916", "price": 0.3648, "amount": 21.0, "side": "buy", "timestamp": 1766029918177}, {"id": "547021917", "price": 0.3648, "amount": 144.0, "side": "buy", "timestamp": 1766029919986}, {"id": "547021918", "price": 0.3647, "amount": 6955.0, "side": "sell", "timestamp": 1766029921113}, {"id": "547021919", "price": 0.3647, "amount": 297.0, "side": "buy", "timestamp": 1766029921676}, {"id": "547021920", "price": 0.3647, "amount": 272.0, "side": "buy", "timestamp": 1766029922382}, {"id": "547021921", "price": 0.3647, "amount": 1.0, "side": "buy", "timestamp": 1766029923235}, {"id": "547021922", "price": 0.3647, "amount": 13.0, "side": "buy", "timestamp": 1766029923896}, {"id": "547021923", "price": 0.3647, "amount": 82.0, "side": "buy", "timestamp": 1766029924235}, {"id": "547021924", "price": 0.3646, "amount": 34.0, "side": "sell", "timestamp": 1766029925146}, {"id": "547021925", "price": 0.3647, "amount": 685.0, "side": "buy", "timestamp": 1766029926427}, {"id": "547021926", "price": 0.3647, "amount": 2054.0, "side": "buy", "timestamp": 1766029926774}, {"id": "547021927", "price": 0.3647, "amount": 16.0, "side": "sell", "timestamp": 1766029926807}, {"id": "547021928", "price": 0.3648, "amount": 54.0, "side": "buy", "timestamp": 1766029929245}, {"id": "547021929", "price": 0.3648, "amount": 1192.0, "side": "buy", "timestamp": 1766029929759}, {"id": "547021930", "price": 0.3648, "amount": 305.0, "side": "buy", "timestamp": 1766029930975}, {"id": "547021931", "price": 0.3648, "amount": 33.0, "side": "buy", "timestamp": 1766029931671}, {"id": "547021932", "price": 0.3647, "amount": 46.0, "side": "sell", "timestamp": 1766029932479}, {"id": "547021933", "price": 0.3648, "amount": 11.0, "side": "buy", "timestamp": 1766029933392}, {"id": "547021950", "price": 0.3648, "amount": 10.0, "side": "buy", "timestamp": 1766029948012}, {"id": "547021951", "price": 0.3648, "amount": 1120.0, "side": "buy", "timestamp": 1766029948701}, {"id": "547021952", "price": 0.3648, "amount": 14.0, "side": "buy", "timestamp": 1766029949433}, {"id": "547021953", "price": 0.3647, "amount": 14.0, "side": "sell", "timestamp": 1766029949527}, {"id": "547021954", "price": 0.3648, "amount": 46908.0, "side": "buy", "timestamp": 1766029949989}, {"id": "547021955", "price": 0.3648, "amount": 326.0, "side": "buy", "timestamp": 1766029950195}, {"id": "547021956", "price": 0.3647, "amount": 32.0, "side": "sell", "timestamp": 1766029951029}, {"id": "547021957", "price": 0.3648, "amount": 105.0, "side": "buy", "timestamp": 1766029951223}, {"id": "547021958", "price": 0.3648, "amount": 2986.0, "side": "buy", "timestamp": 1766029951349}, {"id": "547021959", "price": 0.3649, "amount": 23.0, "side": "buy", "timestamp": 1766029951610}, {"id": "547021960", "price": 0.3648, "amount": 1131.0, "side": "sell", "timestamp": 1766029952407}, {"id": "547021961", "price": 0.3649, "amount": 109.0, "side": "buy", "timestamp": 1766029952617}, {"id": "547021962", "price": 0.3648, "amount": 1438.0, "side": "sell", "timestamp": 1766029953863}, {"id": "547021963", "price": 0.3648, "amount": 16.0, "side": "buy", "timestamp": 1766029953953}, {"id": "547021964", "price": 0.3648, "amount": 685.0, "side": "buy", "timestamp": 1766029955272}, {"id": "547021965", "price": 0.3648, "amount": 14.0, "side": "buy", "timestamp": 1766029955474}, {"id": "547021966", "price": 0.3648, "amount": 250.0, "side": "buy", "timestamp": 1766029956906}, {"id": "547021967", "price": 0.3648, "amount": 4.0, "side": "buy", "timestamp": 1766029957165}, {"id": "547021968", "price": 0.3648, "amount": 5.0, "side": "buy", "timestamp": 1766029957731}, {"id": "547021969", "price": 0.3648, "amount": 9.0, "side": "buy", "timestamp": 1766029958033}, {"id": "547021970", "price": 0.3647, "amount": 771.0, "side": "sell", "timestamp": 1766029958318}, {"id": "547021971", "price": 0.3648, "amount": 22.0, "side": "buy", "timestamp": 1766029958443}, {"id": "547021972", "price": 0.3648, "amount": 5000.0, "side": "buy", "timestamp": 1766029960232}, {"id": "547021973", "price": 0.3648, "amount": 20.0, "side": "buy", "timestamp": 1766029960696}, {"id": "547021974", "price": 0.3648, "amount": 41.0, "side": "buy", "timestamp": 1766029960851}, {"id": "547021975", "price": 0.3648, "amount": 8.0, "side": "buy", "timestamp": 1766029963384}, {"id": "547021976", "price": 0.3647, "amount": 53.0, "side": "sell", "timestamp": 1766029963583}, {"id": "547021977", "price": 0.3648, "amount": 30.0, "side": "buy", "timestamp": 1766029964104}, {"id": "547021978", "price": 0.3647, "amount": 55.0, "side": "sell", "timestamp": 1766029965851}, {"id": "547021979", "price": 0.3647, "amount": 272.0, "side": "sell", "timestamp": 1766029966434}, {"id": "547021980", "price": 0.3647, "amount": 32.0, "side": "sell", "timestamp": 1766029967670}, {"id": "547021981", "price": 0.3648, "amount": 120.0, "side": "buy", "timestamp": 1766029968845}, {"id": "547021982", "price": 0.3648, "amount": 2.0, "side": "buy", "timestamp": 1766029970330}, {"id": "547021983", "price": 0.3647, "amount": 26.0, "side": "sell", "timestamp": 1766029972290}, {"id": "547021984", "price": 0.3648, "amount": 36385.0, "side": "buy", "timestamp": 1766029973404}, {"id": "547021985", "price": 0.3648, "amount": 13.0, "side": "buy", "timestamp": 1766029973833}, {"id": "547021986", "price": 0.3648, "amount": 21.0, "side": "buy", "timestamp": 1766029975551}, {"id": "547021987", "price": 0.3648, "amount": 13.0, "side": "buy", "timestamp": 1766029976066}, {"id": "547021988", "price": 0.3648, "amount": 264.0, "side": "buy", "timestamp": 1766029976790}, {"id": "547021989", "price": 0.3647, "amount": 121.0, "side": "sell", "timestamp": 1766029978399}, {"id": "547021990", "price": 0.3648, "amount": 27.0, "side": "buy", "timestamp": 1766029978854}, {"id": "547021991", "price": 0.3648, "amount": 12.0, "side": "buy", "timestamp": 1766029979808}, {"id": "547021992", "price": 0.3647, "amount": 19882.0, "side": "sell", "timestamp": 1766029980187}, {"id": "547021993", "price": 0.3647, "amount": 23.0, "side": "buy", "timestamp": 1766029980235}, {"id": "547021994", "price": 0.3647, "amount": 9060.0, "side": "buy", "timestamp": 1766029980621}, {"id": "547021995", "price": 0.3647, "amount": 5870.0, "side": "buy", "timestamp": 1766029981102}, {"id": "547021996", "price": 0.3647, "amount": 15.0, "side": "buy", "timestamp": 1766029981586}, {"id": "547021997", "price": 0.3647, "amount": 9.0, "side": "buy", "timestamp": 1766029982246}, {"id": "547021998", "price": 0.3647, "amount": 18.0, "side": "buy", "timestamp": 1766029984968}, {"id": "547021999", "price": 0.3646, "amount": 15.0, "side": "sell", "timestamp": 1766029984989}]