[{"symbol": "ETHUSDT", "bids": [[2938.47, 3.447], [2938.46, 0.023], [2938.45, 0.016], [2938.44, 0.041], [2938.43, 0.009], [2938.41, 0.049], [2938.4, 0.023], [2938.39, 0.007], [2938.38, 0.266], [2938.37, 0.009], [2938.36, 0.014], [2938.35, 1.428], [2938.34, 0.089], [2938.33, 0.028], [2938.32, 0.274], [2938.31, 0.039], [2938.3, 0.027], [2938.29, 0.905], [2938.28, 0.007], [2938.27, 0.038]], "asks": [[2938.48, 184.166], [2938.49, 27.622], [2938.5, 1.849], [2938.52, 0.016], [2938.53, 0.009], [2938.54, 0.009], [2938.55, 0.014], [2938.56, 0.009], [2938.57, 0.023], [2938.58, 0.041], [2938.59, 0.191], [2938.6, 0.415], [2938.61, 20.014], [2938.62, 5.328], [2938.63, 1.813], [2938.64, 0.485], [2938.65, 3.78], [2938.66, 3.35], [2938.67, 0.014], [2938.68, 1.428]], "timestamp": "2025-12-17T06:04:56.297101+00:00"}, {"symbol": "ETHUSDT", "bids": [[2935.72, 12.667], [2935.71, 0.007], [2935.7, 0.048], [2935.68, 0.209], [2935.67, 0.062], [2935.66, 0.007], [2935.65, 0.023], [2935.63, 0.014], [2935.62, 0.938], [2935.61, 0.014], [2935.6, 0.818], [2935.59, 0.064], [2935.57, 0.014], [2935.56, 0.398], [2935.55, 0.014], [2935.53, 0.072], [2935.52, 0.014], [2935.51, 0.022], [2935.5, 0.102], [2935.49, 0.014]], "asks": [[2935.73, 113.605], [2935.74, 1.37], [2935.75, 0.344], [2935.76, 0.014], [2935.77, 0.708], [2935.78, 0.055], [2935.79, 1.802], [2935.8, 3.332], [2935.81, 3.467], [2935.82, 0.023], [2935.83, 0.688], [2935.84, 0.062], [2935.85, 0.009], [2935.86, 0.09], [2935.87, 0.05], [2935.88, 0.014], [2935.89, 0.031], [2935.9, 0.039], [2935.91, 1.739], [2935.92, 0.608]], "timestamp": "2025-12-17T06:05:48.257024+00:00"}, {"symbol": "ETHUSDT", "bids": [[2934.05, 42.846], [2934.04, 0.014], [2934.03, 0.066], [2934.02, 0.739], [2934.01, 0.016], [2934.0, 0.339], [2933.99, 0.041], [2933.98, 0.021], [2933.97, 0.1], [2933.96, 0.055], [2933.95, 0.046], [2933.94, 0.023], [2933.93, 0.057], [2933.92, 6.842], [2933.91, 1.711], [2933.9, 0.066], [2933.89, 0.007], [2933.88, 0.212], [2933.87, 6.858], [2933.86, 0.078]], "asks": [[2934.06, 150.278], [2934.07, 2.105], [2934.09, 0.19], [2934.1, 0.016], [2934.11, 0.589], [2934.12, 3.81], [2934.13, 0.009], [2934.14, 0.021], [2934.15, 0.057], [2934.16, 0.397], [2934.17, 0.113], [2934.18, 0.388], [2934.19, 0.041], [2934.2, 0.007], [2934.21, 0.233], [2934.22, 0.016], [2934.23, 0.014], [2934.24, 0.041], [2934.25, 0.031], [2934.26, 0.007]], "timestamp": "2025-12-17T06:06:41.575065+00:00"}, {"symbol": "ETHUSDT", "bids": [[2935.09, 70.742], [2935.08, 2.572], [2935.07, 0.069], [2935.06, 0.014], [2935.05, 0.092], [2935.04, 0.014], [2935.03, 0.014], [2935.02, 0.075], [2935.01, 0.009], [2935.0, 1.334], [2934.99, 1.728], [2934.98, 0.014], [2934.97, 0.041], [2934.96, 0.038], [2934.95, 0.04], [2934.94, 4.066], [2934.93, 0.007], [2934.92, 0.022], [2934.91, 0.019], [2934.9, 2.66]], "asks": [[2935.1, 39.872], [2935.11, 2.028], [2935.13, 1.891], [2935.14, 0.066], [2935.16, 3.383], [2935.17, 0.078], [2935.18, 1.009], [2935.19, 0.021], [2935.2, 8.876], [2935.21, 1.219], [2935.22, 0.007], [2935.23, 3.256], [2935.24, 1.178], [2935.25, 0.023], [2935.26, 0.412], [2935.27, 0.023], [2935.28, 0.016], [2935.29, 0.751], [2935.3, 0.031], [2935.31, 0.028]], "timestamp": "2025-12-17T06:07:33.792000+00:00"}, {"symbol": "ETHUSDT", "bids": [[2935.0, 58.603], [2934.99, 0.621], [2934.98, 0.125], [2934.97, 0.037], [2934.96, 0.016], [2934.95, 0.373], [2934.94, 1.42], [2934.93, 0.023], [2934.92, 0.732], [2934.91, 0.07], [2934.9, 0.053], [2934.89, 0.014], [2934.88, 1.74], [2934.87, 2.242], [2934.86, 5.98], [2934.85, 0.014], [2934.84, 0.018], [2934.83, 0.137], [2934.82, 0.091], [2934.81, 1.581]], "asks": [[2935.01, 64.102], [2935.02, 1.32], [2935.03, 0.014], [2935.05, 5.46], [2935.06, 9.402], [2935.07, 0.211], [2935.08, 2.994], [2935.09, 1.713], [2935.1, 8.835], [2935.11, 0.455], [2935.12, 0.865], [2935.13, 0.048], [2935.14, 0.047], [2935.15, 0.205], [2935.16, 0.021], [2935.17, 0.73], [2935.18, 1.735], [2935.19, 1.432], [2935.2, 0.03], [2935.21, 0.152]], "timestamp": "2025-12-17T06:08:25.918729+00:00"}, {"symbol": "ETHUSDT", "bids": [[2937.11, 158.366], [2937.1, 0.075], [2937.09, 0.041], [2937.07, 0.018], [2937.06, 0.055], [2937.04, 1.735], [2937.02, 0.014], [2937.01, 0.059], [2937.0, 0.331], [2936.99, 1.11], [2936.98, 0.087], [2936.97, 3.24], [2936.96, 0.018], [2936.95, 0.656], [2936.94, 0.055], [2936.93, 1.362], [2936.92, 0.041], [2936.91, 2.164], [2936.9, 0.014], [2936.89, 0.03]], "asks": [[2937.12, 8.825], [2937.13, 0.156], [2937.14, 0.009], [2937.15, 0.019], [2937.16, 1.421], [2937.17, 0.014], [2937.18, 0.009], [2937.19, 0.387], [2937.2, 0.014], [2937.22, 0.059], [2937.23, 0.043], [2937.24, 0.186], [2937.25, 0.862], [2937.26, 0.009], [2937.27, 0.016], [2937.28, 0.437], [2937.29, 1.302], [2937.3, 1.236], [2937.31, 4.006], [2937.32, 0.045]], "timestamp": "2025-12-17T06:09:17.597737+00:00"}, {"symbol": "ETHUSDT", "bids": [[2940.4, 37.436], [2940.39, 0.007], [2940.38, 0.048], [2940.36, 0.009], [2940.34, 0.05], [2940.33, 0.014], [2940.31, 0.064], [2940.3, 0.016], [2940.29, 0.014], [2940.28, 0.023], [2940.27, 0.055], [2940.26, 0.008], [2940.25, 0.009], [2940.24, 0.048], [2940.23, 0.761], [2940.22, 0.017], [2940.21, 0.021], [2940.2, 0.094], [2940.19, 1.384], [2940.18, 0.015]], "asks": [[2940.41, 117.207], [2940.42, 1.004], [2940.43, 0.009], [2940.44, 0.05], [2940.45, 0.008], [2940.46, 0.023], [2940.47, 0.079], [2940.48, 0.038], [2940.49, 0.024], [2940.5, 0.025], [2940.51, 0.615], [2940.52, 0.843], [2940.53, 0.008], [2940.54, 1.722], [2940.55, 0.187], [2940.56, 0.069], [2940.57, 0.039], [2940.58, 0.108], [2940.6, 0.915], [2940.61, 4.636]], "timestamp": "2025-12-17T06:10:09.286414+00:00"}, {"symbol": "ETHUSDT", "bids": [[2937.99, 115.124], [2937.98, 2.231], [2937.96, 0.381], [2937.95, 0.142], [2937.94, 0.631], [2937.93, 10.206], [2937.92, 0.073], [2937.91, 0.018], [2937.9, 7.321], [2937.89, 13.5], [2937.88, 1.518], [2937.87, 1.402], [2937.86, 0.021], [2937.85, 1.029], [2937.84, 0.066], [2937.83, 0.029], [2937.81, 0.03], [2937.8, 2.499], [2937.79, 1.961], [2937.78, 0.371]], "asks": [[2938.0, 138.574], [2938.01, 0.056], [2938.02, 0.009], [2938.03, 0.037], [2938.04, 0.071], [2938.05, 0.318], [2938.06, 0.036], [2938.08, 0.032], [2938.09, 0.055], [2938.1, 0.272], [2938.11, 0.046], [2938.12, 0.028], [2938.13, 0.009], [2938.14, 0.105], [2938.15, 0.007], [2938.16, 0.117], [2938.17, 0.055], [2938.18, 0.037], [2938.19, 0.022], [2938.2, 0.066]], "timestamp": "2025-12-17T06:11:01.375955+00:00"}, {"symbol": "ETHUSDT", "bids": [[2940.79, 453.767], [2940.77, 14.36], [2940.76, 9.512], [2940.75, 96.435], [2940.74, 97.908], [2940.73, 8.063], [2940.72, 48.4], [2940.71, 60.817], [2940.7, 3.282], [2940.69, 0.68], [2940.67, 0.059], [2940.66, 0.191], [2940.64, 0.882], [2940.63, 0.018], [2940.62, 7.883], [2940.61, 0.041], [2940.6, 0.673], [2940.59, 0.018], [2940.58, 1.715], [2940.57, 0.016]], "asks": [[2940.8, 1.454], [2940.82, 0.029], [2940.83, 0.181], [2940.84, 0.07], [2940.85, 0.009], [2940.86, 0.066], [2940.87, 0.009], [2940.88, 0.074], [2940.89, 0.066], [2940.9, 0.047], [2940.91, 0.072], [2940.92, 0.056], [2940.93, 0.038], [2940.94, 0.056], [2940.95, 0.059], [2940.96, 0.685], [2940.97, 0.512], [2940.98, 0.086], [2940.99, 0.212], [2941.0, 54.05]], "timestamp": "2025-12-17T06:11:52.905354+00:00"}, {"symbol": "ETHUSDT", "bids": [[2939.33, 48.008], [2939.32, 0.071], [2939.3, 0.023], [2939.29, 0.025], [2939.28, 0.063], [2939.27, 0.016], [2939.26, 0.03], [2939.25, 0.041], [2939.24, 0.045], [2939.23, 0.016], [2939.22, 0.018], [2939.21, 0.076], [2939.2, 0.035], [2939.19, 6.075], [2939.18, 0.069], [2939.17, 2.373], [2939.16, 1.008], [2939.15, 0.025], [2939.14, 0.771], [2939.13, 2.064]], "asks": [[2939.34, 63.467], [2939.35, 5.015], [2939.37, 0.007], [2939.38, 0.018], [2939.39, 1.416], [2939.4, 0.106], [2939.41, 0.371], [2939.42, 0.05], [2939.43, 1.723], [2939.44, 0.262], [2939.45, 0.059], [2939.46, 0.392], [2939.48, 0.413], [2939.49, 0.833], [2939.5, 0.07], [2939.51, 0.025], [2939.52, 0.014], [2939.53, 1.434], [2939.54, 0.008], [2939.55, 0.014]], "timestamp": "2025-12-17T06:12:44.490115+00:00"}, {"symbol": "ETHUSDT", "bids": [[2938.54, 57.205], [2938.53, 0.147], [2938.52, 0.091], [2938.51, 0.057], [2938.5, 0.05], [2938.49, 0.055], [2938.48, 4.168], [2938.47, 0.153], [2938.46, 0.007], [2938.45, 2.106], [2938.44, 0.018], [2938.43, 0.141], [2938.42, 5.937], [2938.41, 8.54], [2938.4, 0.032], [2938.39, 2.675], [2938.38, 0.014], [2938.37, 0.704], [2938.36, 0.055], [2938.35, 6.87]], "asks": [[2938.55, 66.519], [2938.56, 1.328], [2938.57, 0.048], [2938.58, 0.015], [2938.59, 0.719], [2938.6, 0.08], [2938.61, 0.007], [2938.62, 0.569], [2938.63, 1.11], [2938.64, 0.911], [2938.65, 0.032], [2938.66, 0.016], [2938.67, 0.021], [2938.68, 0.08], [2938.69, 0.329], [2938.7, 0.007], [2938.71, 0.071], [2938.72, 0.043], [2938.73, 0.028], [2938.74, 0.048]], "timestamp": "2025-12-17T06:13:35.857729+00:00"}, {"symbol": "ETHUSDT", "bids": [[2939.58, 0.098], [2939.57, 0.007], [2939.56, 0.397], [2939.55, 0.059], [2939.54, 0.009], [2939.53, 0.014], [2939.52, 0.411], [2939.51, 0.016], [2939.5, 1.277], [2939.49, 1.378], [2939.48, 0.58], [2939.46, 0.404], [2939.45, 0.016], [2939.44, 0.047], [2939.43, 1.425], [2939.42, 0.03], [2939.41, 0.614], [2939.4, 1.795], [2939.39, 0.687], [2939.38, 0.021]], "asks": [[2939.59, 158.898], [2939.6, 0.448], [2939.62, 0.048], [2939.63, 0.025], [2939.64, 0.014], [2939.65, 8.787], [2939.66, 0.032], [2939.67, 0.007], [2939.68, 0.041], [2939.69, 0.034], [2939.7, 0.025], [2939.71, 0.049], [2939.72, 0.025], [2939.73, 0.082], [2939.74, 0.048], [2939.75, 0.033], [2939.76, 0.014], [2939.77, 1.411], [2939.78, 0.012], [2939.79, 0.756]], "timestamp": "2025-12-17T06:14:27.323114+00:00"}, {"symbol": "ETHUSDT", "bids": [[2939.86, 142.934], [2939.85, 13.845], [2939.84, 0.982], [2939.83, 0.064], [2939.82, 0.039], [2939.81, 6.809], [2939.8, 0.446], [2939.79, 0.358], [2939.78, 1.915], [2939.77, 3.606], [2939.76, 0.05], [2939.75, 1.382], [2939.74, 0.74], [2939.73, 1.115], [2939.72, 0.464], [2939.71, 25.567], [2939.7, 0.841], [2939.69, 0.996], [2939.68, 18.67], [2939.67, 0.036]], "asks": [[2939.87, 28.964], [2939.88, 0.049], [2939.91, 0.059], [2939.92, 0.014], [2939.94, 0.096], [2939.96, 0.014], [2939.97, 0.066], [2939.98, 0.014], [2939.99, 0.087], [2940.0, 0.087], [2940.01, 0.034], [2940.02, 0.014], [2940.03, 0.074], [2940.04, 0.014], [2940.06, 0.064], [2940.07, 0.015], [2940.08, 0.065], [2940.09, 0.86], [2940.1, 0.053], [2940.11, 0.058]], "timestamp": "2025-12-17T06:15:19.446900+00:00"}, {"symbol": "ETHUSDT", "bids": [[2940.57, 19.645], [2940.56, 0.048], [2940.54, 0.068], [2940.53, 0.018], [2940.52, 0.007], [2940.51, 0.607], [2940.5, 3.452], [2940.49, 0.316], [2940.48, 0.021], [2940.47, 0.066], [2940.46, 0.039], [2940.45, 0.179], [2940.44, 0.057], [2940.43, 1.355], [2940.42, 0.356], [2940.41, 0.025], [2940.4, 0.424], [2940.39, 0.983], [2940.38, 0.008], [2940.37, 0.071]], "asks": [[2940.58, 70.532], [2940.59, 1.716], [2940.6, 0.023], [2940.61, 0.059], [2940.62, 1.377], [2940.63, 0.879], [2940.64, 0.547], [2940.65, 0.014], [2940.66, 0.088], [2940.67, 0.031], [2940.68, 1.016], [2940.69, 0.028], [2940.7, 0.027], [2940.71, 1.773], [2940.72, 0.023], [2940.73, 0.03], [2940.74, 1.37], [2940.75, 0.855], [2940.76, 0.9], [2940.77, 0.021]], "timestamp": "2025-12-17T06:16:11.400797+00:00"}, {"symbol": "ETHUSDT", "bids": [[2938.45, 109.226], [2938.44, 0.296], [2938.43, 0.041], [2938.42, 0.023], [2938.41, 0.025], [2938.4, 0.055], [2938.39, 0.442], [2938.38, 1.734], [2938.37, 0.041], [2938.36, 0.021], [2938.35, 1.0], [2938.34, 0.107], [2938.33, 0.041], [2938.32, 0.044], [2938.31, 15.754], [2938.3, 26.362], [2938.29, 1.702], [2938.28, 3.613], [2938.27, 0.084], [2938.26, 0.527]], "asks": [[2938.46, 42.849], [2938.47, 0.263], [2938.48, 0.009], [2938.49, 0.115], [2938.5, 1.741], [2938.51, 0.023], [2938.52, 0.057], [2938.53, 0.021], [2938.54, 0.018], [2938.55, 0.071], [2938.56, 0.024], [2938.57, 0.014], [2938.58, 0.59], [2938.59, 2.598], [2938.6, 0.837], [2938.61, 0.077], [2938.62, 7.511], [2938.63, 0.014], [2938.64, 1.709], [2938.65, 0.038]], "timestamp": "2025-12-17T06:17:03.102757+00:00"}, {"symbol": "ETHUSDT", "bids": [[2936.98, 142.057], [2936.97, 0.247], [2936.96, 0.009], [2936.94, 0.542], [2936.93, 1.051], [2936.92, 0.049], [2936.91, 1.785], [2936.9, 0.011], [2936.89, 0.014], [2936.88, 0.023], [2936.87, 1.246], [2936.86, 1.362], [2936.85, 0.023], [2936.83, 0.064], [2936.82, 20.567], [2936.81, 0.049], [2936.8, 0.041], [2936.79, 0.038], [2936.78, 2.641], [2936.77, 20.033]], "asks": [[2936.99, 47.927], [2937.0, 0.706], [2937.01, 0.048], [2937.02, 0.016], [2937.03, 0.007], [2937.04, 0.062], [2937.05, 0.009], [2937.06, 0.03], [2937.07, 0.269], [2937.08, 0.374], [2937.09, 0.505], [2937.1, 0.041], [2937.11, 0.023], [2937.12, 1.868], [2937.13, 0.008], [2937.14, 0.014], [2937.15, 0.916], [2937.16, 7.51], [2937.17, 0.032], [2937.18, 0.742]], "timestamp": "2025-12-17T06:17:54.362761+00:00"}, {"symbol": "ETHUSDT", "bids": [[2937.27, 12.006], [2937.26, 0.049], [2937.25, 0.084], [2937.24, 0.077], [2937.23, 0.059], [2937.22, 0.028], [2937.2, 0.055], [2937.19, 0.342], [2937.17, 0.007], [2937.16, 0.066], [2937.15, 0.018], [2937.14, 0.007], [2937.13, 0.062], [2937.12, 0.018], [2937.11, 0.86], [2937.1, 0.071], [2937.09, 0.023], [2937.08, 0.007], [2937.07, 1.457], [2937.06, 0.042]], "asks": [[2937.28, 96.023], [2937.29, 1.982], [2937.3, 0.023], [2937.31, 0.041], [2937.32, 0.056], [2937.33, 0.078], [2937.34, 0.055], [2937.35, 0.03], [2937.36, 1.004], [2937.37, 0.014], [2937.38, 0.297], [2937.39, 0.03], [2937.4, 4.59], [2937.41, 0.078], [2937.42, 24.168], [2937.43, 150.081], [2937.44, 0.211], [2937.45, 0.057], [2937.46, 0.014], [2937.47, 0.009]], "timestamp": "2025-12-17T06:18:45.813885+00:00"}, {"symbol": "ETHUSDT", "bids": [[2937.89, 56.125], [2937.88, 0.175], [2937.87, 0.007], [2937.86, 0.007], [2937.85, 0.059], [2937.84, 0.221], [2937.83, 0.007], [2937.82, 0.073], [2937.81, 0.361], [2937.8, 3.085], [2937.79, 0.025], [2937.78, 1.119], [2937.77, 0.015], [2937.76, 0.298], [2937.75, 0.048], [2937.74, 2.718], [2937.73, 0.033], [2937.72, 0.083], [2937.7, 0.076], [2937.69, 1.805]], "asks": [[2937.9, 39.088], [2937.91, 0.071], [2937.92, 0.057], [2937.93, 0.179], [2937.94, 0.025], [2937.95, 0.048], [2937.96, 0.389], [2937.97, 0.046], [2937.98, 4.621], [2937.99, 7.882], [2938.0, 8.6], [2938.01, 0.014], [2938.02, 0.403], [2938.03, 0.083], [2938.04, 0.442], [2938.05, 0.919], [2938.06, 0.017], [2938.07, 0.014], [2938.08, 0.031], [2938.09, 0.115]], "timestamp": "2025-12-17T06:19:37.232079+00:00"}, {"symbol": "ETHUSDT", "bids": [[2938.98, 58.769], [2938.97, 0.023], [2938.96, 0.051], [2938.95, 0.024], [2938.94, 0.787], [2938.93, 1.461], [2938.92, 0.017], [2938.91, 0.049], [2938.9, 0.051], [2938.89, 1.812], [2938.88, 0.028], [2938.86, 0.07], [2938.85, 0.041], [2938.84, 0.053], [2938.83, 0.816], [2938.82, 0.055], [2938.81, 0.008], [2938.8, 5.947], [2938.79, 0.05], [2938.78, 0.014]], "asks": [[2938.99, 40.867], [2939.0, 6.649], [2939.01, 0.042], [2939.02, 0.023], [2939.03, 0.107], [2939.04, 0.056], [2939.05, 7.533], [2939.06, 0.767], [2939.07, 0.018], [2939.08, 0.023], [2939.09, 0.062], [2939.1, 0.025], [2939.11, 0.065], [2939.12, 0.041], [2939.13, 0.174], [2939.14, 0.211], [2939.15, 0.144], [2939.16, 0.993], [2939.17, 1.736], [2939.18, 0.057]], "timestamp": "2025-12-17T06:20:28.766649+00:00"}, {"symbol": "ETHUSDT", "bids": [[2937.15, 10.815], [2937.14, 0.031], [2937.13, 0.103], [2937.12, 0.08], [2937.11, 0.219], [2937.1, 2.229], [2937.09, 0.059], [2937.08, 0.132], [2937.07, 0.016], [2937.06, 0.036], [2937.05, 0.018], [2937.04, 0.048], [2937.03, 0.045], [2937.02, 0.108], [2937.01, 0.525], [2937.0, 0.551], [2936.99, 0.297], [2936.98, 1.369], [2936.97, 1.725], [2936.96, 0.109]], "asks": [[2937.16, 128.346], [2937.17, 0.112], [2937.18, 0.34], [2937.19, 0.007], [2937.2, 0.484], [2937.21, 0.701], [2937.23, 0.032], [2937.24, 0.062], [2937.25, 0.014], [2937.26, 1.451], [2937.27, 0.08], [2937.28, 0.076], [2937.29, 0.018], [2937.3, 0.181], [2937.32, 1.241], [2937.33, 0.14], [2937.34, 2.717], [2937.35, 0.016], [2937.36, 0.055], [2937.37, 0.022]], "timestamp": "2025-12-17T06:21:20.280276+00:00"}, {"symbol": "ETHUSDT", "bids": [[2936.85, 43.81], [2936.84, 0.055], [2936.82, 0.016], [2936.81, 0.025], [2936.8, 0.055], [2936.79, 0.007], [2936.78, 0.055], [2936.77, 0.041], [2936.76, 0.014], [2936.75, 0.025], [2936.74, 1.758], [2936.72, 0.046], [2936.7, 0.077], [2936.69, 0.018], [2936.68, 0.014], [2936.67, 0.018], [2936.66, 0.25], [2936.65, 1.196], [2936.64, 3.107], [2936.63, 0.041]], "asks": [[2936.86, 99.383], [2936.87, 0.753], [2936.88, 0.355], [2936.89, 0.032], [2936.9, 0.066], [2936.91, 0.022], [2936.92, 0.832], [2936.93, 0.073], [2936.94, 0.025], [2936.95, 0.028], [2936.96, 3.124], [2936.97, 0.029], [2936.98, 0.024], [2936.99, 0.144], [2937.0, 0.038], [2937.02, 0.04], [2937.03, 0.041], [2937.04, 2.613], [2937.05, 6.026], [2937.06, 0.105]], "timestamp": "2025-12-17T06:22:11.606053+00:00"}, {"symbol": "ETHUSDT", "bids": [[2936.99, 100.782], [2936.98, 0.021], [2936.97, 0.048], [2936.96, 0.038], [2936.95, 2.97], [2936.94, 5.548], [2936.93, 3.506], [2936.92, 2.687], [2936.91, 0.059], [2936.9, 1.73], [2936.89, 0.183], [2936.88, 0.307], [2936.87, 0.409], [2936.86, 0.085], [2936.85, 11.306], [2936.84, 2.673], [2936.83, 1.813], [2936.82, 0.032], [2936.81, 0.194], [2936.8, 0.913]], "asks": [[2937.0, 24.369], [2937.01, 0.16], [2937.02, 0.018], [2937.03, 0.039], [2937.04, 1.424], [2937.05, 0.734], [2937.06, 10.651], [2937.07, 0.056], [2937.08, 0.032], [2937.09, 1.888], [2937.1, 0.115], [2937.11, 0.259], [2937.12, 0.735], [2937.13, 0.039], [2937.14, 0.041], [2937.15, 1.305], [2937.16, 0.036], [2937.17, 0.07], [2937.18, 0.016], [2937.19, 0.702]], "timestamp": "2025-12-17T06:23:02.947807+00:00"}, {"symbol": "ETHUSDT", "bids": [[2939.27, 15.121], [2939.26, 0.007], [2939.24, 0.055], [2939.23, 0.018], [2939.22, 0.014], [2939.21, 0.048], [2939.2, 0.032], [2939.18, 0.055], [2939.17, 0.027], [2939.16, 0.021], [2939.14, 0.032], [2939.13, 0.041], [2939.12, 0.014], [2939.11, 0.025], [2939.1, 0.021], [2939.09, 0.764], [2939.08, 0.874], [2939.07, 0.011], [2939.06, 1.31], [2939.05, 0.058]], "asks": [[2939.28, 101.514], [2939.29, 0.064], [2939.3, 1.24], [2939.31, 2.073], [2939.32, 0.05], [2939.33, 0.014], [2939.34, 0.017], [2939.35, 0.638], [2939.36, 0.435], [2939.37, 3.327], [2939.38, 0.024], [2939.39, 0.014], [2939.4, 2.218], [2939.41, 0.018], [2939.42, 1.742], [2939.43, 4.635], [2939.44, 0.957], [2939.45, 0.111], [2939.46, 0.824], [2939.47, 0.217]], "timestamp": "2025-12-17T06:23:54.510295+00:00"}, {"symbol": "ETHUSDT", "bids": [[2941.25, 33.255], [2941.24, 0.048], [2941.22, 0.007], [2941.21, 0.259], [2941.2, 0.036], [2941.19, 0.278], [2941.18, 0.073], [2941.17, 7.077], [2941.16, 1.714], [2941.15, 7.278], [2941.14, 7.82], [2941.13, 0.015], [2941.12, 0.344], [2941.11, 0.038], [2941.1, 2.257], [2941.09, 11.136], [2941.08, 5.12], [2941.07, 6.513], [2941.06, 1.71], [2941.05, 17.591]], "asks": [[2941.26, 113.652], [2941.27, 0.008], [2941.28, 0.048], [2941.29, 0.346], [2941.3, 0.018], [2941.31, 0.055], [2941.33, 0.032], [2941.34, 0.05], [2941.35, 0.014], [2941.36, 0.018], [2941.37, 0.041], [2941.38, 0.029], [2941.39, 0.018], [2941.4, 0.06], [2941.41, 0.076], [2941.42, 1.726], [2941.43, 0.023], [2941.44, 2.826], [2941.45, 0.906], [2941.46, 6.051]], "timestamp": "2025-12-17T06:24:46.008786+00:00"}, {"symbol": "ETHUSDT", "bids": [[2940.61, 173.68], [2940.6, 30.385], [2940.59, 0.007], [2940.58, 0.048], [2940.57, 0.195], [2940.56, 10.227], [2940.55, 38.961], [2940.54, 39.638], [2940.53, 50.041], [2940.52, 44.613], [2940.51, 2.346], [2940.5, 0.122], [2940.49, 0.76], [2940.48, 0.274], [2940.47, 0.354], [2940.46, 0.022], [2940.45, 0.42], [2940.44, 0.435], [2940.43, 0.03], [2940.42, 0.761]], "asks": [[2940.62, 7.818], [2940.63, 1.992], [2940.66, 0.08], [2940.67, 0.054], [2940.68, 0.008], [2940.69, 0.073], [2940.7, 0.018], [2940.72, 0.081], [2940.73, 0.011], [2940.74, 0.064], [2940.75, 0.104], [2940.76, 0.015], [2940.77, 0.441], [2940.78, 0.139], [2940.79, 0.079], [2940.8, 0.015], [2940.81, 0.111], [2940.82, 0.125], [2940.83, 0.016], [2940.84, 1.365]], "timestamp": "2025-12-17T06:25:37.744005+00:00"}, {"symbol": "ETHUSDT", "bids": [[2938.99, 18.981], [2938.98, 0.033], [2938.97, 0.059], [2938.96, 0.025], [2938.95, 0.673], [2938.94, 3.626], [2938.93, 0.018], [2938.92, 0.014], [2938.91, 0.114], [2938.9, 0.052], [2938.88, 0.069], [2938.87, 0.06], [2938.86, 0.024], [2938.85, 0.081], [2938.84, 1.144], [2938.83, 1.725], [2938.82, 0.149], [2938.81, 0.225], [2938.8, 0.334], [2938.79, 0.057]], "asks": [[2939.0, 69.077], [2939.01, 0.581], [2939.02, 0.058], [2939.03, 0.857], [2939.04, 0.066], [2939.05, 0.021], [2939.06, 0.025], [2939.07, 0.064], [2939.08, 0.007], [2939.09, 0.048], [2939.1, 0.451], [2939.11, 0.032], [2939.12, 0.022], [2939.13, 3.346], [2939.14, 0.25], [2939.15, 1.361], [2939.16, 0.029], [2939.17, 0.08], [2939.18, 7.498], [2939.2, 0.172]], "timestamp": "2025-12-17T06:26:29.207691+00:00"}, {"symbol": "ETHUSDT", "bids": [[2938.47, 100.679], [2938.46, 0.021], [2938.45, 0.007], [2938.44, 3.027], [2938.43, 10.227], [2938.42, 0.028], [2938.41, 0.007], [2938.4, 0.082], [2938.39, 0.524], [2938.38, 0.042], [2938.37, 3.798], [2938.36, 0.021], [2938.35, 6.882], [2938.34, 0.248], [2938.33, 1.394], [2938.32, 8.45], [2938.31, 0.088], [2938.3, 0.132], [2938.29, 0.879], [2938.28, 1.359]], "asks": [[2938.48, 0.932], [2938.49, 0.801], [2938.5, 3.235], [2938.51, 0.406], [2938.52, 0.007], [2938.53, 0.016], [2938.54, 0.998], [2938.55, 0.071], [2938.56, 0.007], [2938.57, 0.056], [2938.58, 0.025], [2938.59, 0.024], [2938.6, 0.545], [2938.61, 0.031], [2938.62, 0.513], [2938.63, 0.085], [2938.64, 0.03], [2938.65, 0.064], [2938.66, 0.021], [2938.67, 0.015]], "timestamp": "2025-12-17T06:27:20.607376+00:00"}, {"symbol": "ETHUSDT", "bids": [[2939.34, 106.142], [2939.33, 1.716], [2939.31, 0.007], [2939.3, 0.097], [2939.29, 0.021], [2939.27, 0.032], [2939.26, 0.048], [2939.25, 0.014], [2939.24, 2.253], [2939.23, 6.387], [2939.22, 7.551], [2939.21, 0.046], [2939.2, 0.009], [2939.19, 0.055], [2939.18, 1.742], [2939.17, 0.073], [2939.16, 0.048], [2939.15, 0.139], [2939.14, 1.369], [2939.13, 0.047]], "asks": [[2939.35, 52.52], [2939.36, 0.105], [2939.38, 0.018], [2939.39, 0.671], [2939.4, 1.533], [2939.41, 0.016], [2939.42, 0.158], [2939.43, 0.023], [2939.44, 0.028], [2939.45, 0.05], [2939.46, 7.224], [2939.47, 0.015], [2939.48, 7.548], [2939.49, 0.628], [2939.5, 0.021], [2939.51, 0.058], [2939.52, 0.472], [2939.53, 0.007], [2939.54, 0.906], [2939.55, 0.031]], "timestamp": "2025-12-17T06:28:12.008542+00:00"}, {"symbol": "ETHUSDT", "bids": [[2940.01, 8.333], [2940.0, 34.963], [2939.99, 3.381], [2939.98, 0.03], [2939.97, 0.023], [2939.96, 0.071], [2939.95, 0.112], [2939.94, 0.05], [2939.93, 0.017], [2939.92, 1.349], [2939.91, 0.694], [2939.9, 0.376], [2939.89, 0.403], [2939.88, 0.632], [2939.87, 0.017], [2939.86, 0.021], [2939.85, 0.081], [2939.84, 0.014], [2939.83, 1.302], [2939.82, 0.461]], "asks": [[2940.02, 93.529], [2940.03, 0.586], [2940.05, 0.048], [2940.06, 5.069], [2940.07, 1.368], [2940.08, 0.048], [2940.09, 0.032], [2940.1, 1.708], [2940.11, 1.044], [2940.12, 0.032], [2940.13, 0.039], [2940.14, 0.032], [2940.15, 0.055], [2940.16, 0.211], [2940.17, 5.461], [2940.18, 0.007], [2940.19, 0.091], [2940.2, 9.22], [2940.21, 0.518], [2940.22, 1.765]], "timestamp": "2025-12-17T06:29:03.470610+00:00"}, {"symbol": "ETHUSDT", "bids": [[2939.05, 180.507], [2939.04, 18.031], [2939.03, 338.721], [2939.02, 1.496], [2939.01, 3.669], [2939.0, 1765.175], [2938.99, 0.699], [2938.98, 0.059], [2938.97, 0.057], [2938.96, 0.108], [2938.95, 2.091], [2938.94, 0.071], [2938.93, 1.943], [2938.92, 0.867], [2938.91, 0.156], [2938.9, 3.426], [2938.89, 0.179], [2938.88, 3.151], [2938.87, 1.462], [2938.86, 1.445]], "asks": [[2939.06, 0.388], [2939.07, 0.008], [2939.08, 0.066], [2939.09, 1.363], [2939.1, 9.295], [2939.11, 0.069], [2939.12, 0.868], [2939.13, 0.018], [2939.14, 0.063], [2939.15, 0.018], [2939.16, 0.007], [2939.17, 0.055], [2939.18, 0.033], [2939.2, 0.1], [2939.21, 0.016], [2939.22, 0.286], [2939.23, 0.104], [2939.24, 0.438], [2939.25, 0.062], [2939.26, 0.03]], "timestamp": "2025-12-17T06:29:55.080371+00:00"}, {"symbol": "ETHUSDT", "bids": [[2940.48, 30.852], [2940.47, 0.014], [2940.46, 0.025], [2940.45, 0.68], [2940.44, 1.388], [2940.43, 0.016], [2940.42, 0.216], [2940.41, 1.785], [2940.4, 0.462], [2940.39, 0.394], [2940.38, 0.071], [2940.37, 1.042], [2940.36, 0.638], [2940.35, 0.078], [2940.34, 0.009], [2940.33, 0.014], [2940.32, 6.131], [2940.31, 0.023], [2940.3, 1.284], [2940.29, 10.234]], "asks": [[2940.49, 205.225], [2940.5, 0.089], [2940.51, 0.007], [2940.52, 0.007], [2940.53, 1.868], [2940.54, 0.021], [2940.55, 0.025], [2940.56, 0.08], [2940.57, 0.032], [2940.58, 0.021], [2940.6, 0.114], [2940.61, 0.014], [2940.62, 0.055], [2940.63, 1.951], [2940.64, 0.383], [2940.65, 9.897], [2940.66, 7.359], [2940.67, 0.014], [2940.68, 0.198], [2940.69, 0.077]], "timestamp": "2025-12-17T06:30:46.831697+00:00"}, {"symbol": "ETHUSDT", "bids": [[2940.9, 30.513], [2940.89, 0.891], [2940.88, 1.548], [2940.87, 0.007], [2940.86, 0.018], [2940.85, 0.066], [2940.84, 0.014], [2940.83, 0.014], [2940.82, 0.066], [2940.81, 0.106], [2940.8, 1.331], [2940.79, 0.087], [2940.78, 0.015], [2940.77, 2.175], [2940.76, 0.558], [2940.75, 0.635], [2940.74, 0.033], [2940.73, 0.046], [2940.72, 0.943], [2940.71, 6.416]], "asks": [[2940.91, 76.946], [2940.92, 0.071], [2940.93, 0.133], [2940.94, 0.082], [2940.95, 0.03], [2940.96, 1.406], [2940.97, 0.05], [2940.98, 6.529], [2940.99, 0.041], [2941.0, 154.416], [2941.01, 0.262], [2941.02, 4.168], [2941.03, 0.02], [2941.04, 5.814], [2941.05, 6.355], [2941.06, 0.338], [2941.07, 0.021], [2941.08, 0.049], [2941.09, 0.905], [2941.1, 0.06]], "timestamp": "2025-12-17T06:31:38.184085+00:00"}, {"symbol": "ETHUSDT", "bids": [[2942.68, 32.318], [2942.67, 0.34], [2942.66, 1.035], [2942.65, 0.057], [2942.64, 0.026], [2942.63, 0.035], [2942.62, 0.008], [2942.61, 0.032], [2942.6, 0.394], [2942.59, 0.022], [2942.58, 0.917], [2942.57, 4.772], [2942.56, 1.747], [2942.55, 10.419], [2942.54, 1.957], [2942.53, 1.12], [2942.52, 0.025], [2942.51, 1.607], [2942.49, 21.89], [2942.48, 11.591]], "asks": [[2942.69, 125.674], [2942.7, 0.078], [2942.72, 0.041], [2942.73, 1.725], [2942.75, 0.041], [2942.76, 0.201], [2942.78, 22.408], [2942.79, 0.025], [2942.8, 0.403], [2942.81, 30.063], [2942.82, 30.807], [2942.83, 1.7], [2942.84, 30.224], [2942.85, 0.074], [2942.86, 0.08], [2942.87, 0.009], [2942.88, 0.942], [2942.89, 0.063], [2942.9, 0.039], [2942.91, 0.029]], "timestamp": "2025-12-17T06:32:29.485011+00:00"}, {"symbol": "ETHUSDT", "bids": [[2941.1, 47.855], [2941.09, 0.007], [2941.07, 0.041], [2941.06, 0.018], [2941.05, 0.045], [2941.03, 0.073], [2941.02, 0.007], [2941.01, 0.014], [2941.0, 1.975], [2940.99, 2.911], [2940.98, 1.655], [2940.97, 0.032], [2940.96, 0.041], [2940.95, 0.032], [2940.94, 0.359], [2940.93, 0.061], [2940.92, 0.014], [2940.91, 0.064], [2940.9, 0.043], [2940.89, 0.023]], "asks": [[2941.11, 68.715], [2941.12, 0.087], [2941.13, 5.866], [2941.14, 58.9], [2941.15, 2.463], [2941.16, 1.569], [2941.17, 0.68], [2941.18, 0.888], [2941.19, 0.057], [2941.2, 0.65], [2941.21, 0.335], [2941.22, 0.117], [2941.23, 0.015], [2941.24, 0.465], [2941.25, 0.712], [2941.26, 0.401], [2941.27, 2.23], [2941.28, 0.2], [2941.29, 0.361], [2941.3, 0.073]], "timestamp": "2025-12-17T06:33:20.753613+00:00"}, {"symbol": "ETHUSDT", "bids": [[2939.6, 148.347], [2939.59, 4.571], [2939.58, 1.772], [2939.57, 1.361], [2939.56, 0.025], [2939.55, 0.122], [2939.53, 0.055], [2939.52, 0.018], [2939.51, 0.032], [2939.5, 0.249], [2939.49, 0.021], [2939.48, 5.049], [2939.47, 4.436], [2939.46, 0.621], [2939.45, 0.492], [2939.44, 2.227], [2939.43, 0.519], [2939.42, 0.869], [2939.41, 8.697], [2939.4, 0.182]], "asks": [[2939.61, 2.361], [2939.62, 0.105], [2939.63, 1.525], [2939.64, 0.007], [2939.65, 0.018], [2939.66, 0.08], [2939.67, 0.022], [2939.68, 0.014], [2939.69, 0.066], [2939.7, 0.014], [2939.71, 0.164], [2939.72, 3.186], [2939.73, 0.007], [2939.74, 0.227], [2939.75, 0.141], [2939.76, 0.219], [2939.77, 0.023], [2939.78, 0.361], [2939.79, 0.906], [2939.8, 0.418]], "timestamp": "2025-12-17T06:34:12.232445+00:00"}, {"symbol": "ETHUSDT", "bids": [[2939.79, 16.628], [2939.78, 0.098], [2939.77, 0.016], [2939.76, 0.016], [2939.75, 0.05], [2939.74, 0.045], [2939.73, 0.023], [2939.72, 0.08], [2939.71, 0.016], [2939.7, 0.676], [2939.69, 0.05], [2939.68, 0.39], [2939.67, 0.007], [2939.66, 0.026], [2939.65, 0.032], [2939.64, 0.658], [2939.63, 0.018], [2939.62, 0.028], [2939.61, 0.352], [2939.6, 0.916]], "asks": [[2939.8, 54.607], [2939.81, 0.106], [2939.82, 0.687], [2939.84, 0.027], [2939.85, 0.021], [2939.86, 1.749], [2939.87, 0.032], [2939.88, 1.374], [2939.89, 0.991], [2939.9, 0.025], [2939.91, 4.469], [2939.92, 1.841], [2939.93, 0.032], [2939.94, 10.889], [2939.95, 11.734], [2939.96, 0.345], [2939.97, 0.055], [2939.99, 0.609], [2940.0, 1.747], [2940.01, 10.345]], "timestamp": "2025-12-17T06:35:04.971106+00:00"}, {"symbol": "ETHUSDT", "bids": [[2938.12, 36.354], [2938.11, 0.035], [2938.1, 0.016], [2938.09, 0.137], [2938.08, 1.859], [2938.07, 0.209], [2938.06, 2.509], [2938.05, 4.93], [2938.04, 0.007], [2938.03, 0.055], [2938.02, 0.026], [2938.01, 0.014], [2938.0, 5.91], [2937.99, 0.391], [2937.98, 0.031], [2937.97, 3.066], [2937.96, 0.056], [2937.95, 0.356], [2937.94, 0.322], [2937.92, 0.397]], "asks": [[2938.13, 91.2], [2938.14, 0.921], [2938.15, 1.507], [2938.16, 0.041], [2938.17, 0.025], [2938.18, 0.028], [2938.19, 5.615], [2938.2, 0.055], [2938.21, 3.071], [2938.22, 0.055], [2938.23, 0.889], [2938.24, 0.021], [2938.26, 0.098], [2938.27, 10.263], [2938.28, 0.823], [2938.29, 0.08], [2938.3, 1.84], [2938.31, 0.022], [2938.32, 0.12], [2938.33, 9.277]], "timestamp": "2025-12-17T06:35:56.385693+00:00"}, {"symbol": "ETHUSDT", "bids": [[2938.85, 18.781], [2938.84, 0.048], [2938.83, 0.014], [2938.82, 0.058], [2938.81, 0.059], [2938.8, 0.588], [2938.78, 0.073], [2938.77, 0.045], [2938.76, 0.014], [2938.75, 0.066], [2938.74, 0.469], [2938.72, 0.515], [2938.71, 0.007], [2938.7, 0.82], [2938.69, 0.364], [2938.68, 0.726], [2938.67, 1.71], [2938.66, 2.336], [2938.65, 0.03], [2938.64, 0.05]], "asks": [[2938.86, 89.422], [2938.87, 0.105], [2938.88, 0.016], [2938.89, 1.72], [2938.91, 0.055], [2938.92, 1.613], [2938.93, 10.673], [2938.94, 0.05], [2938.95, 0.021], [2938.96, 0.009], [2938.97, 0.023], [2938.98, 0.033], [2938.99, 5.925], [2939.0, 10.744], [2939.01, 0.032], [2939.02, 1.746], [2939.03, 1.444], [2939.04, 0.054], [2939.05, 1.322], [2939.06, 0.037]], "timestamp": "2025-12-17T06:36:47.783110+00:00"}, {"symbol": "ETHUSDT", "bids": [[2937.47, 9.813], [2937.46, 2.04], [2937.45, 0.973], [2937.44, 1.374], [2937.43, 0.046], [2937.42, 0.081], [2937.41, 0.052], [2937.4, 0.018], [2937.39, 0.448], [2937.38, 0.334], [2937.37, 1.767], [2937.36, 0.19], [2937.35, 0.029], [2937.34, 0.074], [2937.33, 0.1], [2937.32, 1.193], [2937.31, 0.911], [2937.3, 2.441], [2937.29, 0.39], [2937.28, 0.508]], "asks": [[2937.48, 239.31], [2937.49, 0.078], [2937.51, 0.104], [2937.52, 0.018], [2937.53, 0.105], [2937.54, 5.359], [2937.55, 0.048], [2937.56, 0.041], [2937.57, 0.039], [2937.58, 0.018], [2937.59, 1.758], [2937.6, 0.014], [2937.61, 0.041], [2937.62, 0.007], [2937.63, 0.014], [2937.64, 0.059], [2937.65, 0.021], [2937.66, 0.688], [2937.67, 7.529], [2937.68, 9.649]], "timestamp": "2025-12-17T06:37:39.143657+00:00"}, {"symbol": "ETHUSDT", "bids": [[2940.0, 3.171], [2939.99, 4.807], [2939.98, 0.459], [2939.97, 0.023], [2939.96, 3.053], [2939.95, 0.057], [2939.94, 0.031], [2939.93, 0.009], [2939.92, 0.041], [2939.91, 0.146], [2939.9, 1.509], [2939.89, 0.457], [2939.88, 0.041], [2939.87, 0.023], [2939.86, 0.899], [2939.85, 4.161], [2939.84, 0.465], [2939.83, 0.028], [2939.82, 7.948], [2939.81, 0.021]], "asks": [[2940.01, 220.928], [2940.02, 0.063], [2940.03, 16.124], [2940.05, 0.032], [2940.06, 0.055], [2940.07, 0.014], [2940.08, 0.083], [2940.09, 0.059], [2940.11, 2.833], [2940.12, 7.929], [2940.13, 1.75], [2940.14, 0.126], [2940.15, 0.372], [2940.16, 0.745], [2940.17, 0.026], [2940.18, 0.032], [2940.19, 0.009], [2940.2, 4.901], [2940.21, 8.046], [2940.22, 0.86]], "timestamp": "2025-12-17T06:38:30.860917+00:00"}, {"symbol": "ETHUSDT", "bids": [[2937.78, 33.405], [2937.77, 0.023], [2937.76, 0.431], [2937.75, 0.074], [2937.74, 0.009], [2937.73, 0.839], [2937.72, 1.135], [2937.71, 0.023], [2937.7, 0.557], [2937.69, 0.037], [2937.68, 0.018], [2937.66, 0.03], [2937.65, 1.76], [2937.64, 0.033], [2937.63, 0.878], [2937.62, 0.071], [2937.61, 0.017], [2937.6, 7.269], [2937.59, 0.068], [2937.58, 0.909]], "asks": [[2937.79, 203.608], [2937.8, 0.078], [2937.82, 0.048], [2937.83, 0.025], [2937.84, 0.896], [2937.85, 0.049], [2937.86, 0.039], [2937.87, 0.007], [2937.88, 0.055], [2937.89, 0.018], [2937.9, 1.255], [2937.91, 2.299], [2937.92, 1.49], [2937.94, 0.103], [2937.95, 0.081], [2937.96, 0.113], [2937.98, 0.159], [2937.99, 1.09], [2938.0, 0.032], [2938.01, 0.349]], "timestamp": "2025-12-17T06:39:22.272697+00:00"}, {"symbol": "ETHUSDT", "bids": [[2937.29, 48.541], [2937.28, 0.014], [2937.27, 0.041], [2937.26, 0.009], [2937.25, 0.032], [2937.24, 0.055], [2937.22, 0.131], [2937.2, 0.456], [2937.19, 0.073], [2937.18, 0.014], [2937.17, 1.33], [2937.16, 0.08], [2937.15, 0.229], [2937.14, 0.021], [2937.13, 0.074], [2937.12, 0.315], [2937.1, 0.791], [2937.09, 1.963], [2937.08, 0.416], [2937.07, 0.009]], "asks": [[2937.3, 61.209], [2937.31, 3.277], [2937.32, 1.786], [2937.33, 0.024], [2937.34, 0.016], [2937.35, 0.336], [2937.36, 0.009], [2937.37, 0.023], [2937.38, 0.009], [2937.39, 0.2], [2937.4, 0.52], [2937.41, 1.723], [2937.42, 8.472], [2937.43, 0.05], [2937.44, 0.031], [2937.45, 2.724], [2937.46, 0.044], [2937.47, 5.426], [2937.48, 10.241], [2937.49, 0.007]], "timestamp": "2025-12-17T06:40:13.995479+00:00"}, {"symbol": "ETHUSDT", "bids": [[2936.37, 25.427], [2936.36, 0.544], [2936.35, 0.007], [2936.34, 0.007], [2936.33, 0.018], [2936.32, 0.062], [2936.31, 0.016], [2936.3, 0.032], [2936.29, 0.007], [2936.28, 0.062], [2936.27, 0.025], [2936.26, 0.007], [2936.25, 0.077], [2936.24, 0.032], [2936.23, 0.007], [2936.22, 0.069], [2936.21, 1.35], [2936.2, 0.046], [2936.19, 0.041], [2936.18, 1.532]], "asks": [[2936.38, 79.42], [2936.39, 34.204], [2936.4, 2.838], [2936.41, 0.014], [2936.42, 0.059], [2936.43, 2.413], [2936.44, 0.023], [2936.45, 1.468], [2936.46, 0.264], [2936.47, 0.009], [2936.48, 0.03], [2936.49, 0.052], [2936.5, 0.038], [2936.51, 0.103], [2936.52, 0.229], [2936.53, 2.375], [2936.54, 0.04], [2936.55, 6.589], [2936.56, 0.146], [2936.57, 0.058]], "timestamp": "2025-12-17T06:41:05.513508+00:00"}, {"symbol": "ETHUSDT", "bids": [[2936.35, 10.186], [2936.34, 0.031], [2936.32, 0.048], [2936.31, 0.025], [2936.3, 0.014], [2936.29, 0.048], [2936.28, 0.041], [2936.26, 10.13], [2936.25, 0.462], [2936.24, 3.106], [2936.23, 0.009], [2936.22, 0.023], [2936.21, 0.195], [2936.2, 0.086], [2936.19, 0.118], [2936.18, 0.889], [2936.17, 0.037], [2936.16, 0.1], [2936.15, 0.076], [2936.14, 0.016]], "asks": [[2936.36, 94.849], [2936.37, 0.091], [2936.38, 1.381], [2936.39, 0.033], [2936.4, 1.318], [2936.41, 0.014], [2936.42, 0.025], [2936.43, 1.023], [2936.44, 0.041], [2936.45, 1.836], [2936.46, 0.549], [2936.47, 0.055], [2936.48, 0.518], [2936.49, 0.016], [2936.5, 0.029], [2936.51, 0.023], [2936.52, 1.442], [2936.53, 0.286], [2936.54, 0.045], [2936.55, 2.337]], "timestamp": "2025-12-17T06:41:57.419490+00:00"}, {"symbol": "ETHUSDT", "bids": [[2935.77, 40.701], [2935.76, 0.079], [2935.73, 0.138], [2935.72, 0.014], [2935.7, 0.057], [2935.68, 0.062], [2935.67, 0.025], [2935.66, 0.03], [2935.65, 0.008], [2935.64, 0.039], [2935.63, 0.069], [2935.62, 0.548], [2935.61, 0.044], [2935.6, 0.055], [2935.59, 0.009], [2935.58, 0.014], [2935.57, 0.017], [2935.56, 0.064], [2935.54, 0.014], [2935.53, 1.788]], "asks": [[2935.78, 76.375], [2935.79, 0.077], [2935.8, 0.458], [2935.81, 0.009], [2935.82, 0.103], [2935.83, 0.354], [2935.84, 0.825], [2935.85, 1.435], [2935.86, 0.209], [2935.87, 0.023], [2935.88, 0.111], [2935.89, 1.961], [2935.9, 4.767], [2935.91, 0.023], [2935.92, 0.041], [2935.93, 22.416], [2935.94, 10.177], [2935.95, 0.03], [2935.96, 5.7], [2935.97, 0.017]], "timestamp": "2025-12-17T06:42:48.767231+00:00"}, {"symbol": "ETHUSDT", "bids": [[2934.91, 114.135], [2934.9, 2.249], [2934.89, 0.025], [2934.88, 0.059], [2934.87, 10.018], [2934.86, 0.023], [2934.84, 0.023], [2934.83, 0.05], [2934.82, 0.021], [2934.81, 1.085], [2934.8, 0.149], [2934.79, 0.009], [2934.78, 1.727], [2934.77, 0.05], [2934.76, 0.044], [2934.75, 0.016], [2934.74, 0.066], [2934.73, 1.249], [2934.72, 0.582], [2934.71, 0.134]], "asks": [[2934.92, 89.251], [2934.93, 0.021], [2934.95, 0.009], [2934.96, 0.073], [2934.97, 0.014], [2934.98, 0.008], [2934.99, 2.206], [2935.0, 0.187], [2935.01, 0.537], [2935.02, 0.04], [2935.03, 9.118], [2935.04, 0.103], [2935.05, 2.251], [2935.06, 0.049], [2935.07, 0.046], [2935.08, 2.393], [2935.09, 0.071], [2935.1, 2.081], [2935.11, 1.72], [2935.12, 0.064]], "timestamp": "2025-12-17T06:43:40.439690+00:00"}, {"symbol": "ETHUSDT", "bids": [[2934.64, 59.322], [2934.63, 1.278], [2934.62, 0.007], [2934.6, 1.005], [2934.59, 0.069], [2934.57, 0.168], [2934.56, 0.007], [2934.55, 1.514], [2934.54, 0.089], [2934.53, 1.385], [2934.52, 1.704], [2934.51, 0.372], [2934.5, 0.693], [2934.49, 0.014], [2934.48, 0.016], [2934.47, 0.071], [2934.46, 0.009], [2934.45, 0.355], [2934.44, 0.691], [2934.43, 0.03]], "asks": [[2934.65, 86.257], [2934.66, 0.133], [2934.67, 1.507], [2934.68, 0.025], [2934.69, 0.007], [2934.7, 0.027], [2934.71, 0.074], [2934.72, 0.029], [2934.73, 1.72], [2934.74, 1.384], [2934.75, 0.016], [2934.76, 0.101], [2934.77, 0.055], [2934.78, 4.202], [2934.79, 8.534], [2934.8, 0.019], [2934.81, 0.064], [2934.82, 0.145], [2934.83, 1.378], [2934.84, 0.023]], "timestamp": "2025-12-17T06:44:31.950491+00:00"}, {"symbol": "ETHUSDT", "bids": [[2934.45, 0.566], [2934.44, 0.055], [2934.42, 0.016], [2934.41, 0.369], [2934.4, 0.021], [2934.39, 0.016], [2934.38, 0.037], [2934.37, 0.05], [2934.35, 0.35], [2934.34, 0.009], [2934.33, 1.537], [2934.32, 10.254], [2934.31, 0.016], [2934.3, 0.03], [2934.29, 0.058], [2934.28, 1.795], [2934.27, 0.022], [2934.26, 0.055], [2934.25, 0.031], [2934.23, 0.993]], "asks": [[2934.46, 245.152], [2934.47, 0.084], [2934.49, 1.152], [2934.5, 0.018], [2934.51, 0.055], [2934.52, 1.218], [2934.53, 0.032], [2934.54, 0.014], [2934.55, 2.746], [2934.56, 3.861], [2934.57, 0.014], [2934.58, 0.178], [2934.59, 0.042], [2934.6, 1.468], [2934.61, 23.635], [2934.62, 0.008], [2934.63, 0.039], [2934.64, 38.72], [2934.65, 30.028], [2934.66, 38.304]], "timestamp": "2025-12-17T06:45:23.635451+00:00"}, {"symbol": "ETHUSDT", "bids": [[2933.23, 141.369], [2933.22, 0.89], [2933.21, 0.855], [2933.19, 0.512], [2933.17, 0.025], [2933.16, 0.062], [2933.15, 0.128], [2933.14, 0.068], [2933.13, 3.89], [2933.11, 0.032], [2933.1, 0.205], [2933.08, 0.455], [2933.06, 0.886], [2933.05, 10.119], [2933.04, 0.818], [2933.03, 1.72], [2933.02, 0.064], [2933.01, 30.355], [2933.0, 0.048], [2932.99, 0.072]], "asks": [[2933.24, 16.448], [2933.25, 3.007], [2933.26, 0.016], [2933.27, 0.058], [2933.28, 0.033], [2933.29, 0.037], [2933.3, 0.072], [2933.31, 0.746], [2933.32, 0.018], [2933.33, 0.017], [2933.34, 0.05], [2933.35, 0.009], [2933.36, 0.009], [2933.37, 0.073], [2933.38, 0.023], [2933.39, 0.862], [2933.4, 5.313], [2933.41, 0.607], [2933.42, 0.03], [2933.43, 0.179]], "timestamp": "2025-12-17T06:46:15.465833+00:00"}, {"symbol": "ETHUSDT", "bids": [[2934.99, 29.795], [2934.98, 0.008], [2934.97, 0.014], [2934.96, 0.057], [2934.95, 0.018], [2934.94, 0.065], [2934.93, 0.041], [2934.92, 0.039], [2934.91, 0.007], [2934.9, 0.062], [2934.89, 0.691], [2934.88, 1.63], [2934.87, 0.049], [2934.86, 0.039], [2934.85, 0.007], [2934.84, 0.055], [2934.83, 0.04], [2934.82, 0.147], [2934.81, 0.015], [2934.8, 1.497]], "asks": [[2935.0, 102.126], [2935.01, 1.781], [2935.02, 0.009], [2935.03, 1.427], [2935.04, 0.093], [2935.05, 0.782], [2935.06, 0.041], [2935.07, 0.023], [2935.08, 0.209], [2935.09, 1.495], [2935.1, 0.476], [2935.11, 1.728], [2935.12, 3.286], [2935.13, 7.532], [2935.14, 1.422], [2935.15, 3.389], [2935.16, 1.391], [2935.17, 0.038], [2935.18, 0.041], [2935.19, 0.15]], "timestamp": "2025-12-17T06:47:06.799710+00:00"}, {"symbol": "ETHUSDT", "bids": [[2933.1, 1.265], [2933.09, 0.008], [2933.07, 0.055], [2933.06, 0.018], [2933.05, 0.099], [2933.04, 0.014], [2933.03, 0.032], [2933.02, 0.048], [2933.0, 2.331], [2932.99, 0.041], [2932.98, 0.018], [2932.96, 0.041], [2932.95, 0.041], [2932.93, 1.647], [2932.92, 0.058], [2932.91, 0.014], [2932.9, 0.008], [2932.89, 0.139], [2932.88, 0.578], [2932.87, 0.014]], "asks": [[2933.11, 91.664], [2933.12, 0.07], [2933.13, 0.051], [2933.14, 0.074], [2933.15, 4.963], [2933.16, 0.571], [2933.17, 0.06], [2933.18, 3.102], [2933.19, 0.062], [2933.2, 5.896], [2933.21, 0.988], [2933.22, 2.404], [2933.23, 0.045], [2933.24, 0.101], [2933.25, 0.193], [2933.26, 2.618], [2933.27, 0.607], [2933.28, 0.052], [2933.29, 6.562], [2933.3, 1.792]], "timestamp": "2025-12-17T06:47:58.343055+00:00"}, {"symbol": "ETHUSDT", "bids": [[2933.43, 9.491], [2933.42, 6.888], [2933.41, 0.018], [2933.4, 0.956], [2933.39, 0.057], [2933.38, 0.014], [2933.37, 0.04], [2933.36, 0.072], [2933.35, 0.007], [2933.34, 0.016], [2933.33, 1.279], [2933.32, 6.849], [2933.3, 0.064], [2933.29, 0.009], [2933.28, 0.037], [2933.27, 0.059], [2933.26, 0.037], [2933.25, 0.318], [2933.24, 0.916], [2933.23, 3.964]], "asks": [[2933.44, 193.048], [2933.45, 1.274], [2933.46, 4.441], [2933.47, 12.356], [2933.48, 0.018], [2933.49, 0.018], [2933.5, 0.041], [2933.51, 0.018], [2933.52, 0.184], [2933.53, 0.041], [2933.54, 0.065], [2933.55, 0.028], [2933.56, 0.06], [2933.57, 0.068], [2933.58, 0.009], [2933.59, 0.055], [2933.6, 0.997], [2933.61, 2.717], [2933.62, 3.155], [2933.63, 0.014]], "timestamp": "2025-12-17T06:48:49.727553+00:00"}, {"symbol": "ETHUSDT", "bids": [[2934.28, 15.386], [2934.27, 0.015], [2934.26, 0.048], [2934.24, 0.032], [2934.23, 0.041], [2934.21, 0.046], [2934.19, 0.014], [2934.18, 0.08], [2934.17, 0.014], [2934.16, 0.033], [2934.15, 0.059], [2934.13, 0.453], [2934.12, 0.857], [2934.11, 0.014], [2934.1, 0.048], [2934.09, 0.045], [2934.08, 0.015], [2934.07, 0.147], [2934.06, 0.058], [2934.05, 0.014]], "asks": [[2934.29, 97.427], [2934.3, 0.205], [2934.31, 0.729], [2934.32, 1.713], [2934.33, 0.064], [2934.34, 0.016], [2934.35, 0.08], [2934.36, 0.638], [2934.37, 0.007], [2934.38, 0.129], [2934.39, 0.079], [2934.4, 0.064], [2934.41, 0.078], [2934.42, 0.071], [2934.43, 1.746], [2934.44, 0.416], [2934.45, 0.435], [2934.46, 0.012], [2934.47, 0.038], [2934.48, 1.616]], "timestamp": "2025-12-17T06:49:41.103057+00:00"}, {"symbol": "ETHUSDT", "bids": [[2934.66, 52.083], [2934.65, 0.063], [2934.62, 0.073], [2934.61, 0.014], [2934.6, 2.069], [2934.59, 0.726], [2934.58, 0.129], [2934.57, 0.014], [2934.56, 0.935], [2934.55, 1.05], [2934.54, 0.892], [2934.53, 0.021], [2934.52, 0.067], [2934.51, 1.521], [2934.5, 0.007], [2934.49, 0.08], [2934.48, 0.637], [2934.47, 1.711], [2934.46, 0.031], [2934.45, 0.462]], "asks": [[2934.67, 64.707], [2934.68, 0.682], [2934.69, 5.88], [2934.7, 2.108], [2934.71, 0.018], [2934.72, 1.441], [2934.73, 0.666], [2934.74, 0.589], [2934.75, 0.325], [2934.76, 1.329], [2934.78, 0.071], [2934.79, 0.015], [2934.8, 1.736], [2934.81, 0.093], [2934.82, 2.668], [2934.83, 0.05], [2934.84, 1.033], [2934.85, 0.869], [2934.86, 1.519], [2934.87, 0.186]], "timestamp": "2025-12-17T06:50:33.036796+00:00"}, {"symbol": "ETHUSDT", "bids": [[2934.79, 156.69], [2934.78, 18.665], [2934.77, 0.064], [2934.76, 0.007], [2934.75, 0.188], [2934.74, 0.115], [2934.73, 0.048], [2934.72, 0.379], [2934.71, 30.016], [2934.7, 0.021], [2934.69, 1.713], [2934.68, 32.831], [2934.67, 0.049], [2934.66, 0.023], [2934.65, 0.149], [2934.64, 1.381], [2934.63, 0.036], [2934.62, 0.014], [2934.61, 0.164], [2934.6, 40.964]], "asks": [[2934.8, 25.217], [2934.81, 0.112], [2934.82, 0.086], [2934.83, 0.124], [2934.84, 0.202], [2934.85, 0.046], [2934.86, 0.134], [2934.87, 0.113], [2934.88, 0.12], [2934.89, 0.612], [2934.9, 0.07], [2934.91, 0.046], [2934.92, 0.023], [2934.93, 0.064], [2934.94, 0.195], [2934.95, 0.044], [2934.96, 0.085], [2934.97, 9.186], [2934.98, 0.591], [2934.99, 1.5]], "timestamp": "2025-12-17T06:51:24.576475+00:00"}, {"symbol": "ETHUSDT", "bids": [[2934.94, 183.256], [2934.93, 0.713], [2934.92, 0.493], [2934.91, 0.098], [2934.9, 0.073], [2934.89, 0.025], [2934.88, 0.502], [2934.87, 0.014], [2934.86, 0.007], [2934.85, 0.08], [2934.84, 1.126], [2934.83, 0.021], [2934.82, 0.073], [2934.81, 1.268], [2934.8, 0.015], [2934.79, 0.074], [2934.77, 0.062], [2934.76, 0.017], [2934.75, 3.771], [2934.74, 1.943]], "asks": [[2934.95, 23.222], [2934.96, 0.32], [2934.97, 0.059], [2934.98, 0.009], [2934.99, 0.099], [2935.0, 1.103], [2935.01, 0.093], [2935.02, 0.313], [2935.03, 1.729], [2935.04, 0.312], [2935.05, 0.062], [2935.06, 0.032], [2935.07, 0.024], [2935.08, 0.419], [2935.09, 0.122], [2935.1, 0.945], [2935.11, 0.256], [2935.12, 0.049], [2935.13, 0.023], [2935.14, 0.062]], "timestamp": "2025-12-17T06:52:16.132674+00:00"}, {"symbol": "ETHUSDT", "bids": [[2934.47, 64.705], [2934.46, 0.015], [2934.45, 0.065], [2934.44, 0.025], [2934.43, 0.009], [2934.42, 0.092], [2934.41, 0.032], [2934.4, 0.03], [2934.39, 0.048], [2934.38, 0.046], [2934.36, 0.039], [2934.35, 0.05], [2934.34, 0.009], [2934.33, 0.014], [2934.32, 0.081], [2934.31, 0.007], [2934.3, 0.912], [2934.29, 0.089], [2934.28, 0.029], [2934.27, 0.022]], "asks": [[2934.48, 224.045], [2934.49, 0.971], [2934.5, 1.364], [2934.51, 0.17], [2934.52, 0.997], [2934.53, 0.059], [2934.54, 1.918], [2934.55, 0.048], [2934.56, 0.463], [2934.57, 0.395], [2934.59, 0.032], [2934.6, 0.248], [2934.61, 0.961], [2934.62, 19.057], [2934.63, 31.465], [2934.64, 0.015], [2934.65, 0.032], [2934.66, 2.0], [2934.67, 3.481], [2934.68, 40.24]], "timestamp": "2025-12-17T06:53:07.405101+00:00"}, {"symbol": "ETHUSDT", "bids": [[2934.44, 64.17], [2934.43, 1.554], [2934.42, 3.211], [2934.41, 0.066], [2934.4, 0.034], [2934.39, 4.961], [2934.38, 0.048], [2934.37, 0.078], [2934.36, 0.031], [2934.35, 0.071], [2934.34, 0.237], [2934.33, 0.021], [2934.32, 0.049], [2934.31, 1.736], [2934.3, 0.706], [2934.29, 0.055], [2934.28, 0.025], [2934.27, 0.039], [2934.26, 0.079], [2934.25, 2.072]], "asks": [[2934.45, 54.564], [2934.46, 0.447], [2934.47, 0.007], [2934.48, 2.116], [2934.49, 7.563], [2934.5, 1.521], [2934.51, 0.008], [2934.52, 0.039], [2934.53, 0.007], [2934.54, 3.677], [2934.55, 0.039], [2934.56, 0.415], [2934.57, 0.211], [2934.58, 0.437], [2934.59, 0.604], [2934.6, 0.844], [2934.61, 0.028], [2934.62, 1.806], [2934.63, 0.614], [2934.64, 3.681]], "timestamp": "2025-12-17T06:53:58.949342+00:00"}, {"symbol": "ETHUSDT", "bids": [[2934.31, 34.482], [2934.3, 0.022], [2934.27, 0.025], [2934.26, 0.062], [2934.25, 0.041], [2934.24, 0.046], [2934.23, 0.041], [2934.22, 0.014], [2934.21, 0.032], [2934.2, 0.084], [2934.18, 0.037], [2934.17, 0.059], [2934.16, 0.025], [2934.15, 0.032], [2934.14, 1.777], [2934.13, 5.065], [2934.12, 1.01], [2934.1, 0.064], [2934.09, 0.704], [2934.08, 0.014]], "asks": [[2934.32, 138.615], [2934.33, 0.083], [2934.34, 1.713], [2934.35, 3.057], [2934.36, 6.45], [2934.37, 0.295], [2934.38, 0.016], [2934.39, 0.064], [2934.4, 0.142], [2934.41, 0.037], [2934.42, 0.345], [2934.43, 0.03], [2934.44, 2.107], [2934.45, 1.892], [2934.46, 3.007], [2934.47, 2.66], [2934.48, 1.051], [2934.49, 1.486], [2934.5, 0.073], [2934.51, 0.358]], "timestamp": "2025-12-17T06:54:50.388404+00:00"}, {"symbol": "ETHUSDT", "bids": [[2933.79, 135.434], [2933.78, 46.436], [2933.77, 34.041], [2933.76, 30.81], [2933.75, 30.018], [2933.74, 0.073], [2933.73, 0.347], [2933.72, 3.313], [2933.71, 1.563], [2933.7, 2.112], [2933.69, 1.507], [2933.68, 1.833], [2933.67, 0.439], [2933.66, 4.782], [2933.65, 1.412], [2933.64, 3.316], [2933.63, 0.612], [2933.62, 0.309], [2933.61, 0.014], [2933.6, 0.067]], "asks": [[2933.8, 0.808], [2933.81, 1.626], [2933.82, 3.316], [2933.83, 0.018], [2933.84, 0.08], [2933.85, 0.074], [2933.86, 0.014], [2933.87, 0.059], [2933.88, 0.232], [2933.9, 0.071], [2933.91, 0.031], [2933.92, 0.038], [2933.93, 0.055], [2933.94, 0.023], [2933.95, 0.023], [2933.96, 0.323], [2933.97, 0.028], [2933.98, 0.007], [2933.99, 0.089], [2934.0, 2.461]], "timestamp": "2025-12-17T06:55:42.653998+00:00"}, {"symbol": "ETHUSDT", "bids": [[2933.32, 7.466], [2933.31, 0.689], [2933.3, 0.061], [2933.29, 0.009], [2933.28, 0.033], [2933.27, 0.568], [2933.26, 0.018], [2933.25, 0.014], [2933.24, 0.205], [2933.23, 2.484], [2933.22, 11.645], [2933.21, 0.147], [2933.2, 0.756], [2933.19, 0.068], [2933.18, 0.05], [2933.17, 0.36], [2933.16, 0.187], [2933.15, 0.071], [2933.14, 0.263], [2933.13, 0.05]], "asks": [[2933.33, 146.92], [2933.34, 0.127], [2933.36, 0.007], [2933.37, 0.066], [2933.38, 0.021], [2933.39, 0.023], [2933.4, 1.069], [2933.41, 2.054], [2933.42, 2.038], [2933.43, 0.066], [2933.44, 0.138], [2933.45, 0.634], [2933.46, 0.913], [2933.47, 0.284], [2933.48, 4.546], [2933.49, 0.166], [2933.5, 0.046], [2933.51, 0.023], [2933.52, 2.536], [2933.53, 0.03]], "timestamp": "2025-12-17T06:56:34.073757+00:00"}, {"symbol": "ETHUSDT", "bids": [[2934.07, 206.394], [2934.06, 0.404], [2934.04, 0.007], [2934.03, 0.066], [2934.01, 0.007], [2934.0, 15.85], [2933.99, 32.931], [2933.98, 43.015], [2933.97, 30.067], [2933.96, 2.93], [2933.95, 0.123], [2933.94, 0.032], [2933.93, 0.059], [2933.92, 0.014], [2933.91, 0.185], [2933.9, 1.746], [2933.89, 1.104], [2933.88, 0.459], [2933.87, 0.03], [2933.86, 0.181]], "asks": [[2934.08, 23.6], [2934.09, 0.078], [2934.1, 0.052], [2934.11, 0.025], [2934.12, 0.014], [2934.13, 0.055], [2934.14, 0.032], [2934.15, 0.021], [2934.16, 0.09], [2934.17, 0.078], [2934.18, 0.017], [2934.19, 2.039], [2934.2, 0.072], [2934.21, 0.023], [2934.23, 0.078], [2934.24, 0.026], [2934.25, 0.056], [2934.26, 0.071], [2934.27, 0.875], [2934.28, 0.011]], "timestamp": "2025-12-17T06:57:25.692148+00:00"}, {"symbol": "ETHUSDT", "bids": [[2935.0, 25.819], [2934.99, 1.388], [2934.98, 0.018], [2934.97, 0.014], [2934.96, 0.075], [2934.95, 0.023], [2934.94, 0.064], [2934.93, 0.055], [2934.92, 0.016], [2934.91, 0.03], [2934.9, 0.092], [2934.89, 0.027], [2934.88, 0.03], [2934.87, 0.178], [2934.86, 0.089], [2934.85, 0.879], [2934.84, 1.173], [2934.83, 1.677], [2934.82, 0.044], [2934.81, 0.015]], "asks": [[2935.01, 111.336], [2935.02, 0.115], [2935.04, 1.117], [2935.05, 0.073], [2935.06, 0.014], [2935.07, 1.377], [2935.08, 0.046], [2935.09, 0.11], [2935.1, 0.037], [2935.11, 0.014], [2935.12, 2.688], [2935.13, 1.733], [2935.14, 0.688], [2935.15, 7.641], [2935.16, 4.616], [2935.17, 0.264], [2935.18, 0.327], [2935.19, 0.007], [2935.2, 3.727], [2935.21, 3.673]], "timestamp": "2025-12-17T06:58:16.991099+00:00"}, {"symbol": "ETHUSDT", "bids": [[2934.99, 100.164], [2934.98, 0.008], [2934.97, 0.778], [2934.96, 2.048], [2934.95, 0.869], [2934.94, 0.064], [2934.93, 0.152], [2934.92, 0.404], [2934.91, 0.007], [2934.9, 0.651], [2934.89, 0.016], [2934.88, 0.021], [2934.87, 0.017], [2934.86, 2.524], [2934.85, 1.711], [2934.84, 0.799], [2934.83, 0.314], [2934.82, 1.416], [2934.81, 0.024], [2934.8, 0.869]], "asks": [[2935.0, 25.288], [2935.01, 0.204], [2935.02, 0.016], [2935.04, 0.018], [2935.05, 0.087], [2935.07, 0.021], [2935.08, 0.066], [2935.09, 1.718], [2935.1, 0.014], [2935.11, 0.08], [2935.13, 0.03], [2935.14, 0.13], [2935.15, 0.073], [2935.16, 0.007], [2935.17, 0.025], [2935.18, 0.071], [2935.19, 1.725], [2935.2, 0.033], [2935.21, 0.023], [2935.22, 0.057]], "timestamp": "2025-12-17T06:59:08.619772+00:00"}, {"symbol": "ETHUSDT", "bids": [[2935.06, 140.358], [2935.05, 4.66], [2935.04, 2.015], [2935.03, 0.341], [2935.02, 0.358], [2935.01, 0.059], [2935.0, 0.107], [2934.99, 0.007], [2934.98, 0.073], [2934.97, 0.007], [2934.96, 9.537], [2934.95, 0.092], [2934.94, 0.062], [2934.93, 1.399], [2934.92, 0.45], [2934.91, 2.422], [2934.9, 6.019], [2934.89, 0.359], [2934.88, 1.744], [2934.86, 0.03]], "asks": [[2935.07, 47.098], [2935.08, 0.313], [2935.1, 1.827], [2935.11, 0.023], [2935.12, 0.009], [2935.13, 0.071], [2935.14, 0.215], [2935.15, 0.014], [2935.16, 0.066], [2935.17, 0.047], [2935.18, 0.008], [2935.19, 0.071], [2935.2, 1.738], [2935.21, 6.584], [2935.22, 0.099], [2935.23, 0.007], [2935.24, 0.021], [2935.25, 1.42], [2935.26, 1.551], [2935.27, 0.025]], "timestamp": "2025-12-17T06:59:59.984076+00:00"}, {"symbol": "ETHUSDT", "bids": [[2935.05, 134.659], [2935.04, 0.998], [2935.03, 0.207], [2935.02, 0.059], [2935.01, 0.779], [2935.0, 0.966], [2934.99, 0.065], [2934.98, 0.032], [2934.97, 0.014], [2934.96, 0.028], [2934.95, 0.345], [2934.94, 2.02], [2934.93, 0.699], [2934.92, 0.316], [2934.91, 0.155], [2934.9, 3.846], [2934.89, 0.021], [2934.88, 1.557], [2934.87, 0.029], [2934.86, 0.041]], "asks": [[2935.06, 9.456], [2935.07, 4.248], [2935.08, 0.007], [2935.1, 0.066], [2935.11, 0.025], [2935.13, 0.055], [2935.14, 0.034], [2935.15, 0.114], [2935.16, 0.041], [2935.17, 0.306], [2935.18, 0.007], [2935.19, 0.081], [2935.2, 0.732], [2935.21, 0.014], [2935.22, 0.879], [2935.23, 0.063], [2935.24, 0.517], [2935.25, 0.023], [2935.26, 0.788], [2935.27, 0.038]], "timestamp": "2025-12-17T07:00:51.610412+00:00"}, {"symbol": "ETHUSDT", "bids": [[2936.07, 221.366], [2936.06, 1.802], [2936.05, 0.041], [2936.04, 0.009], [2936.03, 0.025], [2936.02, 0.61], [2936.01, 0.055], [2936.0, 0.009], [2935.99, 0.071], [2935.98, 1.452], [2935.97, 0.063], [2935.96, 2.093], [2935.95, 1.868], [2935.94, 0.037], [2935.93, 0.051], [2935.92, 0.492], [2935.91, 0.021], [2935.9, 0.05], [2935.89, 0.078], [2935.88, 0.023]], "asks": [[2936.08, 0.686], [2936.09, 0.007], [2936.1, 0.014], [2936.11, 0.059], [2936.13, 0.007], [2936.14, 0.018], [2936.16, 0.041], [2936.17, 0.025], [2936.19, 0.049], [2936.2, 0.018], [2936.22, 0.007], [2936.23, 1.932], [2936.24, 0.023], [2936.25, 0.008], [2936.26, 0.108], [2936.27, 2.755], [2936.28, 0.07], [2936.29, 0.217], [2936.3, 0.027], [2936.31, 0.038]], "timestamp": "2025-12-17T07:01:43.364935+00:00"}, {"symbol": "ETHUSDT", "bids": [[2935.67, 100.594], [2935.66, 5.039], [2935.65, 0.069], [2935.64, 0.016], [2935.63, 0.009], [2935.62, 0.523], [2935.61, 0.087], [2935.6, 0.397], [2935.59, 0.22], [2935.58, 0.062], [2935.57, 0.039], [2935.56, 1.227], [2935.55, 0.071], [2935.54, 1.392], [2935.53, 0.065], [2935.52, 0.151], [2935.51, 0.041], [2935.5, 0.393], [2935.49, 0.021], [2935.48, 0.764]], "asks": [[2935.68, 71.757], [2935.69, 0.104], [2935.71, 0.018], [2935.72, 0.041], [2935.73, 0.014], [2935.74, 0.018], [2935.75, 0.014], [2935.77, 0.08], [2935.79, 0.031], [2935.8, 0.073], [2935.81, 1.119], [2935.82, 1.755], [2935.83, 0.088], [2935.84, 0.018], [2935.85, 0.023], [2935.86, 0.392], [2935.87, 0.022], [2935.88, 0.009], [2935.89, 0.199], [2935.9, 1.451]], "timestamp": "2025-12-17T07:02:34.789422+00:00"}, {"symbol": "ETHUSDT", "bids": [[2936.32, 87.34], [2936.31, 0.606], [2936.3, 1.5], [2936.29, 0.048], [2936.28, 0.034], [2936.26, 0.048], [2936.25, 0.039], [2936.24, 0.113], [2936.23, 0.062], [2936.22, 0.032], [2936.21, 0.014], [2936.2, 0.841], [2936.19, 0.184], [2936.18, 0.041], [2936.17, 0.046], [2936.16, 0.023], [2936.15, 0.055], [2936.14, 0.071], [2936.13, 0.354], [2936.12, 0.008]], "asks": [[2936.33, 80.275], [2936.34, 0.086], [2936.35, 0.009], [2936.36, 1.461], [2936.37, 2.405], [2936.38, 1.784], [2936.39, 0.041], [2936.4, 0.039], [2936.41, 0.061], [2936.42, 1.571], [2936.43, 0.074], [2936.44, 0.064], [2936.45, 0.065], [2936.46, 0.164], [2936.47, 1.703], [2936.48, 0.023], [2936.49, 0.31], [2936.5, 1.42], [2936.51, 0.033], [2936.52, 0.451]], "timestamp": "2025-12-17T07:03:26.241702+00:00"}, {"symbol": "ETHUSDT", "bids": [[2937.39, 10.84], [2937.38, 0.049], [2937.37, 0.007], [2937.36, 0.007], [2937.35, 0.059], [2937.34, 0.035], [2937.32, 0.082], [2937.31, 0.007], [2937.3, 0.016], [2937.29, 0.066], [2937.28, 0.007], [2937.27, 0.008], [2937.26, 0.059], [2937.25, 0.011], [2937.24, 0.099], [2937.23, 0.074], [2937.22, 0.014], [2937.2, 0.071], [2937.19, 0.015], [2937.18, 0.014]], "asks": [[2937.4, 75.765], [2937.41, 0.074], [2937.42, 4.698], [2937.44, 0.293], [2937.45, 0.344], [2937.46, 1.997], [2937.47, 0.023], [2937.48, 0.057], [2937.49, 0.352], [2937.5, 0.04], [2937.51, 0.072], [2937.52, 0.05], [2937.53, 1.407], [2937.54, 7.498], [2937.55, 2.736], [2937.56, 5.118], [2937.57, 0.709], [2937.58, 0.011], [2937.59, 0.234], [2937.6, 9.852]], "timestamp": "2025-12-17T07:04:17.747563+00:00"}, {"symbol": "ETHUSDT", "bids": [[2937.27, 68.037], [2937.26, 0.022], [2937.25, 0.023], [2937.24, 0.008], [2937.23, 0.059], [2937.22, 0.037], [2937.2, 0.122], [2937.19, 0.016], [2937.18, 0.064], [2937.17, 0.859], [2937.16, 5.404], [2937.15, 0.227], [2937.14, 1.74], [2937.13, 0.016], [2937.12, 0.449], [2937.11, 1.139], [2937.1, 0.025], [2937.09, 3.912], [2937.08, 5.434], [2937.07, 0.015]], "asks": [[2937.28, 111.503], [2937.29, 2.282], [2937.3, 0.023], [2937.31, 0.041], [2937.32, 0.018], [2937.33, 0.028], [2937.34, 0.694], [2937.35, 1.442], [2937.36, 0.055], [2937.37, 0.014], [2937.38, 0.025], [2937.39, 2.539], [2937.4, 0.008], [2937.41, 0.065], [2937.42, 1.742], [2937.43, 0.073], [2937.44, 0.108], [2937.45, 0.016], [2937.46, 0.064], [2937.47, 0.009]], "timestamp": "2025-12-17T07:05:09.501737+00:00"}, {"symbol": "ETHUSDT", "bids": [[2938.98, 202.571], [2938.97, 1.981], [2938.96, 0.009], [2938.95, 3.265], [2938.94, 0.041], [2938.92, 0.041], [2938.91, 0.1], [2938.9, 4.064], [2938.89, 0.106], [2938.88, 0.014], [2938.87, 0.032], [2938.86, 0.134], [2938.85, 0.014], [2938.84, 0.018], [2938.83, 0.014], [2938.82, 0.185], [2938.81, 4.659], [2938.8, 1.061], [2938.79, 1.725], [2938.78, 0.065]], "asks": [[2938.99, 18.556], [2939.0, 26.522], [2939.01, 0.065], [2939.02, 0.03], [2939.03, 0.009], [2939.04, 0.063], [2939.05, 0.099], [2939.06, 0.031], [2939.07, 0.624], [2939.08, 0.023], [2939.09, 0.017], [2939.1, 3.415], [2939.11, 5.908], [2939.12, 0.402], [2939.13, 0.833], [2939.14, 0.014], [2939.15, 1.72], [2939.16, 1.489], [2939.17, 0.037], [2939.18, 0.042]], "timestamp": "2025-12-17T07:06:01.114916+00:00"}, {"symbol": "ETHUSDT", "bids": [[2940.52, 50.323], [2940.51, 1.084], [2940.5, 0.016], [2940.49, 0.066], [2940.48, 0.221], [2940.47, 0.014], [2940.46, 0.025], [2940.45, 0.014], [2940.44, 0.056], [2940.43, 0.02], [2940.42, 0.03], [2940.41, 0.706], [2940.4, 0.033], [2940.39, 4.697], [2940.38, 8.602], [2940.37, 0.361], [2940.36, 0.406], [2940.35, 8.553], [2940.34, 0.014], [2940.33, 0.187]], "asks": [[2940.53, 167.385], [2940.54, 4.36], [2940.55, 0.093], [2940.56, 0.007], [2940.57, 1.049], [2940.58, 1.715], [2940.59, 0.007], [2940.6, 0.1], [2940.61, 0.014], [2940.62, 0.032], [2940.63, 2.607], [2940.64, 0.014], [2940.65, 0.026], [2940.66, 0.297], [2940.67, 1.379], [2940.68, 0.388], [2940.69, 1.716], [2940.7, 0.039], [2940.71, 0.041], [2940.72, 1.218]], "timestamp": "2025-12-17T07:06:52.493538+00:00"}, {"symbol": "ETHUSDT", "bids": [[2939.23, 29.429], [2939.22, 0.039], [2939.21, 1.5], [2939.2, 0.059], [2939.19, 0.009], [2939.18, 0.024], [2939.17, 0.041], [2939.16, 0.039], [2939.15, 0.016], [2939.14, 0.1], [2939.13, 0.017], [2939.12, 0.014], [2939.11, 0.059], [2939.1, 0.056], [2939.08, 0.433], [2939.07, 0.219], [2939.06, 0.024], [2939.05, 2.655], [2939.04, 1.148], [2939.03, 0.03]], "asks": [[2939.24, 95.667], [2939.25, 2.501], [2939.26, 0.007], [2939.28, 0.018], [2939.29, 0.066], [2939.3, 0.021], [2939.31, 0.708], [2939.32, 1.734], [2939.33, 0.041], [2939.34, 0.014], [2939.35, 1.386], [2939.36, 0.064], [2939.37, 0.022], [2939.38, 0.03], [2939.39, 2.764], [2939.4, 0.68], [2939.41, 0.022], [2939.42, 0.041], [2939.43, 4.011], [2939.44, 0.467]], "timestamp": "2025-12-17T07:07:43.923546+00:00"}, {"symbol": "ETHUSDT", "bids": [[2938.18, 206.799], [2938.17, 0.209], [2938.16, 0.39], [2938.15, 0.422], [2938.14, 0.365], [2938.13, 0.014], [2938.12, 0.048], [2938.11, 0.032], [2938.09, 0.055], [2938.08, 0.025], [2938.07, 0.014], [2938.06, 1.58], [2938.05, 1.767], [2938.04, 0.035], [2938.03, 4.28], [2938.02, 0.052], [2938.01, 0.021], [2938.0, 0.009], [2937.99, 0.064], [2937.98, 1.731]], "asks": [[2938.19, 68.841], [2938.2, 0.158], [2938.22, 0.592], [2938.23, 0.026], [2938.24, 0.041], [2938.25, 0.009], [2938.26, 0.494], [2938.27, 0.048], [2938.28, 0.674], [2938.29, 0.018], [2938.3, 0.292], [2938.31, 0.048], [2938.32, 0.367], [2938.33, 1.376], [2938.34, 0.058], [2938.35, 5.888], [2938.36, 0.025], [2938.37, 0.05], [2938.38, 1.732], [2938.39, 0.047]], "timestamp": "2025-12-17T07:08:36.062054+00:00"}, {"symbol": "ETHUSDT", "bids": [[2938.19, 198.53], [2938.18, 1.024], [2938.17, 1.559], [2938.16, 0.389], [2938.15, 0.025], [2938.14, 0.236], [2938.13, 0.065], [2938.12, 1.401], [2938.11, 0.009], [2938.1, 0.05], [2938.09, 0.092], [2938.08, 0.014], [2938.07, 0.038], [2938.06, 1.85], [2938.05, 0.365], [2938.04, 0.028], [2938.03, 2.253], [2938.02, 0.72], [2938.01, 0.217], [2938.0, 8.8]], "asks": [[2938.2, 37.925], [2938.21, 0.125], [2938.23, 0.033], [2938.24, 1.75], [2938.26, 0.039], [2938.27, 1.418], [2938.28, 8.973], [2938.29, 1.556], [2938.3, 0.027], [2938.31, 0.08], [2938.32, 0.031], [2938.33, 0.029], [2938.34, 0.05], [2938.35, 0.046], [2938.36, 2.339], [2938.37, 0.213], [2938.38, 1.738], [2938.39, 0.033], [2938.4, 0.587], [2938.41, 0.732]], "timestamp": "2025-12-17T07:09:28.370823+00:00"}, {"symbol": "ETHUSDT", "bids": [[2937.1, 66.543], [2937.09, 0.433], [2937.08, 0.016], [2937.07, 0.057], [2937.06, 0.04], [2937.05, 0.63], [2937.04, 0.064], [2937.03, 0.023], [2937.02, 0.007], [2937.01, 0.037], [2937.0, 7.595], [2936.99, 0.014], [2936.98, 0.077], [2936.97, 0.099], [2936.96, 0.04], [2936.94, 0.091], [2936.92, 0.038], [2936.91, 0.009], [2936.9, 0.422], [2936.89, 1.781]], "asks": [[2937.11, 137.156], [2937.12, 2.792], [2937.14, 9.94], [2937.15, 0.756], [2937.16, 0.83], [2937.17, 1.488], [2937.18, 0.372], [2937.19, 0.018], [2937.2, 0.018], [2937.21, 1.756], [2937.22, 0.041], [2937.23, 0.022], [2937.24, 0.386], [2937.25, 0.069], [2937.26, 0.014], [2937.27, 0.008], [2937.28, 0.032], [2937.29, 0.121], [2937.3, 1.175], [2937.31, 1.385]], "timestamp": "2025-12-17T07:10:20.216015+00:00"}, {"symbol": "ETHUSDT", "bids": [[2932.85, 75.923], [2932.84, 0.028], [2932.83, 0.007], [2932.82, 0.041], [2932.81, 0.018], [2932.8, 0.041], [2932.79, 0.041], [2932.78, 0.032], [2932.76, 0.014], [2932.75, 0.833], [2932.74, 0.021], [2932.73, 0.008], [2932.72, 0.087], [2932.71, 0.173], [2932.7, 0.014], [2932.69, 0.049], [2932.68, 0.032], [2932.66, 0.028], [2932.65, 0.045], [2932.64, 0.064]], "asks": [[2932.86, 67.885], [2932.87, 0.07], [2932.88, 0.375], [2932.89, 0.05], [2932.9, 0.009], [2932.91, 0.021], [2932.92, 1.047], [2932.93, 0.062], [2932.94, 0.077], [2932.95, 0.091], [2932.96, 0.05], [2932.97, 0.139], [2932.98, 0.34], [2932.99, 1.387], [2933.0, 1.217], [2933.01, 1.328], [2933.02, 0.723], [2933.03, 1.719], [2933.04, 0.072], [2933.06, 0.023]], "timestamp": "2025-12-17T07:11:11.542265+00:00"}, {"symbol": "ETHUSDT", "bids": [[2936.54, 168.722], [2936.53, 0.481], [2936.52, 0.03], [2936.5, 0.066], [2936.49, 0.028], [2936.48, 1.363], [2936.47, 0.032], [2936.46, 0.048], [2936.45, 0.014], [2936.44, 0.018], [2936.43, 0.049], [2936.42, 0.111], [2936.41, 0.032], [2936.4, 0.442], [2936.39, 0.059], [2936.38, 0.022], [2936.37, 0.17], [2936.36, 4.514], [2936.35, 0.033], [2936.34, 0.985]], "asks": [[2936.55, 1.099], [2936.56, 0.224], [2936.57, 0.009], [2936.58, 0.009], [2936.59, 0.009], [2936.6, 0.04], [2936.61, 0.049], [2936.62, 0.023], [2936.63, 0.009], [2936.64, 0.031], [2936.65, 0.064], [2936.66, 0.28], [2936.67, 0.082], [2936.68, 0.211], [2936.69, 0.014], [2936.7, 0.239], [2936.71, 0.073], [2936.72, 2.085], [2936.73, 0.023], [2936.74, 0.904]], "timestamp": "2025-12-17T07:12:02.984384+00:00"}, {"symbol": "ETHUSDT", "bids": [[2937.6, 38.224], [2937.59, 0.007], [2937.58, 0.098], [2937.57, 0.016], [2937.56, 0.058], [2937.55, 0.158], [2937.54, 0.016], [2937.53, 0.021], [2937.52, 0.074], [2937.51, 0.022], [2937.5, 0.007], [2937.49, 0.077], [2937.48, 0.022], [2937.46, 0.084], [2937.45, 0.03], [2937.44, 0.84], [2937.43, 0.048], [2937.42, 0.491], [2937.4, 0.029], [2937.39, 0.047]], "asks": [[2937.61, 121.106], [2937.62, 1.06], [2937.63, 1.823], [2937.64, 0.077], [2937.65, 0.018], [2937.66, 0.014], [2937.67, 0.144], [2937.68, 0.014], [2937.69, 1.71], [2937.7, 0.073], [2937.71, 0.291], [2937.72, 0.184], [2937.73, 0.059], [2937.75, 15.627], [2937.76, 1.802], [2937.77, 0.023], [2937.78, 0.028], [2937.79, 0.016], [2937.8, 0.045], [2937.81, 0.389]], "timestamp": "2025-12-17T07:12:54.557247+00:00"}, {"symbol": "ETHUSDT", "bids": [[2936.1, 46.404], [2936.09, 1.553], [2936.08, 1.717], [2936.07, 0.015], [2936.06, 0.066], [2936.05, 0.037], [2936.03, 0.071], [2936.02, 0.009], [2936.01, 0.031], [2936.0, 1.061], [2935.99, 1.758], [2935.98, 0.024], [2935.97, 0.031], [2935.95, 5.832], [2935.94, 0.14], [2935.93, 0.008], [2935.92, 3.347], [2935.91, 4.062], [2935.9, 5.863], [2935.89, 0.029]], "asks": [[2936.11, 24.72], [2936.12, 0.063], [2936.14, 0.008], [2936.15, 0.018], [2936.16, 0.241], [2936.18, 0.032], [2936.19, 0.787], [2936.2, 2.837], [2936.21, 0.025], [2936.22, 0.942], [2936.23, 0.026], [2936.24, 0.46], [2936.25, 0.739], [2936.26, 0.068], [2936.27, 0.033], [2936.28, 3.79], [2936.29, 1.744], [2936.3, 0.034], [2936.31, 1.559], [2936.32, 0.014]], "timestamp": "2025-12-17T07:13:46.008380+00:00"}, {"symbol": "ETHUSDT", "bids": [[2935.46, 79.852], [2935.45, 1.837], [2935.44, 0.036], [2935.43, 0.1], [2935.42, 0.109], [2935.41, 0.379], [2935.4, 1.245], [2935.38, 0.214], [2935.37, 0.058], [2935.36, 0.055], [2935.35, 1.91], [2935.34, 1.388], [2935.33, 1.802], [2935.32, 0.806], [2935.31, 0.057], [2935.3, 0.014], [2935.29, 0.017], [2935.28, 0.066], [2935.27, 0.017], [2935.26, 0.045]], "asks": [[2935.47, 15.394], [2935.48, 0.179], [2935.49, 0.007], [2935.5, 0.042], [2935.51, 0.579], [2935.52, 0.087], [2935.53, 0.008], [2935.54, 0.021], [2935.55, 0.066], [2935.56, 0.014], [2935.57, 0.007], [2935.58, 1.403], [2935.59, 0.055], [2935.6, 0.026], [2935.61, 0.039], [2935.62, 0.055], [2935.63, 0.018], [2935.64, 1.875], [2935.65, 0.041], [2935.66, 4.872]], "timestamp": "2025-12-17T07:14:37.708767+00:00"}, {"symbol": "ETHUSDT", "bids": [[2933.95, 2.089], [2933.94, 0.118], [2933.92, 0.007], [2933.91, 0.059], [2933.9, 0.043], [2933.89, 0.007], [2933.88, 0.055], [2933.87, 0.018], [2933.84, 0.041], [2933.83, 0.041], [2933.82, 0.022], [2933.81, 0.595], [2933.8, 0.719], [2933.79, 0.158], [2933.78, 0.097], [2933.77, 0.209], [2933.76, 0.063], [2933.75, 0.021], [2933.74, 0.099], [2933.73, 0.038]], "asks": [[2933.96, 135.338], [2933.97, 42.929], [2933.98, 30.064], [2933.99, 30.066], [2934.0, 8.244], [2934.01, 0.055], [2934.02, 0.018], [2934.03, 1.733], [2934.04, 1.841], [2934.05, 0.043], [2934.06, 0.007], [2934.07, 0.064], [2934.08, 0.026], [2934.09, 0.122], [2934.1, 0.102], [2934.11, 2.716], [2934.12, 0.941], [2934.13, 1.753], [2934.14, 0.021], [2934.15, 0.016]], "timestamp": "2025-12-17T07:15:29.380384+00:00"}, {"symbol": "ETHUSDT", "bids": [[2935.19, 43.955], [2935.18, 0.056], [2935.17, 1.507], [2935.15, 0.025], [2935.14, 3.905], [2935.13, 0.048], [2935.12, 0.159], [2935.11, 0.007], [2935.1, 0.1], [2935.09, 0.025], [2935.08, 0.42], [2935.07, 1.412], [2935.06, 0.028], [2935.05, 0.059], [2935.04, 0.114], [2935.03, 0.04], [2935.02, 0.191], [2935.01, 9.298], [2935.0, 57.918], [2934.99, 0.085]], "asks": [[2935.2, 105.448], [2935.21, 0.386], [2935.22, 1.596], [2935.23, 0.016], [2935.24, 0.023], [2935.25, 1.792], [2935.26, 0.039], [2935.27, 0.091], [2935.28, 0.019], [2935.29, 0.132], [2935.3, 0.367], [2935.31, 0.014], [2935.32, 0.057], [2935.33, 0.027], [2935.34, 0.031], [2935.35, 0.242], [2935.36, 6.417], [2935.37, 2.504], [2935.38, 0.038], [2935.39, 0.064]], "timestamp": "2025-12-17T07:16:20.874578+00:00"}, {"symbol": "ETHUSDT", "bids": [[2934.54, 42.424], [2934.53, 0.445], [2934.51, 0.007], [2934.5, 0.066], [2934.49, 0.014], [2934.48, 0.007], [2934.47, 0.039], [2934.45, 0.111], [2934.44, 0.018], [2934.43, 0.014], [2934.42, 0.015], [2934.41, 0.086], [2934.4, 0.007], [2934.39, 1.514], [2934.38, 0.088], [2934.37, 0.027], [2934.36, 0.029], [2934.35, 0.062], [2934.34, 0.017], [2934.33, 0.264]], "asks": [[2934.55, 202.913], [2934.56, 2.184], [2934.57, 0.72], [2934.58, 0.117], [2934.6, 0.232], [2934.61, 0.016], [2934.62, 1.346], [2934.63, 0.024], [2934.64, 0.025], [2934.65, 1.382], [2934.66, 2.307], [2934.67, 0.008], [2934.68, 0.039], [2934.69, 0.073], [2934.7, 2.652], [2934.71, 0.044], [2934.72, 0.086], [2934.73, 0.657], [2934.74, 0.63], [2934.75, 0.03]], "timestamp": "2025-12-17T07:17:12.624695+00:00"}, {"symbol": "ETHUSDT", "bids": [[2934.45, 50.168], [2934.44, 0.077], [2934.42, 0.048], [2934.41, 0.025], [2934.4, 0.021], [2934.39, 0.007], [2934.38, 0.032], [2934.37, 0.041], [2934.36, 0.03], [2934.35, 0.025], [2934.34, 0.055], [2934.33, 0.008], [2934.32, 19.923], [2934.31, 0.091], [2934.3, 0.035], [2934.29, 0.026], [2934.28, 0.073], [2934.27, 1.402], [2934.26, 0.039], [2934.25, 0.065]], "asks": [[2934.46, 120.148], [2934.47, 0.791], [2934.48, 0.998], [2934.49, 0.023], [2934.5, 1.559], [2934.51, 1.042], [2934.52, 0.009], [2934.53, 0.032], [2934.54, 0.063], [2934.55, 0.085], [2934.56, 1.713], [2934.57, 0.105], [2934.58, 0.008], [2934.59, 0.139], [2934.6, 0.074], [2934.61, 3.064], [2934.62, 3.275], [2934.63, 0.059], [2934.64, 1.996], [2934.65, 7.918]], "timestamp": "2025-12-17T07:18:03.946403+00:00"}, {"symbol": "ETHUSDT", "bids": [[2933.13, 28.883], [2933.12, 0.058], [2933.11, 1.5], [2933.1, 0.071], [2933.09, 0.068], [2933.08, 0.055], [2933.07, 0.007], [2933.06, 0.032], [2933.05, 0.018], [2933.04, 0.069], [2933.02, 0.039], [2933.01, 0.196], [2933.0, 1.096], [2932.99, 0.021], [2932.98, 0.007], [2932.97, 0.047], [2932.96, 0.057], [2932.95, 0.394], [2932.94, 0.009], [2932.93, 0.08]], "asks": [[2933.14, 88.77], [2933.15, 5.135], [2933.16, 10.764], [2933.17, 0.049], [2933.18, 1.015], [2933.19, 0.007], [2933.2, 9.9], [2933.21, 0.047], [2933.22, 0.108], [2933.23, 0.021], [2933.24, 0.108], [2933.25, 0.008], [2933.26, 1.735], [2933.27, 4.565], [2933.28, 0.077], [2933.29, 0.048], [2933.3, 0.107], [2933.31, 0.01], [2933.32, 0.07], [2933.33, 0.661]], "timestamp": "2025-12-17T07:18:55.574653+00:00"}, {"symbol": "ETHUSDT", "bids": [[2931.32, 78.44], [2931.31, 0.051], [2931.3, 0.042], [2931.29, 0.066], [2931.27, 1.5], [2931.26, 0.059], [2931.25, 0.407], [2931.24, 1.723], [2931.23, 0.071], [2931.22, 0.009], [2931.21, 0.029], [2931.2, 0.17], [2931.19, 0.023], [2931.18, 0.021], [2931.17, 0.105], [2931.16, 0.03], [2931.15, 0.009], [2931.14, 0.039], [2931.13, 0.064], [2931.12, 2.929]], "asks": [[2931.33, 0.899], [2931.34, 0.211], [2931.35, 1.5], [2931.36, 0.007], [2931.37, 0.168], [2931.38, 0.014], [2931.39, 0.007], [2931.4, 0.039], [2931.41, 0.059], [2931.42, 0.007], [2931.43, 0.007], [2931.44, 0.448], [2931.45, 0.22], [2931.46, 0.028], [2931.47, 0.883], [2931.48, 0.819], [2931.49, 1.446], [2931.5, 3.891], [2931.51, 0.076], [2931.52, 0.055]], "timestamp": "2025-12-17T07:19:47.057663+00:00"}, {"symbol": "ETHUSDT", "bids": [[2933.06, 95.45], [2933.05, 0.008], [2933.04, 0.007], [2933.03, 0.389], [2933.02, 1.103], [2933.01, 0.028], [2933.0, 0.025], [2932.99, 0.098], [2932.98, 0.706], [2932.97, 0.097], [2932.96, 0.382], [2932.95, 0.209], [2932.94, 0.041], [2932.93, 0.03], [2932.92, 0.475], [2932.91, 0.014], [2932.9, 0.015], [2932.89, 0.08], [2932.88, 0.011], [2932.87, 1.719]], "asks": [[2933.07, 28.168], [2933.08, 0.007], [2933.09, 7.565], [2933.1, 0.038], [2933.11, 0.05], [2933.12, 0.023], [2933.13, 0.939], [2933.14, 1.082], [2933.15, 0.041], [2933.16, 0.08], [2933.17, 0.041], [2933.18, 3.299], [2933.19, 0.059], [2933.2, 0.061], [2933.21, 0.117], [2933.22, 0.03], [2933.23, 7.907], [2933.24, 0.05], [2933.25, 5.461], [2933.26, 7.928]], "timestamp": "2025-12-17T07:20:38.791815+00:00"}, {"symbol": "ETHUSDT", "bids": [[2934.63, 57.396], [2934.62, 0.031], [2934.6, 0.218], [2934.59, 0.025], [2934.58, 0.032], [2934.57, 0.685], [2934.56, 0.457], [2934.55, 0.018], [2934.54, 0.465], [2934.53, 0.066], [2934.52, 0.014], [2934.51, 0.379], [2934.5, 0.08], [2934.48, 0.041], [2934.47, 0.078], [2934.46, 0.014], [2934.45, 0.048], [2934.44, 0.062], [2934.43, 0.388], [2934.42, 0.532]], "asks": [[2934.64, 74.818], [2934.65, 0.014], [2934.66, 0.025], [2934.67, 0.064], [2934.68, 0.034], [2934.69, 0.007], [2934.7, 0.127], [2934.71, 0.118], [2934.72, 0.528], [2934.73, 3.78], [2934.74, 0.509], [2934.75, 7.402], [2934.76, 0.076], [2934.77, 0.03], [2934.78, 0.016], [2934.79, 2.999], [2934.8, 0.307], [2934.81, 0.036], [2934.82, 0.064], [2934.83, 1.718]], "timestamp": "2025-12-17T07:21:30.524732+00:00"}, {"symbol": "ETHUSDT", "bids": [[2937.11, 7.576], [2937.1, 0.056], [2937.08, 0.007], [2937.07, 0.066], [2937.06, 0.007], [2937.05, 0.007], [2937.04, 0.08], [2937.02, 0.021], [2937.01, 0.066], [2937.0, 0.037], [2936.99, 0.008], [2936.98, 0.032], [2936.97, 0.041], [2936.96, 0.388], [2936.95, 0.033], [2936.94, 0.055], [2936.92, 0.465], [2936.91, 0.056], [2936.9, 0.025], [2936.89, 1.242]], "asks": [[2937.12, 232.328], [2937.13, 1.617], [2937.14, 0.272], [2937.15, 0.067], [2937.16, 0.147], [2937.17, 1.724], [2937.18, 8.785], [2937.19, 26.896], [2937.2, 1.407], [2937.21, 0.227], [2937.22, 0.059], [2937.23, 1.277], [2937.24, 10.251], [2937.25, 13.006], [2937.26, 0.199], [2937.27, 0.539], [2937.28, 4.77], [2937.29, 0.014], [2937.3, 0.206], [2937.31, 0.266]], "timestamp": "2025-12-17T07:22:22.081995+00:00"}, {"symbol": "ETHUSDT", "bids": [[2937.76, 1.835], [2937.75, 0.05], [2937.73, 0.05], [2937.72, 0.519], [2937.7, 1.001], [2937.69, 1.108], [2937.68, 0.062], [2937.67, 0.009], [2937.66, 0.034], [2937.65, 0.041], [2937.64, 0.009], [2937.63, 0.017], [2937.62, 0.023], [2937.61, 0.064], [2937.6, 0.033], [2937.59, 0.104], [2937.58, 0.064], [2937.56, 1.182], [2937.55, 0.009], [2937.54, 0.073]], "asks": [[2937.77, 242.565], [2937.78, 0.021], [2937.8, 3.278], [2937.81, 1.635], [2937.82, 0.951], [2937.83, 0.91], [2937.84, 0.123], [2937.85, 10.98], [2937.86, 0.014], [2937.87, 0.059], [2937.88, 0.062], [2937.89, 7.875], [2937.9, 12.707], [2937.91, 0.018], [2937.92, 3.456], [2937.93, 0.033], [2937.94, 1.387], [2937.95, 0.014], [2937.96, 0.028], [2937.97, 10.889]], "timestamp": "2025-12-17T07:23:13.663817+00:00"}, {"symbol": "ETHUSDT", "bids": [[2935.13, 31.992], [2935.12, 9.447], [2935.11, 6.458], [2935.1, 0.014], [2935.09, 0.131], [2935.08, 1.206], [2935.07, 0.032], [2935.06, 0.007], [2935.05, 0.078], [2935.04, 0.827], [2935.03, 0.03], [2935.02, 1.072], [2935.01, 0.046], [2935.0, 6.247], [2934.99, 1.238], [2934.98, 0.034], [2934.97, 0.227], [2934.96, 0.388], [2934.95, 0.165], [2934.94, 0.009]], "asks": [[2935.14, 87.26], [2935.15, 0.137], [2935.16, 0.018], [2935.17, 0.055], [2935.18, 0.018], [2935.19, 0.025], [2935.2, 0.063], [2935.21, 0.014], [2935.22, 0.032], [2935.23, 0.062], [2935.24, 0.015], [2935.25, 0.039], [2935.26, 0.023], [2935.27, 1.783], [2935.28, 0.04], [2935.29, 0.021], [2935.3, 0.128], [2935.31, 0.541], [2935.32, 1.719], [2935.33, 9.054]], "timestamp": "2025-12-17T07:24:05.423137+00:00"}, {"symbol": "ETHUSDT", "bids": [[2935.63, 5.56], [2935.62, 0.056], [2935.61, 1.523], [2935.59, 1.282], [2935.58, 0.021], [2935.56, 0.073], [2935.53, 0.059], [2935.52, 0.032], [2935.5, 0.016], [2935.49, 0.126], [2935.47, 0.032], [2935.46, 0.052], [2935.45, 0.023], [2935.44, 0.008], [2935.43, 0.055], [2935.42, 0.388], [2935.41, 0.193], [2935.4, 0.898], [2935.39, 0.071], [2935.38, 0.092]], "asks": [[2935.64, 147.577], [2935.65, 4.079], [2935.66, 10.176], [2935.67, 0.007], [2935.68, 0.018], [2935.69, 2.538], [2935.7, 1.987], [2935.71, 0.044], [2935.72, 0.473], [2935.73, 0.032], [2935.74, 0.225], [2935.75, 0.27], [2935.76, 0.041], [2935.77, 0.363], [2935.78, 0.063], [2935.79, 4.057], [2935.8, 0.48], [2935.81, 4.036], [2935.82, 1.753], [2935.83, 0.232]], "timestamp": "2025-12-17T07:24:56.815820+00:00"}, {"symbol": "ETHUSDT", "bids": [[2934.9, 26.917], [2934.89, 0.063], [2934.88, 0.007], [2934.87, 0.018], [2934.86, 0.057], [2934.85, 0.016], [2934.84, 0.209], [2934.83, 0.047], [2934.82, 0.037], [2934.81, 0.063], [2934.8, 0.032], [2934.79, 0.133], [2934.78, 0.107], [2934.77, 0.016], [2934.76, 0.021], [2934.75, 1.034], [2934.74, 0.038], [2934.73, 0.018], [2934.72, 0.278], [2934.71, 0.057]], "asks": [[2934.91, 165.88], [2934.92, 0.055], [2934.93, 0.17], [2934.94, 0.964], [2934.95, 1.763], [2934.96, 1.443], [2934.98, 0.055], [2934.99, 0.4], [2935.0, 0.45], [2935.01, 0.041], [2935.02, 1.395], [2935.03, 0.051], [2935.04, 0.073], [2935.05, 2.31], [2935.06, 0.021], [2935.07, 0.018], [2935.08, 0.148], [2935.09, 0.052], [2935.1, 0.063], [2935.11, 0.269]], "timestamp": "2025-12-17T07:25:48.310389+00:00"}, {"symbol": "ETHUSDT", "bids": [[2934.86, 27.589], [2934.85, 1.534], [2934.84, 1.5], [2934.83, 0.914], [2934.82, 0.05], [2934.81, 0.041], [2934.8, 46.349], [2934.79, 0.046], [2934.78, 0.041], [2934.77, 0.021], [2934.76, 0.394], [2934.75, 1.741], [2934.74, 0.007], [2934.73, 0.174], [2934.72, 0.05], [2934.71, 0.109], [2934.7, 0.043], [2934.69, 0.055], [2934.68, 0.029], [2934.67, 0.023]], "asks": [[2934.87, 113.385], [2934.88, 0.191], [2934.89, 1.411], [2934.9, 4.032], [2934.91, 1.009], [2934.92, 2.365], [2934.93, 0.039], [2934.94, 0.032], [2934.95, 1.745], [2934.96, 0.393], [2934.97, 0.017], [2934.98, 9.299], [2934.99, 0.038], [2935.0, 0.034], [2935.01, 0.338], [2935.02, 2.872], [2935.03, 1.372], [2935.04, 0.064], [2935.05, 8.139], [2935.06, 0.037]], "timestamp": "2025-12-17T07:26:39.845024+00:00"}, {"symbol": "ETHUSDT", "bids": [[2935.81, 59.841], [2935.8, 0.03], [2935.79, 0.523], [2935.78, 1.0], [2935.77, 1.059], [2935.76, 0.028], [2935.75, 0.009], [2935.74, 0.079], [2935.73, 0.023], [2935.72, 0.014], [2935.71, 0.621], [2935.7, 0.155], [2935.69, 0.041], [2935.68, 0.218], [2935.67, 0.046], [2935.66, 0.057], [2935.65, 0.045], [2935.64, 1.422], [2935.63, 0.023], [2935.62, 0.513]], "asks": [[2935.82, 83.983], [2935.83, 0.184], [2935.86, 0.524], [2935.87, 1.418], [2935.89, 0.039], [2935.9, 0.041], [2935.91, 1.735], [2935.92, 0.034], [2935.93, 0.055], [2935.94, 0.015], [2935.95, 3.582], [2935.96, 8.528], [2935.97, 2.607], [2935.98, 0.21], [2935.99, 0.065], [2936.0, 1.374], [2936.01, 0.064], [2936.02, 0.1], [2936.03, 9.475], [2936.04, 0.7]], "timestamp": "2025-12-17T07:27:31.619279+00:00"}, {"symbol": "ETHUSDT", "bids": [[2936.18, 126.971], [2936.17, 18.6], [2936.16, 0.007], [2936.14, 0.362], [2936.13, 0.055], [2936.11, 0.055], [2936.1, 0.045], [2936.09, 0.014], [2936.08, 1.779], [2936.07, 0.046], [2936.06, 0.008], [2936.05, 0.014], [2936.04, 0.059], [2936.03, 0.014], [2936.02, 0.008], [2936.01, 15.845], [2936.0, 100.066], [2935.99, 1.413], [2935.98, 0.032], [2935.97, 1.765]], "asks": [[2936.19, 110.221], [2936.2, 0.841], [2936.21, 8.293], [2936.22, 0.278], [2936.23, 0.1], [2936.24, 0.016], [2936.25, 0.517], [2936.26, 0.014], [2936.27, 1.76], [2936.28, 1.058], [2936.29, 0.017], [2936.3, 1.521], [2936.31, 0.847], [2936.32, 1.397], [2936.33, 0.015], [2936.34, 0.086], [2936.35, 0.22], [2936.36, 0.028], [2936.37, 2.543], [2936.38, 0.071]], "timestamp": "2025-12-17T07:28:23.299193+00:00"}, {"symbol": "ETHUSDT", "bids": [[2936.19, 122.565], [2936.18, 0.04], [2936.17, 0.048], [2936.16, 0.033], [2936.15, 0.018], [2936.14, 0.064], [2936.13, 0.621], [2936.12, 0.397], [2936.11, 0.055], [2936.1, 2.511], [2936.09, 0.03], [2936.08, 1.05], [2936.07, 0.106], [2936.06, 8.206], [2936.05, 0.03], [2936.04, 14.08], [2936.03, 23.723], [2936.02, 0.029], [2936.01, 5.53], [2936.0, 122.592]], "asks": [[2936.2, 44.682], [2936.21, 0.125], [2936.22, 0.048], [2936.24, 0.018], [2936.25, 0.023], [2936.26, 0.059], [2936.27, 0.014], [2936.29, 0.032], [2936.3, 0.025], [2936.31, 0.098], [2936.33, 1.735], [2936.34, 0.041], [2936.35, 0.014], [2936.36, 0.032], [2936.37, 0.107], [2936.38, 0.049], [2936.39, 0.023], [2936.4, 0.007], [2936.41, 1.436], [2936.42, 0.017]], "timestamp": "2025-12-17T07:29:14.881159+00:00"}, {"symbol": "ETHUSDT", "bids": [[2936.68, 183.739], [2936.67, 3.45], [2936.66, 1.5], [2936.64, 0.032], [2936.63, 0.088], [2936.62, 0.051], [2936.61, 0.028], [2936.6, 1.78], [2936.59, 0.032], [2936.58, 0.014], [2936.57, 0.014], [2936.56, 0.018], [2936.55, 0.076], [2936.53, 3.73], [2936.52, 13.71], [2936.51, 2.069], [2936.5, 0.034], [2936.49, 0.255], [2936.48, 2.028], [2936.47, 0.639]], "asks": [[2936.69, 44.331], [2936.7, 0.071], [2936.71, 0.018], [2936.72, 0.007], [2936.73, 0.018], [2936.74, 1.644], [2936.76, 0.017], [2936.77, 0.064], [2936.78, 0.007], [2936.79, 1.726], [2936.8, 3.794], [2936.81, 0.014], [2936.82, 0.03], [2936.83, 1.443], [2936.84, 0.031], [2936.85, 0.023], [2936.86, 0.055], [2936.87, 1.749], [2936.88, 2.355], [2936.89, 0.041]], "timestamp": "2025-12-17T07:30:06.361853+00:00"}, {"symbol": "ETHUSDT", "bids": [[2939.17, 73.501], [2939.16, 0.363], [2939.15, 0.014], [2939.14, 0.018], [2939.13, 3.146], [2939.12, 0.035], [2939.11, 10.389], [2939.1, 15.211], [2939.09, 0.007], [2939.08, 0.049], [2939.07, 0.359], [2939.06, 6.172], [2939.05, 6.805], [2939.04, 0.039], [2939.03, 6.857], [2939.02, 0.036], [2939.01, 0.358], [2939.0, 4.297], [2938.99, 0.027], [2938.98, 0.891]], "asks": [[2939.18, 99.407], [2939.19, 44.271], [2939.2, 30.0], [2939.21, 30.055], [2939.22, 30.159], [2939.23, 0.083], [2939.24, 0.208], [2939.25, 0.164], [2939.26, 0.018], [2939.27, 0.123], [2939.28, 0.1], [2939.29, 0.014], [2939.3, 0.016], [2939.31, 0.08], [2939.33, 1.514], [2939.34, 1.768], [2939.35, 0.184], [2939.36, 0.859], [2939.37, 0.064], [2939.38, 0.025]], "timestamp": "2025-12-17T07:30:57.728433+00:00"}, {"symbol": "ETHUSDT", "bids": [[2941.79, 55.321], [2941.78, 4.735], [2941.77, 0.255], [2941.76, 0.051], [2941.75, 0.032], [2941.74, 0.073], [2941.73, 0.007], [2941.72, 0.007], [2941.71, 0.073], [2941.7, 0.007], [2941.69, 0.021], [2941.68, 0.073], [2941.67, 0.021], [2941.66, 0.015], [2941.65, 1.328], [2941.64, 1.411], [2941.63, 0.021], [2941.62, 1.783], [2941.61, 0.014], [2941.6, 0.007]], "asks": [[2941.8, 60.267], [2941.81, 0.007], [2941.82, 0.048], [2941.83, 0.694], [2941.84, 1.896], [2941.85, 0.102], [2941.86, 4.69], [2941.87, 0.067], [2941.88, 1.789], [2941.89, 0.08], [2941.9, 0.292], [2941.91, 0.15], [2941.92, 0.15], [2941.93, 0.285], [2941.94, 0.057], [2941.95, 18.088], [2941.96, 4.555], [2941.97, 6.658], [2941.98, 79.05], [2941.99, 1.747]], "timestamp": "2025-12-17T07:31:50.417742+00:00"}, {"symbol": "ETHUSDT", "bids": [[2941.08, 66.743], [2941.07, 0.122], [2941.06, 0.018], [2941.05, 0.064], [2941.04, 0.009], [2941.03, 0.034], [2941.02, 0.079], [2941.01, 0.042], [2941.0, 3.427], [2940.99, 0.064], [2940.98, 0.107], [2940.97, 0.014], [2940.96, 0.016], [2940.95, 0.023], [2940.94, 0.056], [2940.93, 0.029], [2940.92, 0.018], [2940.91, 0.084], [2940.9, 0.192], [2940.89, 0.023]], "asks": [[2941.09, 121.552], [2941.1, 0.657], [2941.11, 0.161], [2941.12, 0.007], [2941.13, 0.075], [2941.14, 0.014], [2941.15, 1.504], [2941.16, 2.696], [2941.17, 0.018], [2941.18, 0.055], [2941.19, 7.48], [2941.2, 1.543], [2941.22, 3.949], [2941.23, 0.025], [2941.24, 0.449], [2941.25, 1.416], [2941.26, 0.025], [2941.27, 0.014], [2941.28, 2.63], [2941.29, 0.894]], "timestamp": "2025-12-17T07:32:42.932061+00:00"}, {"symbol": "ETHUSDT", "bids": [[2943.33, 77.415], [2943.32, 0.049], [2943.3, 0.291], [2943.29, 0.394], [2943.28, 0.014], [2943.27, 7.598], [2943.26, 13.662], [2943.25, 10.266], [2943.24, 0.689], [2943.22, 0.039], [2943.21, 13.161], [2943.2, 0.831], [2943.19, 0.018], [2943.18, 11.138], [2943.17, 12.05], [2943.16, 1.374], [2943.15, 0.041], [2943.14, 0.031], [2943.13, 1.33], [2943.12, 0.394]], "asks": [[2943.34, 13.669], [2943.35, 1.014], [2943.36, 0.015], [2943.37, 0.041], [2943.38, 9.715], [2943.39, 0.136], [2943.4, 0.048], [2943.41, 0.117], [2943.42, 0.017], [2943.43, 0.064], [2943.44, 0.632], [2943.45, 0.03], [2943.46, 0.463], [2943.47, 0.933], [2943.48, 0.019], [2943.49, 0.076], [2943.5, 1.255], [2943.51, 0.014], [2943.52, 0.071], [2943.53, 0.014]], "timestamp": "2025-12-17T07:33:34.321288+00:00"}, {"symbol": "ETHUSDT", "bids": [[2945.0, 805.966], [2944.99, 0.056], [2944.98, 0.028], [2944.97, 0.094], [2944.96, 0.025], [2944.95, 0.862], [2944.94, 0.614], [2944.93, 0.04], [2944.91, 0.175], [2944.9, 6.9], [2944.89, 0.059], [2944.88, 6.87], [2944.87, 0.009], [2944.86, 0.014], [2944.85, 0.059], [2944.84, 5.803], [2944.82, 35.584], [2944.81, 0.028], [2944.8, 9.042], [2944.79, 0.024]], "asks": [[2945.01, 136.012], [2945.02, 8.803], [2945.03, 0.048], [2945.04, 0.007], [2945.05, 0.114], [2945.06, 1.83], [2945.07, 0.048], [2945.08, 6.754], [2945.09, 1.576], [2945.1, 0.151], [2945.11, 0.051], [2945.12, 0.998], [2945.13, 0.055], [2945.14, 0.018], [2945.15, 0.03], [2945.16, 1.737], [2945.17, 1.862], [2945.18, 1.383], [2945.19, 0.023], [2945.2, 0.022]], "timestamp": "2025-12-17T07:34:26.095331+00:00"}, {"symbol": "ETHUSDT", "bids": [[2952.91, 39.712], [2952.9, 0.014], [2952.89, 0.01], [2952.88, 0.048], [2952.87, 0.009], [2952.86, 0.014], [2952.85, 0.086], [2952.84, 0.064], [2952.82, 0.014], [2952.81, 0.057], [2952.8, 0.014], [2952.79, 0.008], [2952.78, 0.023], [2952.77, 1.693], [2952.76, 0.901], [2952.75, 0.017], [2952.74, 0.03], [2952.72, 0.364], [2952.71, 0.015], [2952.7, 0.014]], "asks": [[2952.92, 117.209], [2952.93, 0.164], [2952.96, 0.325], [2952.97, 0.023], [2952.99, 0.04], [2953.01, 0.014], [2953.02, 0.04], [2953.03, 0.388], [2953.04, 1.735], [2953.05, 0.774], [2953.06, 5.178], [2953.07, 0.014], [2953.08, 18.12], [2953.09, 0.37], [2953.1, 2.037], [2953.11, 7.45], [2953.12, 4.415], [2953.13, 0.207], [2953.14, 0.477], [2953.15, 0.348]], "timestamp": "2025-12-17T07:35:17.391465+00:00"}, {"symbol": "ETHUSDT", "bids": [[2949.08, 164.113], [2949.07, 0.014], [2949.06, 0.041], [2949.04, 3.962], [2949.03, 17.817], [2949.02, 0.086], [2949.01, 1.76], [2949.0, 0.041], [2948.99, 0.023], [2948.98, 0.024], [2948.97, 0.055], [2948.96, 0.007], [2948.95, 0.03], [2948.94, 0.068], [2948.93, 0.652], [2948.92, 0.009], [2948.9, 1.729], [2948.89, 0.146], [2948.88, 0.007], [2948.87, 2.685]], "asks": [[2949.09, 45.332], [2949.1, 0.055], [2949.13, 0.009], [2949.14, 0.055], [2949.15, 0.008], [2949.16, 0.87], [2949.18, 0.009], [2949.19, 1.706], [2949.2, 0.009], [2949.21, 0.009], [2949.22, 0.014], [2949.23, 0.244], [2949.24, 0.037], [2949.26, 0.022], [2949.27, 0.009], [2949.28, 0.055], [2949.29, 0.01], [2949.3, 0.06], [2949.31, 0.055], [2949.32, 0.014]], "timestamp": "2025-12-17T07:36:08.837902+00:00"}, {"symbol": "ETHUSDT", "bids": [[2948.72, 19.532], [2948.71, 10.088], [2948.7, 0.014], [2948.68, 0.025], [2948.67, 1.726], [2948.66, 20.082], [2948.65, 0.053], [2948.64, 0.339], [2948.63, 0.07], [2948.62, 0.018], [2948.61, 0.861], [2948.6, 0.875], [2948.59, 0.04], [2948.58, 0.015], [2948.57, 1.767], [2948.56, 0.009], [2948.55, 0.047], [2948.54, 0.057], [2948.53, 0.362], [2948.52, 0.397]], "asks": [[2948.73, 87.907], [2948.74, 0.014], [2948.76, 0.014], [2948.77, 0.059], [2948.79, 0.016], [2948.8, 0.032], [2948.82, 0.082], [2948.83, 0.018], [2948.84, 0.014], [2948.85, 0.097], [2948.86, 6.785], [2948.88, 0.014], [2948.89, 1.383], [2948.9, 0.055], [2948.92, 0.407], [2948.93, 0.066], [2948.94, 0.35], [2948.96, 0.016], [2948.97, 5.694], [2948.98, 0.055]], "timestamp": "2025-12-17T07:37:00.764409+00:00"}, {"symbol": "ETHUSDT", "bids": [[2947.5, 66.732], [2947.49, 0.064], [2947.48, 0.107], [2947.47, 0.032], [2947.46, 0.055], [2947.45, 0.428], [2947.44, 0.059], [2947.43, 0.527], [2947.42, 0.044], [2947.41, 0.026], [2947.4, 0.243], [2947.39, 0.351], [2947.38, 0.031], [2947.37, 0.231], [2947.36, 0.681], [2947.35, 4.177], [2947.34, 0.113], [2947.33, 0.031], [2947.32, 0.634], [2947.31, 1.717]], "asks": [[2947.51, 113.296], [2947.52, 1.084], [2947.53, 0.205], [2947.54, 0.041], [2947.55, 0.107], [2947.56, 0.048], [2947.57, 0.041], [2947.58, 0.159], [2947.59, 0.017], [2947.6, 0.014], [2947.61, 0.306], [2947.62, 0.187], [2947.63, 0.014], [2947.64, 0.807], [2947.65, 0.032], [2947.66, 0.055], [2947.67, 2.169], [2947.68, 0.053], [2947.69, 1.709], [2947.7, 0.077]], "timestamp": "2025-12-17T07:37:52.293513+00:00"}, {"symbol": "ETHUSDT", "bids": [[2948.21, 170.615], [2948.2, 0.021], [2948.19, 0.101], [2948.18, 0.045], [2948.17, 0.018], [2948.16, 0.014], [2948.15, 0.073], [2948.14, 0.023], [2948.13, 14.425], [2948.12, 2.449], [2948.11, 0.018], [2948.1, 0.36], [2948.09, 0.072], [2948.08, 2.163], [2948.07, 0.347], [2948.06, 0.014], [2948.05, 0.025], [2948.04, 2.696], [2948.03, 0.917], [2948.02, 3.416]], "asks": [[2948.22, 54.447], [2948.23, 0.07], [2948.24, 2.305], [2948.26, 0.087], [2948.27, 0.032], [2948.29, 0.087], [2948.3, 0.059], [2948.31, 0.029], [2948.32, 6.844], [2948.33, 0.009], [2948.34, 0.021], [2948.35, 0.057], [2948.36, 0.647], [2948.37, 0.159], [2948.38, 0.091], [2948.39, 0.019], [2948.4, 0.187], [2948.41, 2.062], [2948.42, 0.017], [2948.43, 7.652]], "timestamp": "2025-12-17T07:38:43.628093+00:00"}, {"symbol": "ETHUSDT", "bids": [[2948.71, 33.009], [2948.7, 0.214], [2948.68, 0.062], [2948.67, 0.018], [2948.66, 0.021], [2948.65, 0.024], [2948.64, 1.834], [2948.63, 10.007], [2948.62, 0.007], [2948.61, 0.059], [2948.6, 0.021], [2948.59, 0.054], [2948.58, 0.032], [2948.57, 0.048], [2948.56, 0.021], [2948.55, 0.025], [2948.54, 0.073], [2948.53, 1.704], [2948.52, 1.383], [2948.51, 0.041]], "asks": [[2948.72, 131.047], [2948.73, 0.149], [2948.75, 0.009], [2948.76, 0.172], [2948.77, 0.164], [2948.78, 0.988], [2948.79, 0.064], [2948.8, 0.126], [2948.81, 0.023], [2948.82, 0.036], [2948.84, 0.064], [2948.85, 0.075], [2948.86, 0.032], [2948.87, 0.064], [2948.88, 0.016], [2948.89, 0.031], [2948.9, 0.014], [2948.91, 0.219], [2948.92, 0.021], [2948.93, 0.8]], "timestamp": "2025-12-17T07:39:35.925692+00:00"}, {"symbol": "ETHUSDT", "bids": [[2947.49, 35.548], [2947.48, 0.007], [2947.47, 0.007], [2947.46, 0.05], [2947.45, 0.018], [2947.44, 0.014], [2947.43, 2.805], [2947.42, 0.087], [2947.41, 1.704], [2947.4, 0.065], [2947.39, 0.081], [2947.38, 0.062], [2947.37, 5.686], [2947.36, 0.032], [2947.35, 2.65], [2947.34, 8.11], [2947.33, 0.026], [2947.32, 9.576], [2947.31, 0.31], [2947.3, 0.023]], "asks": [[2947.5, 75.756], [2947.51, 0.057], [2947.52, 0.041], [2947.54, 0.026], [2947.55, 0.014], [2947.56, 0.421], [2947.57, 0.032], [2947.58, 0.015], [2947.59, 0.25], [2947.6, 0.018], [2947.61, 0.007], [2947.62, 0.364], [2947.63, 0.027], [2947.64, 0.031], [2947.65, 0.186], [2947.66, 0.047], [2947.68, 0.045], [2947.69, 0.052], [2947.7, 0.095], [2947.71, 0.348]], "timestamp": "2025-12-17T07:40:27.353315+00:00"}, {"symbol": "ETHUSDT", "bids": [[2947.3, 81.868], [2947.29, 0.329], [2947.28, 0.016], [2947.27, 0.205], [2947.26, 0.1], [2947.25, 0.501], [2947.24, 3.103], [2947.23, 0.079], [2947.22, 0.392], [2947.21, 0.088], [2947.2, 1.324], [2947.19, 0.064], [2947.18, 5.701], [2947.17, 6.481], [2947.16, 0.437], [2947.15, 2.655], [2947.14, 1.201], [2947.13, 1.719], [2947.12, 17.639], [2947.11, 0.014]], "asks": [[2947.31, 58.205], [2947.32, 0.022], [2947.33, 0.126], [2947.34, 7.471], [2947.35, 0.025], [2947.36, 0.009], [2947.37, 0.986], [2947.38, 0.08], [2947.4, 0.021], [2947.41, 0.032], [2947.42, 0.062], [2947.43, 0.015], [2947.44, 5.032], [2947.45, 8.918], [2947.46, 0.182], [2947.47, 0.026], [2947.48, 0.387], [2947.49, 0.073], [2947.5, 5.785], [2947.51, 9.313]], "timestamp": "2025-12-17T07:41:18.893549+00:00"}, {"symbol": "ETHUSDT", "bids": [[2946.55, 156.733], [2946.54, 0.021], [2946.53, 0.8], [2946.52, 0.066], [2946.51, 0.033], [2946.5, 0.007], [2946.49, 0.025], [2946.48, 0.035], [2946.47, 1.774], [2946.46, 0.016], [2946.45, 0.09], [2946.44, 0.091], [2946.43, 25.072], [2946.42, 0.788], [2946.41, 0.041], [2946.4, 2.749], [2946.39, 0.018], [2946.38, 0.183], [2946.37, 1.707], [2946.36, 0.079]], "asks": [[2946.56, 9.324], [2946.57, 0.049], [2946.58, 0.007], [2946.6, 0.225], [2946.61, 0.041], [2946.63, 0.032], [2946.64, 0.041], [2946.65, 0.014], [2946.66, 0.225], [2946.67, 0.126], [2946.68, 0.008], [2946.69, 0.018], [2946.7, 0.041], [2946.71, 0.014], [2946.72, 0.033], [2946.73, 0.055], [2946.74, 0.849], [2946.75, 0.065], [2946.76, 0.015], [2946.77, 10.504]], "timestamp": "2025-12-17T07:42:10.528300+00:00"}, {"symbol": "ETHUSDT", "bids": [[2945.46, 83.243], [2945.45, 19.561], [2945.44, 0.041], [2945.43, 0.014], [2945.42, 0.018], [2945.41, 0.018], [2945.4, 0.028], [2945.39, 0.041], [2945.38, 105.088], [2945.37, 0.092], [2945.36, 1.099], [2945.35, 0.039], [2945.34, 0.128], [2945.33, 0.049], [2945.32, 0.046], [2945.31, 0.021], [2945.3, 0.076], [2945.29, 0.047], [2945.28, 0.007], [2945.27, 0.135]], "asks": [[2945.47, 84.042], [2945.48, 0.015], [2945.49, 1.867], [2945.5, 0.059], [2945.51, 0.492], [2945.52, 1.321], [2945.53, 0.023], [2945.54, 0.196], [2945.55, 0.697], [2945.56, 0.023], [2945.57, 0.073], [2945.58, 0.221], [2945.59, 1.724], [2945.6, 0.495], [2945.61, 0.674], [2945.62, 1.493], [2945.63, 0.023], [2945.64, 1.847], [2945.65, 0.031], [2945.66, 0.023]], "timestamp": "2025-12-17T07:43:02.146877+00:00"}, {"symbol": "ETHUSDT", "bids": [[2948.95, 78.626], [2948.94, 13.597], [2948.93, 0.09], [2948.92, 19.338], [2948.91, 124.538], [2948.9, 0.014], [2948.89, 4.305], [2948.88, 0.059], [2948.87, 0.014], [2948.86, 1.031], [2948.85, 0.087], [2948.84, 0.113], [2948.83, 0.015], [2948.82, 3.057], [2948.8, 0.447], [2948.79, 0.049], [2948.78, 2.373], [2948.77, 0.05], [2948.76, 13.639], [2948.75, 0.059]], "asks": [[2948.96, 9.19], [2948.97, 0.008], [2948.98, 0.009], [2948.99, 0.059], [2949.0, 0.036], [2949.01, 0.023], [2949.02, 0.05], [2949.03, 0.022], [2949.04, 0.663], [2949.06, 0.057], [2949.07, 0.023], [2949.09, 0.071], [2949.1, 0.024], [2949.11, 0.014], [2949.12, 0.045], [2949.13, 0.064], [2949.14, 0.008], [2949.15, 0.381], [2949.16, 0.018], [2949.17, 0.023]], "timestamp": "2025-12-17T07:43:53.634718+00:00"}, {"symbol": "ETHUSDT", "bids": [[2947.79, 275.141], [2947.78, 0.181], [2947.77, 0.007], [2947.76, 0.056], [2947.75, 0.086], [2947.74, 0.062], [2947.73, 0.855], [2947.72, 3.599], [2947.71, 21.363], [2947.7, 1.736], [2947.69, 0.062], [2947.68, 1.426], [2947.67, 0.035], [2947.66, 0.15], [2947.65, 0.062], [2947.64, 29.76], [2947.63, 43.501], [2947.62, 0.076], [2947.61, 3.41], [2947.6, 9.591]], "asks": [[2947.8, 11.41], [2947.81, 0.056], [2947.82, 0.026], [2947.83, 0.008], [2947.84, 0.073], [2947.85, 0.53], [2947.86, 0.009], [2947.87, 0.054], [2947.88, 0.041], [2947.89, 0.178], [2947.9, 0.032], [2947.91, 0.055], [2947.92, 1.841], [2947.93, 0.023], [2947.94, 0.014], [2947.95, 0.017], [2947.96, 0.072], [2947.97, 3.0], [2947.98, 0.369], [2947.99, 4.227]], "timestamp": "2025-12-17T07:44:45.816435+00:00"}, {"symbol": "ETHUSDT", "bids": [[2947.9, 51.086], [2947.89, 0.145], [2947.88, 0.009], [2947.87, 0.099], [2947.86, 1.254], [2947.85, 1.715], [2947.84, 0.712], [2947.83, 0.041], [2947.82, 7.056], [2947.81, 0.028], [2947.8, 0.031], [2947.79, 0.141], [2947.78, 0.083], [2947.77, 0.054], [2947.76, 7.592], [2947.75, 1.728], [2947.74, 0.165], [2947.72, 13.585], [2947.71, 1.78], [2947.7, 3.091]], "asks": [[2947.91, 70.468], [2947.92, 0.008], [2947.93, 0.007], [2947.94, 0.007], [2947.95, 0.244], [2947.96, 0.405], [2947.97, 0.007], [2947.98, 2.121], [2947.99, 7.469], [2948.0, 4.137], [2948.01, 0.066], [2948.02, 0.021], [2948.03, 0.007], [2948.04, 0.372], [2948.05, 0.076], [2948.06, 0.009], [2948.07, 0.034], [2948.08, 0.101], [2948.09, 0.008], [2948.1, 2.503]], "timestamp": "2025-12-17T07:45:38.211317+00:00"}, {"symbol": "ETHUSDT", "bids": [[2947.26, 9.832], [2947.25, 0.007], [2947.24, 0.356], [2947.23, 0.083], [2947.22, 0.059], [2947.21, 0.014], [2947.2, 0.036], [2947.19, 6.826], [2947.18, 0.947], [2947.17, 0.009], [2947.16, 0.016], [2947.15, 0.017], [2947.14, 0.122], [2947.13, 1.738], [2947.12, 5.687], [2947.11, 0.177], [2947.1, 0.039], [2947.09, 0.066], [2947.08, 1.744], [2947.07, 3.085]], "asks": [[2947.27, 262.428], [2947.28, 0.029], [2947.31, 0.059], [2947.32, 0.007], [2947.33, 0.041], [2947.34, 1.918], [2947.35, 0.206], [2947.36, 3.831], [2947.37, 0.073], [2947.38, 1.711], [2947.39, 0.026], [2947.4, 0.398], [2947.41, 0.909], [2947.42, 1.455], [2947.43, 0.047], [2947.44, 0.38], [2947.45, 0.014], [2947.46, 0.009], [2947.47, 0.672], [2947.48, 0.495]], "timestamp": "2025-12-17T07:46:29.997172+00:00"}, {"symbol": "ETHUSDT", "bids": [[2946.8, 96.353], [2946.79, 2.767], [2946.78, 0.048], [2946.76, 0.018], [2946.75, 0.073], [2946.73, 0.027], [2946.72, 1.424], [2946.71, 0.023], [2946.69, 0.039], [2946.68, 1.746], [2946.67, 0.064], [2946.66, 0.018], [2946.65, 0.055], [2946.64, 0.008], [2946.63, 0.032], [2946.62, 0.069], [2946.61, 0.014], [2946.6, 21.513], [2946.59, 3.727], [2946.58, 1.764]], "asks": [[2946.81, 104.982], [2946.82, 0.015], [2946.84, 0.711], [2946.85, 3.122], [2946.86, 0.007], [2946.87, 0.266], [2946.88, 0.402], [2946.89, 0.009], [2946.9, 0.401], [2946.91, 2.175], [2946.92, 0.022], [2946.93, 0.039], [2946.94, 0.023], [2946.95, 6.58], [2946.96, 0.694], [2946.97, 0.437], [2946.98, 0.649], [2946.99, 0.362], [2947.0, 2.061], [2947.01, 0.05]], "timestamp": "2025-12-17T07:47:21.627204+00:00"}, {"symbol": "ETHUSDT", "bids": [[2946.83, 80.413], [2946.82, 0.195], [2946.8, 1.665], [2946.79, 0.069], [2946.78, 0.071], [2946.77, 2.741], [2946.76, 0.032], [2946.75, 0.719], [2946.74, 0.014], [2946.73, 0.025], [2946.72, 2.152], [2946.71, 0.049], [2946.7, 0.032], [2946.69, 0.193], [2946.68, 2.932], [2946.67, 4.966], [2946.66, 0.37], [2946.65, 2.514], [2946.64, 0.071], [2946.63, 0.024]], "asks": [[2946.84, 54.139], [2946.85, 0.008], [2946.86, 0.007], [2946.87, 0.031], [2946.88, 0.059], [2946.89, 0.022], [2946.9, 8.435], [2946.91, 0.08], [2946.92, 0.009], [2946.93, 1.732], [2946.94, 0.056], [2946.95, 0.064], [2946.96, 0.419], [2946.97, 0.532], [2946.98, 0.089], [2946.99, 5.132], [2947.0, 32.516], [2947.02, 0.078], [2947.03, 0.014], [2947.04, 0.017]], "timestamp": "2025-12-17T07:48:13.039606+00:00"}, {"symbol": "ETHUSDT", "bids": [[2946.37, 167.761], [2946.36, 5.051], [2946.35, 1.491], [2946.33, 0.085], [2946.32, 0.821], [2946.31, 0.059], [2946.3, 11.497], [2946.29, 0.007], [2946.28, 0.073], [2946.27, 0.018], [2946.26, 3.445], [2946.25, 6.315], [2946.24, 0.369], [2946.23, 0.033], [2946.22, 0.055], [2946.21, 0.018], [2946.2, 0.5], [2946.19, 3.116], [2946.18, 0.023], [2946.17, 0.007]], "asks": [[2946.38, 5.458], [2946.39, 0.008], [2946.4, 3.498], [2946.42, 0.026], [2946.43, 0.076], [2946.44, 0.007], [2946.45, 0.046], [2946.46, 0.064], [2946.47, 0.014], [2946.48, 0.216], [2946.49, 0.03], [2946.5, 0.067], [2946.51, 0.036], [2946.52, 2.072], [2946.53, 0.08], [2946.54, 0.015], [2946.55, 0.03], [2946.56, 0.041], [2946.57, 0.044], [2946.58, 0.022]], "timestamp": "2025-12-17T07:49:04.639176+00:00"}, {"symbol": "ETHUSDT", "bids": [[2946.67, 225.903], [2946.66, 1.718], [2946.64, 1.457], [2946.63, 0.222], [2946.62, 0.021], [2946.61, 0.126], [2946.6, 4.26], [2946.59, 13.562], [2946.58, 3.515], [2946.57, 0.364], [2946.56, 0.014], [2946.55, 0.049], [2946.54, 0.032], [2946.52, 1.814], [2946.51, 4.13], [2946.5, 0.145], [2946.49, 5.698], [2946.48, 0.023], [2946.47, 0.065], [2946.46, 0.055]], "asks": [[2946.68, 3.655], [2946.69, 0.023], [2946.7, 0.027], [2946.71, 0.041], [2946.72, 0.025], [2946.73, 0.03], [2946.75, 0.082], [2946.76, 0.015], [2946.78, 0.033], [2946.79, 0.007], [2946.8, 0.688], [2946.81, 0.025], [2946.82, 0.055], [2946.83, 0.958], [2946.84, 3.206], [2946.85, 0.167], [2946.86, 0.031], [2946.87, 0.871], [2946.88, 0.092], [2946.89, 0.062]], "timestamp": "2025-12-17T07:49:56.214401+00:00"}