[{"id": "2677190755", "price": 2826.99, "amount": 0.062, "side": "buy", "timestamp": 1766014866619}, {"id": "2677190756", "price": 2826.99, "amount": 0.354, "side": "buy", "timestamp": 1766014866948}, {"id": "2677190757", "price": 2826.98, "amount": 0.008, "side": "sell", "timestamp": 1766014867181}, {"id": "2677190758", "price": 2826.99, "amount": 0.318, "side": "buy", "timestamp": 1766014867849}, {"id": "2677190759", "price": 2826.98, "amount": 56.476, "side": "sell", "timestamp": 1766014868086}, {"id": "2677190760", "price": 2826.97, "amount": 0.04, "side": "sell", "timestamp": 1766014868092}, {"id": "2677190761", "price": 2826.96, "amount": 0.477, "side": "sell", "timestamp": 1766014868096}, {"id": "2677190762", "price": 2826.94, "amount": 0.065, "side": "sell", "timestamp": 1766014868126}, {"id": "2677190763", "price": 2826.93, "amount": 0.056, "side": "sell", "timestamp": 1766014868219}, {"id": "2677190764", "price": 2826.93, "amount": 2.281, "side": "sell", "timestamp": 1766014868322}, {"id": "2677190765", "price": 2826.94, "amount": 0.075, "side": "buy", "timestamp": 1766014868572}, {"id": "2677190766", "price": 2826.93, "amount": 7.042, "side": "sell", "timestamp": 1766014868596}, {"id": "2677190767", "price": 2826.92, "amount": 0.009, "side": "sell", "timestamp": 1766014868598}, {"id": "2677190768", "price": 2826.91, "amount": 1.19, "side": "sell", "timestamp": 1766014868601}, {"id": "2677190769", "price": 2826.91, "amount": 0.01, "side": "buy", "timestamp": 1766014868654}, {"id": "2677190770", "price": 2826.91, "amount": 2.0, "side": "buy", "timestamp": 1766014868955}, {"id": "2677190771", "price": 2826.91, "amount": 3.543, "side": "buy", "timestamp": 1766014869304}, {"id": "2677190772", "price": 2826.91, "amount": 0.223, "side": "buy", "timestamp": 1766014869655}, {"id": "2677190773", "price": 2826.9, "amount": 5.485, "side": "sell", "timestamp": 1766014869815}, {"id": "2677190774", "price": 2826.89, "amount": 0.142, "side": "sell", "timestamp": 1766014869817}, {"id": "2677190775", "price": 2826.89, "amount": 0.343, "side": "buy", "timestamp": 1766014869934}, {"id": "2677190776", "price": 2826.88, "amount": 0.008, "side": "sell", "timestamp": 1766014870040}, {"id": "2677190777", "price": 2826.89, "amount": 1.292, "side": "buy", "timestamp": 1766014871553}, {"id": "2677190778", "price": 2826.89, "amount": 1.0, "side": "buy", "timestamp": 1766014871701}, {"id": "2677190779", "price": 2826.88, "amount": 0.353, "side": "sell", "timestamp": 1766014871815}, {"id": "2677190780", "price": 2826.88, "amount": 0.012, "side": "sell", "timestamp": 1766014872052}, {"id": "2677190781", "price": 2826.89, "amount": 2.062, "side": "buy", "timestamp": 1766014872142}, {"id": "2677190782", "price": 2826.88, "amount": 1.99, "side": "sell", "timestamp": 1766014872388}, {"id": "2677190783", "price": 2826.88, "amount": 0.016, "side": "sell", "timestamp": 1766014872531}, {"id": "2677190784", "price": 2826.89, "amount": 0.022, "side": "buy", "timestamp": 1766014872665}, {"id": "2677190785", "price": 2826.89, "amount": 1.339, "side": "buy", "timestamp": 1766014873103}, {"id": "2677190786", "price": 2826.88, "amount": 0.016, "side": "sell", "timestamp": 1766014873104}, {"id": "2677190787", "price": 2826.89, "amount": 5.339, "side": "buy", "timestamp": 1766014873190}, {"id": "2677190788", "price": 2826.89, "amount": 0.045, "side": "buy", "timestamp": 1766014873401}, {"id": "2677190789", "price": 2826.89, "amount": 0.057, "side": "buy", "timestamp": 1766014874294}, {"id": "2677190790", "price": 2826.89, "amount": 0.008, "side": "buy", "timestamp": 1766014874454}, {"id": "2677190791", "price": 2826.89, "amount": 3.049, "side": "buy", "timestamp": 1766014874933}, {"id": "2677190792", "price": 2826.89, "amount": 0.354, "side": "buy", "timestamp": 1766014875397}, {"id": "2677190793", "price": 2826.89, "amount": 1.113, "side": "buy", "timestamp": 1766014875871}, {"id": "2677190794", "price": 2826.9, "amount": 0.048, "side": "buy", "timestamp": 1766014875871}, {"id": "2677190795", "price": 2826.9, "amount": 0.008, "side": "sell", "timestamp": 1766014876175}, {"id": "2677190796", "price": 2826.91, "amount": 0.027, "side": "buy", "timestamp": 1766014876359}, {"id": "2677190797", "price": 2826.91, "amount": 1.0, "side": "buy", "timestamp": 1766014877743}, {"id": "2677190798", "price": 2826.9, "amount": 39.188, "side": "sell", "timestamp": 1766014877889}, {"id": "2677190799", "price": 2826.91, "amount": 3.002, "side": "buy", "timestamp": 1766014878023}, {"id": "2677190800", "price": 2826.9, "amount": 0.012, "side": "sell", "timestamp": 1766014878160}, {"id": "2677190801", "price": 2826.91, "amount": 0.029, "side": "buy", "timestamp": 1766014878622}, {"id": "2677190802", "price": 2826.91, "amount": 0.2, "side": "buy", "timestamp": 1766014878918}, {"id": "2677190803", "price": 2826.9, "amount": 0.008, "side": "sell", "timestamp": 1766014879187}, {"id": "2677190804", "price": 2826.91, "amount": 22.242, "side": "buy", "timestamp": 1766014879730}, {"id": "2677191077", "price": 2827.18, "amount": 1.516, "side": "buy", "timestamp": 1766014928775}, {"id": "2677191078", "price": 2827.19, "amount": 0.039, "side": "buy", "timestamp": 1766014928775}, {"id": "2677191079", "price": 2827.19, "amount": 0.095, "side": "sell", "timestamp": 1766014928780}, {"id": "2677191080", "price": 2827.19, "amount": 0.15, "side": "sell", "timestamp": 1766014928982}, {"id": "2677191081", "price": 2827.19, "amount": 6.807, "side": "sell", "timestamp": 1766014929528}, {"id": "2677191082", "price": 2827.19, "amount": 0.008, "side": "sell", "timestamp": 1766014930083}, {"id": "2677191083", "price": 2827.2, "amount": 0.035, "side": "buy", "timestamp": 1766014930449}, {"id": "2677191084", "price": 2827.2, "amount": 1.2, "side": "buy", "timestamp": 1766014932013}, {"id": "2677191085", "price": 2827.19, "amount": 0.012, "side": "sell", "timestamp": 1766014932169}, {"id": "2677191086", "price": 2827.2, "amount": 0.064, "side": "buy", "timestamp": 1766014932601}, {"id": "2677191087", "price": 2827.2, "amount": 0.525, "side": "buy", "timestamp": 1766014932777}, {"id": "2677191088", "price": 2827.19, "amount": 0.008, "side": "sell", "timestamp": 1766014933102}, {"id": "2677191089", "price": 2827.2, "amount": 11.583, "side": "buy", "timestamp": 1766014933153}, {"id": "2677191090", "price": 2827.19, "amount": 0.02, "side": "sell", "timestamp": 1766014933648}, {"id": "2677191091", "price": 2827.19, "amount": 42.764, "side": "sell", "timestamp": 1766014933754}, {"id": "2677191092", "price": 2827.2, "amount": 0.035, "side": "buy", "timestamp": 1766014934210}, {"id": "2677191093", "price": 2827.2, "amount": 0.794, "side": "buy", "timestamp": 1766014934549}, {"id": "2677191094", "price": 2827.2, "amount": 5.288, "side": "buy", "timestamp": 1766014934733}, {"id": "2677191095", "price": 2827.19, "amount": 0.009, "side": "sell", "timestamp": 1766014934893}, {"id": "2677191096", "price": 2827.2, "amount": 14.28, "side": "buy", "timestamp": 1766014934957}, {"id": "2677191097", "price": 2827.19, "amount": 0.02, "side": "sell", "timestamp": 1766014935443}, {"id": "2677191098", "price": 2827.2, "amount": 0.01, "side": "buy", "timestamp": 1766014936014}, {"id": "2677191099", "price": 2827.19, "amount": 0.008, "side": "sell", "timestamp": 1766014936147}, {"id": "2677191100", "price": 2827.2, "amount": 0.353, "side": "buy", "timestamp": 1766014936349}, {"id": "2677191101", "price": 2827.2, "amount": 2.475, "side": "buy", "timestamp": 1766014936460}, {"id": "2677191102", "price": 2827.2, "amount": 0.2, "side": "buy", "timestamp": 1766014936975}, {"id": "2677191103", "price": 2827.19, "amount": 16.93, "side": "sell", "timestamp": 1766014937144}, {"id": "2677191104", "price": 2827.18, "amount": 4.127, "side": "sell", "timestamp": 1766014937147}, {"id": "2677191105", "price": 2827.17, "amount": 1.031, "side": "sell", "timestamp": 1766014937147}, {"id": "2677191106", "price": 2827.16, "amount": 1.077, "side": "sell", "timestamp": 1766014937147}, {"id": "2677191107", "price": 2827.15, "amount": 3.106, "side": "sell", "timestamp": 1766014937147}, {"id": "2677191108", "price": 2827.14, "amount": 1.0, "side": "sell", "timestamp": 1766014937148}, {"id": "2677191109", "price": 2827.13, "amount": 1.004, "side": "sell", "timestamp": 1766014937148}, {"id": "2677191110", "price": 2827.12, "amount": 1.014, "side": "sell", "timestamp": 1766014937148}, {"id": "2677191111", "price": 2827.11, "amount": 1.017, "side": "sell", "timestamp": 1766014937148}, {"id": "2677191112", "price": 2827.1, "amount": 1.023, "side": "sell", "timestamp": 1766014937149}, {"id": "2677191113", "price": 2827.08, "amount": 0.023, "side": "sell", "timestamp": 1766014937150}, {"id": "2677191114", "price": 2827.07, "amount": 0.016, "side": "sell", "timestamp": 1766014937161}, {"id": "2677191115", "price": 2827.06, "amount": 0.009, "side": "sell", "timestamp": 1766014937161}, {"id": "2677191116", "price": 2827.05, "amount": 0.016, "side": "sell", "timestamp": 1766014937161}, {"id": "2677191117", "price": 2827.04, "amount": 0.024, "side": "sell", "timestamp": 1766014937161}, {"id": "2677191118", "price": 2827.03, "amount": 0.017, "side": "sell", "timestamp": 1766014937161}, {"id": "2677191119", "price": 2827.02, "amount": 0.085, "side": "sell", "timestamp": 1766014937173}, {"id": "2677191120", "price": 2827.01, "amount": 0.008, "side": "sell", "timestamp": 1766014937173}, {"id": "2677191121", "price": 2827.01, "amount": 0.659, "side": "buy", "timestamp": 1766014937252}, {"id": "2677191122", "price": 2827.01, "amount": 0.276, "side": "buy", "timestamp": 1766014937751}, {"id": "2677191123", "price": 2827.0, "amount": 0.039, "side": "sell", "timestamp": 1766014938033}, {"id": "2677191124", "price": 2827.01, "amount": 0.035, "side": "buy", "timestamp": 1766014938452}, {"id": "2677191125", "price": 2827.01, "amount": 0.021, "side": "buy", "timestamp": 1766014938768}, {"id": "2677191126", "price": 2827.0, "amount": 0.008, "side": "sell", "timestamp": 1766014939188}, {"id": "2677191425", "price": 2828.01, "amount": 0.056, "side": "buy", "timestamp": 1766014990237}, {"id": "2677191426", "price": 2828.0, "amount": 0.07, "side": "sell", "timestamp": 1766014990806}, {"id": "2677191427", "price": 2828.01, "amount": 0.361, "side": "buy", "timestamp": 1766014990936}, {"id": "2677191428", "price": 2828.0, "amount": 0.014, "side": "sell", "timestamp": 1766014991462}, {"id": "2677191429", "price": 2828.01, "amount": 0.008, "side": "buy", "timestamp": 1766014991481}, {"id": "2677191430", "price": 2828.0, "amount": 0.008, "side": "sell", "timestamp": 1766014991604}, {"id": "2677191431", "price": 2828.01, "amount": 0.393, "side": "buy", "timestamp": 1766014991857}, {"id": "2677191432", "price": 2828.0, "amount": 0.012, "side": "sell", "timestamp": 1766014992009}, {"id": "2677191433", "price": 2828.01, "amount": 0.176, "side": "buy", "timestamp": 1766014992500}, {"id": "2677191434", "price": 2828.01, "amount": 0.008, "side": "buy", "timestamp": 1766014993050}, {"id": "2677191435", "price": 2828.0, "amount": 0.421, "side": "sell", "timestamp": 1766014993128}, {"id": "2677191436", "price": 2827.99, "amount": 0.065, "side": "sell", "timestamp": 1766014993193}, {"id": "2677191437", "price": 2827.97, "amount": 0.009, "side": "sell", "timestamp": 1766014993193}, {"id": "2677191438", "price": 2827.96, "amount": 1.423, "side": "sell", "timestamp": 1766014993193}, {"id": "2677191439", "price": 2827.95, "amount": 0.024, "side": "sell", "timestamp": 1766014993193}, {"id": "2677191440", "price": 2827.94, "amount": 1.009, "side": "sell", "timestamp": 1766014993193}, {"id": "2677191441", "price": 2827.93, "amount": 0.024, "side": "sell", "timestamp": 1766014993193}, {"id": "2677191442", "price": 2827.92, "amount": 0.18, "side": "sell", "timestamp": 1766014993193}, {"id": "2677191443", "price": 2827.91, "amount": 0.096, "side": "sell", "timestamp": 1766014993193}, {"id": "2677191444", "price": 2827.9, "amount": 3.238, "side": "sell", "timestamp": 1766014993193}, {"id": "2677191445", "price": 2827.89, "amount": 0.015, "side": "sell", "timestamp": 1766014993193}, {"id": "2677191446", "price": 2827.88, "amount": 0.026, "side": "sell", "timestamp": 1766014993193}, {"id": "2677191447", "price": 2827.87, "amount": 0.015, "side": "sell", "timestamp": 1766014993193}, {"id": "2677191448", "price": 2827.86, "amount": 1.981, "side": "sell", "timestamp": 1766014993194}, {"id": "2677191449", "price": 2827.85, "amount": 0.998, "side": "sell", "timestamp": 1766014993194}, {"id": "2677191450", "price": 2827.84, "amount": 0.856, "side": "sell", "timestamp": 1766014993194}, {"id": "2677191451", "price": 2827.83, "amount": 0.191, "side": "sell", "timestamp": 1766014993194}, {"id": "2677191452", "price": 2827.82, "amount": 0.009, "side": "sell", "timestamp": 1766014993194}, {"id": "2677191453", "price": 2827.81, "amount": 0.212, "side": "sell", "timestamp": 1766014993194}, {"id": "2677191454", "price": 2827.8, "amount": 0.582, "side": "sell", "timestamp": 1766014993194}, {"id": "2677191455", "price": 2827.8, "amount": 0.008, "side": "sell", "timestamp": 1766014993581}, {"id": "2677191456", "price": 2827.81, "amount": 0.011, "side": "buy", "timestamp": 1766014993696}, {"id": "2677191457", "price": 2827.81, "amount": 0.121, "side": "buy", "timestamp": 1766014994016}, {"id": "2677191458", "price": 2827.8, "amount": 1.378, "side": "sell", "timestamp": 1766014994190}, {"id": "2677191459", "price": 2827.81, "amount": 0.176, "side": "buy", "timestamp": 1766014994688}, {"id": "2677191460", "price": 2827.81, "amount": 0.114, "side": "buy", "timestamp": 1766014995116}, {"id": "2677191461", "price": 2827.8, "amount": 0.009, "side": "sell", "timestamp": 1766014995693}, {"id": "2677191462", "price": 2827.81, "amount": 0.046, "side": "buy", "timestamp": 1766014995943}, {"id": "2677191463", "price": 2827.8, "amount": 0.008, "side": "sell", "timestamp": 1766014996157}, {"id": "2677191464", "price": 2827.8, "amount": 0.009, "side": "sell", "timestamp": 1766014996582}, {"id": "2677191465", "price": 2827.8, "amount": 0.229, "side": "sell", "timestamp": 1766014996722}, {"id": "2677191466", "price": 2827.81, "amount": 0.318, "side": "buy", "timestamp": 1766014996725}, {"id": "2677191467", "price": 2827.81, "amount": 0.019, "side": "buy", "timestamp": 1766014997153}, {"id": "2677191468", "price": 2827.8, "amount": 0.013, "side": "sell", "timestamp": 1766014997306}, {"id": "2677191469", "price": 2827.81, "amount": 0.273, "side": "buy", "timestamp": 1766014997323}, {"id": "2677191470", "price": 2827.8, "amount": 0.106, "side": "sell", "timestamp": 1766014997583}, {"id": "2677191471", "price": 2827.81, "amount": 0.707, "side": "buy", "timestamp": 1766014997670}, {"id": "2677191472", "price": 2827.8, "amount": 2.846, "side": "sell", "timestamp": 1766014997890}, {"id": "2677191473", "price": 2827.8, "amount": 0.012, "side": "sell", "timestamp": 1766014998138}, {"id": "2677191474", "price": 2827.81, "amount": 0.064, "side": "buy", "timestamp": 1766014998167}, {"id": "2677192086", "price": 2827.1, "amount": 0.12, "side": "sell", "timestamp": 1766015050504}, {"id": "2677192087", "price": 2827.09, "amount": 0.027, "side": "sell", "timestamp": 1766015050504}, {"id": "2677192088", "price": 2827.08, "amount": 2.284, "side": "sell", "timestamp": 1766015050782}, {"id": "2677192089", "price": 2827.08, "amount": 0.106, "side": "sell", "timestamp": 1766015050923}, {"id": "2677192090", "price": 2827.07, "amount": 0.009, "side": "sell", "timestamp": 1766015050923}, {"id": "2677192091", "price": 2827.06, "amount": 0.009, "side": "sell", "timestamp": 1766015050923}, {"id": "2677192092", "price": 2827.05, "amount": 0.034, "side": "sell", "timestamp": 1766015050923}, {"id": "2677192093", "price": 2827.04, "amount": 0.018, "side": "sell", "timestamp": 1766015050923}, {"id": "2677192094", "price": 2827.03, "amount": 0.04, "side": "sell", "timestamp": 1766015050923}, {"id": "2677192095", "price": 2827.02, "amount": 0.035, "side": "sell", "timestamp": 1766015050923}, {"id": "2677192096", "price": 2827.01, "amount": 2.176, "side": "sell", "timestamp": 1766015050927}, {"id": "2677192097", "price": 2827.02, "amount": 0.071, "side": "buy", "timestamp": 1766015051067}, {"id": "2677192098", "price": 2827.02, "amount": 0.008, "side": "buy", "timestamp": 1766015051254}, {"id": "2677192099", "price": 2827.01, "amount": 7.681, "side": "sell", "timestamp": 1766015051864}, {"id": "2677192100", "price": 2827.0, "amount": 83.567, "side": "sell", "timestamp": 1766015051864}, {"id": "2677192101", "price": 2826.99, "amount": 0.057, "side": "sell", "timestamp": 1766015051868}, {"id": "2677192102", "price": 2826.98, "amount": 0.106, "side": "sell", "timestamp": 1766015051868}, {"id": "2677192103", "price": 2826.97, "amount": 0.151, "side": "sell", "timestamp": 1766015051874}, {"id": "2677192104", "price": 2826.96, "amount": 0.032, "side": "sell", "timestamp": 1766015051874}, {"id": "2677192105", "price": 2826.95, "amount": 0.026, "side": "sell", "timestamp": 1766015051874}, {"id": "2677192106", "price": 2826.93, "amount": 13.767, "side": "sell", "timestamp": 1766015051971}, {"id": "2677192107", "price": 2826.92, "amount": 0.009, "side": "sell", "timestamp": 1766015051972}, {"id": "2677192108", "price": 2826.9, "amount": 0.055, "side": "sell", "timestamp": 1766015051972}, {"id": "2677192109", "price": 2826.89, "amount": 0.018, "side": "sell", "timestamp": 1766015051972}, {"id": "2677192110", "price": 2826.88, "amount": 0.134, "side": "sell", "timestamp": 1766015051972}, {"id": "2677192111", "price": 2826.87, "amount": 0.155, "side": "sell", "timestamp": 1766015051972}, {"id": "2677192112", "price": 2826.86, "amount": 0.016, "side": "sell", "timestamp": 1766015051974}, {"id": "2677192113", "price": 2826.85, "amount": 0.009, "side": "sell", "timestamp": 1766015051974}, {"id": "2677192114", "price": 2826.84, "amount": 0.027, "side": "sell", "timestamp": 1766015051974}, {"id": "2677192115", "price": 2826.83, "amount": 0.015, "side": "sell", "timestamp": 1766015051974}, {"id": "2677192116", "price": 2826.82, "amount": 0.028, "side": "sell", "timestamp": 1766015051974}, {"id": "2677192117", "price": 2826.81, "amount": 0.192, "side": "sell", "timestamp": 1766015051974}, {"id": "2677192118", "price": 2826.8, "amount": 0.685, "side": "sell", "timestamp": 1766015051974}, {"id": "2677192119", "price": 2826.79, "amount": 10.574, "side": "sell", "timestamp": 1766015051974}, {"id": "2677192120", "price": 2826.79, "amount": 0.04, "side": "sell", "timestamp": 1766015052751}, {"id": "2677192121", "price": 2826.8, "amount": 38.263, "side": "buy", "timestamp": 1766015052756}, {"id": "2677192122", "price": 2826.81, "amount": 0.71, "side": "buy", "timestamp": 1766015052762}, {"id": "2677192123", "price": 2826.82, "amount": 0.008, "side": "buy", "timestamp": 1766015052767}, {"id": "2677192124", "price": 2826.84, "amount": 0.009, "side": "buy", "timestamp": 1766015052767}, {"id": "2677192125", "price": 2826.85, "amount": 0.024, "side": "buy", "timestamp": 1766015052767}, {"id": "2677192126", "price": 2826.87, "amount": 0.024, "side": "buy", "timestamp": 1766015052767}, {"id": "2677192127", "price": 2826.88, "amount": 0.017, "side": "buy", "timestamp": 1766015052767}, {"id": "2677192128", "price": 2826.89, "amount": 0.009, "side": "buy", "timestamp": 1766015052767}, {"id": "2677192129", "price": 2826.9, "amount": 0.016, "side": "buy", "timestamp": 1766015052767}, {"id": "2677192130", "price": 2826.91, "amount": 0.018, "side": "buy", "timestamp": 1766015052767}, {"id": "2677192131", "price": 2826.93, "amount": 0.071, "side": "buy", "timestamp": 1766015053030}, {"id": "2677192132", "price": 2826.92, "amount": 0.008, "side": "sell", "timestamp": 1766015053108}, {"id": "2677192133", "price": 2826.93, "amount": 0.008, "side": "buy", "timestamp": 1766015053140}, {"id": "2677192134", "price": 2826.92, "amount": 50.0, "side": "sell", "timestamp": 1766015053532}, {"id": "2677192135", "price": 2826.93, "amount": 0.099, "side": "buy", "timestamp": 1766015054000}, {"id": "2677192468", "price": 2827.38, "amount": 0.009, "side": "sell", "timestamp": 1766015108770}, {"id": "2677192469", "price": 2827.37, "amount": 0.009, "side": "sell", "timestamp": 1766015108770}, {"id": "2677192470", "price": 2827.36, "amount": 0.009, "side": "sell", "timestamp": 1766015108770}, {"id": "2677192471", "price": 2827.35, "amount": 0.017, "side": "sell", "timestamp": 1766015108770}, {"id": "2677192472", "price": 2827.33, "amount": 0.032, "side": "sell", "timestamp": 1766015108770}, {"id": "2677192473", "price": 2827.32, "amount": 0.018, "side": "sell", "timestamp": 1766015108770}, {"id": "2677192474", "price": 2827.31, "amount": 0.015, "side": "sell", "timestamp": 1766015108770}, {"id": "2677192475", "price": 2827.3, "amount": 1.947, "side": "sell", "timestamp": 1766015108770}, {"id": "2677192476", "price": 2827.3, "amount": 0.008, "side": "buy", "timestamp": 1766015108948}, {"id": "2677192477", "price": 2827.3, "amount": 0.184, "side": "buy", "timestamp": 1766015109255}, {"id": "2677192478", "price": 2827.3, "amount": 0.032, "side": "buy", "timestamp": 1766015109416}, {"id": "2677192479", "price": 2827.29, "amount": 4.327, "side": "sell", "timestamp": 1766015109543}, {"id": "2677192480", "price": 2827.28, "amount": 0.026, "side": "sell", "timestamp": 1766015109550}, {"id": "2677192481", "price": 2827.28, "amount": 0.057, "side": "buy", "timestamp": 1766015109577}, {"id": "2677192482", "price": 2827.28, "amount": 0.008, "side": "buy", "timestamp": 1766015110162}, {"id": "2677192483", "price": 2827.27, "amount": 0.707, "side": "sell", "timestamp": 1766015110208}, {"id": "2677192484", "price": 2827.28, "amount": 0.4, "side": "buy", "timestamp": 1766015110405}, {"id": "2677192485", "price": 2827.27, "amount": 2.156, "side": "sell", "timestamp": 1766015110830}, {"id": "2677192486", "price": 2827.26, "amount": 0.247, "side": "sell", "timestamp": 1766015110830}, {"id": "2677192487", "price": 2827.25, "amount": 0.585, "side": "sell", "timestamp": 1766015110830}, {"id": "2677192488", "price": 2827.24, "amount": 3.065, "side": "sell", "timestamp": 1766015110830}, {"id": "2677192489", "price": 2827.22, "amount": 0.04, "side": "sell", "timestamp": 1766015110834}, {"id": "2677192490", "price": 2827.21, "amount": 0.009, "side": "sell", "timestamp": 1766015110834}, {"id": "2677192491", "price": 2827.2, "amount": 0.041, "side": "sell", "timestamp": 1766015110834}, {"id": "2677192492", "price": 2827.19, "amount": 0.025, "side": "sell", "timestamp": 1766015110834}, {"id": "2677192493", "price": 2827.18, "amount": 0.026, "side": "sell", "timestamp": 1766015110834}, {"id": "2677192494", "price": 2827.17, "amount": 0.208, "side": "sell", "timestamp": 1766015110846}, {"id": "2677192495", "price": 2827.16, "amount": 0.815, "side": "sell", "timestamp": 1766015110846}, {"id": "2677192496", "price": 2827.15, "amount": 0.009, "side": "sell", "timestamp": 1766015110883}, {"id": "2677192497", "price": 2827.14, "amount": 0.026, "side": "sell", "timestamp": 1766015110883}, {"id": "2677192498", "price": 2827.13, "amount": 0.017, "side": "sell", "timestamp": 1766015110883}, {"id": "2677192499", "price": 2827.12, "amount": 0.176, "side": "sell", "timestamp": 1766015110883}, {"id": "2677192500", "price": 2827.11, "amount": 0.017, "side": "sell", "timestamp": 1766015110883}, {"id": "2677192501", "price": 2827.1, "amount": 0.026, "side": "sell", "timestamp": 1766015110883}, {"id": "2677192502", "price": 2827.09, "amount": 0.022, "side": "sell", "timestamp": 1766015110883}, {"id": "2677192503", "price": 2827.08, "amount": 0.377, "side": "sell", "timestamp": 1766015110886}, {"id": "2677192504", "price": 2827.08, "amount": 0.203, "side": "sell", "timestamp": 1766015111820}, {"id": "2677192505", "price": 2827.07, "amount": 0.009, "side": "sell", "timestamp": 1766015111820}, {"id": "2677192506", "price": 2827.06, "amount": 1.539, "side": "sell", "timestamp": 1766015111844}, {"id": "2677192507", "price": 2827.05, "amount": 0.027, "side": "sell", "timestamp": 1766015111844}, {"id": "2677192508", "price": 2827.03, "amount": 0.023, "side": "sell", "timestamp": 1766015111847}, {"id": "2677192509", "price": 2827.02, "amount": 0.017, "side": "sell", "timestamp": 1766015111847}, {"id": "2677192510", "price": 2827.01, "amount": 0.042, "side": "sell", "timestamp": 1766015111847}, {"id": "2677192511", "price": 2826.99, "amount": 0.035, "side": "sell", "timestamp": 1766015111847}, {"id": "2677192512", "price": 2826.98, "amount": 0.009, "side": "sell", "timestamp": 1766015111847}, {"id": "2677192513", "price": 2826.97, "amount": 0.026, "side": "sell", "timestamp": 1766015111847}, {"id": "2677192514", "price": 2826.96, "amount": 0.009, "side": "sell", "timestamp": 1766015111847}, {"id": "2677192515", "price": 2826.95, "amount": 0.025, "side": "sell", "timestamp": 1766015111847}, {"id": "2677192516", "price": 2826.94, "amount": 0.018, "side": "sell", "timestamp": 1766015111847}, {"id": "2677192517", "price": 2826.94, "amount": 0.061, "side": "buy", "timestamp": 1766015112177}, {"id": "2677193239", "price": 2828.01, "amount": 2.09, "side": "buy", "timestamp": 1766015166821}, {"id": "2677193240", "price": 2828.0, "amount": 1388.54, "side": "sell", "timestamp": 1766015166903}, {"id": "2677193241", "price": 2827.99, "amount": 0.19, "side": "sell", "timestamp": 1766015166977}, {"id": "2677193242", "price": 2827.98, "amount": 0.042, "side": "sell", "timestamp": 1766015166977}, {"id": "2677193243", "price": 2827.97, "amount": 0.033, "side": "sell", "timestamp": 1766015166978}, {"id": "2677193244", "price": 2827.96, "amount": 0.017, "side": "sell", "timestamp": 1766015166978}, {"id": "2677193245", "price": 2827.95, "amount": 0.057, "side": "sell", "timestamp": 1766015166978}, {"id": "2677193246", "price": 2827.94, "amount": 0.018, "side": "sell", "timestamp": 1766015166978}, {"id": "2677193247", "price": 2827.93, "amount": 0.025, "side": "sell", "timestamp": 1766015166979}, {"id": "2677193248", "price": 2827.92, "amount": 0.035, "side": "sell", "timestamp": 1766015166979}, {"id": "2677193249", "price": 2827.91, "amount": 0.033, "side": "sell", "timestamp": 1766015166979}, {"id": "2677193250", "price": 2827.9, "amount": 0.071, "side": "sell", "timestamp": 1766015166979}, {"id": "2677193251", "price": 2827.89, "amount": 0.037, "side": "sell", "timestamp": 1766015166979}, {"id": "2677193252", "price": 2827.88, "amount": 0.024, "side": "sell", "timestamp": 1766015166979}, {"id": "2677193253", "price": 2827.87, "amount": 0.383, "side": "sell", "timestamp": 1766015166984}, {"id": "2677193254", "price": 2827.86, "amount": 0.008, "side": "sell", "timestamp": 1766015166984}, {"id": "2677193255", "price": 2827.85, "amount": 0.018, "side": "sell", "timestamp": 1766015166984}, {"id": "2677193256", "price": 2827.84, "amount": 3.768, "side": "sell", "timestamp": 1766015166984}, {"id": "2677193257", "price": 2827.82, "amount": 0.936, "side": "sell", "timestamp": 1766015166990}, {"id": "2677193258", "price": 2827.81, "amount": 0.079, "side": "sell", "timestamp": 1766015166990}, {"id": "2677193259", "price": 2827.8, "amount": 0.044, "side": "sell", "timestamp": 1766015166990}, {"id": "2677193260", "price": 2827.79, "amount": 0.017, "side": "sell", "timestamp": 1766015166990}, {"id": "2677193261", "price": 2827.78, "amount": 0.05, "side": "sell", "timestamp": 1766015166990}, {"id": "2677193262", "price": 2827.77, "amount": 0.009, "side": "sell", "timestamp": 1766015166990}, {"id": "2677193263", "price": 2827.76, "amount": 0.025, "side": "sell", "timestamp": 1766015166990}, {"id": "2677193264", "price": 2827.75, "amount": 0.026, "side": "sell", "timestamp": 1766015166990}, {"id": "2677193265", "price": 2827.74, "amount": 0.018, "side": "sell", "timestamp": 1766015166990}, {"id": "2677193266", "price": 2827.73, "amount": 0.242, "side": "sell", "timestamp": 1766015167022}, {"id": "2677193267", "price": 2827.74, "amount": 1.224, "side": "buy", "timestamp": 1766015167052}, {"id": "2677193268", "price": 2827.73, "amount": 0.008, "side": "sell", "timestamp": 1766015167078}, {"id": "2677193269", "price": 2827.74, "amount": 0.071, "side": "buy", "timestamp": 1766015168014}, {"id": "2677193270", "price": 2827.73, "amount": 15.388, "side": "sell", "timestamp": 1766015168027}, {"id": "2677193271", "price": 2827.72, "amount": 0.017, "side": "sell", "timestamp": 1766015168027}, {"id": "2677193272", "price": 2827.71, "amount": 0.035, "side": "sell", "timestamp": 1766015168027}, {"id": "2677193273", "price": 2827.7, "amount": 0.025, "side": "sell", "timestamp": 1766015168027}, {"id": "2677193274", "price": 2827.69, "amount": 0.009, "side": "sell", "timestamp": 1766015168027}, {"id": "2677193275", "price": 2827.68, "amount": 0.036, "side": "sell", "timestamp": 1766015168027}, {"id": "2677193276", "price": 2827.67, "amount": 0.025, "side": "sell", "timestamp": 1766015168027}, {"id": "2677193277", "price": 2827.66, "amount": 0.024, "side": "sell", "timestamp": 1766015168027}, {"id": "2677193278", "price": 2827.65, "amount": 0.017, "side": "sell", "timestamp": 1766015168027}, {"id": "2677193279", "price": 2827.64, "amount": 0.057, "side": "sell", "timestamp": 1766015168027}, {"id": "2677193280", "price": 2827.63, "amount": 0.098, "side": "sell", "timestamp": 1766015168027}, {"id": "2677193281", "price": 2827.64, "amount": 0.008, "side": "buy", "timestamp": 1766015168058}, {"id": "2677193282", "price": 2827.63, "amount": 0.695, "side": "sell", "timestamp": 1766015168072}, {"id": "2677193283", "price": 2827.63, "amount": 0.1, "side": "sell", "timestamp": 1766015168452}, {"id": "2677193284", "price": 2827.64, "amount": 0.142, "side": "buy", "timestamp": 1766015168488}, {"id": "2677193285", "price": 2827.64, "amount": 0.039, "side": "buy", "timestamp": 1766015168881}, {"id": "2677193286", "price": 2827.64, "amount": 0.097, "side": "buy", "timestamp": 1766015169133}, {"id": "2677193287", "price": 2827.63, "amount": 0.812, "side": "sell", "timestamp": 1766015169260}, {"id": "2677193288", "price": 2827.63, "amount": 0.008, "side": "sell", "timestamp": 1766015170116}, {"id": "2677193734", "price": 2829.63, "amount": 7.651, "side": "sell", "timestamp": 1766015219285}, {"id": "2677193735", "price": 2829.62, "amount": 0.35, "side": "sell", "timestamp": 1766015219367}, {"id": "2677193736", "price": 2829.61, "amount": 0.877, "side": "sell", "timestamp": 1766015219367}, {"id": "2677193737", "price": 2829.6, "amount": 0.102, "side": "sell", "timestamp": 1766015219367}, {"id": "2677193738", "price": 2829.59, "amount": 2.017, "side": "sell", "timestamp": 1766015219367}, {"id": "2677193739", "price": 2829.58, "amount": 0.065, "side": "sell", "timestamp": 1766015219367}, {"id": "2677193740", "price": 2829.57, "amount": 0.008, "side": "sell", "timestamp": 1766015219367}, {"id": "2677193741", "price": 2829.56, "amount": 0.42, "side": "sell", "timestamp": 1766015219367}, {"id": "2677193742", "price": 2829.55, "amount": 1.383, "side": "sell", "timestamp": 1766015219367}, {"id": "2677193743", "price": 2829.54, "amount": 0.137, "side": "sell", "timestamp": 1766015219367}, {"id": "2677193744", "price": 2829.53, "amount": 0.242, "side": "sell", "timestamp": 1766015219371}, {"id": "2677193745", "price": 2829.52, "amount": 0.041, "side": "sell", "timestamp": 1766015219375}, {"id": "2677193746", "price": 2829.51, "amount": 0.529, "side": "sell", "timestamp": 1766015219377}, {"id": "2677193747", "price": 2829.49, "amount": 0.074, "side": "sell", "timestamp": 1766015219424}, {"id": "2677193748", "price": 2829.48, "amount": 0.034, "side": "sell", "timestamp": 1766015219424}, {"id": "2677193749", "price": 2829.46, "amount": 0.018, "side": "sell", "timestamp": 1766015219424}, {"id": "2677193750", "price": 2829.45, "amount": 0.476, "side": "sell", "timestamp": 1766015219427}, {"id": "2677193751", "price": 2829.46, "amount": 0.65, "side": "buy", "timestamp": 1766015219994}, {"id": "2677193752", "price": 2829.45, "amount": 0.012, "side": "sell", "timestamp": 1766015220237}, {"id": "2677193753", "price": 2829.45, "amount": 1.307, "side": "sell", "timestamp": 1766015220386}, {"id": "2677193754", "price": 2829.46, "amount": 0.05, "side": "buy", "timestamp": 1766015220485}, {"id": "2677193755", "price": 2829.45, "amount": 0.353, "side": "sell", "timestamp": 1766015220526}, {"id": "2677193756", "price": 2829.46, "amount": 0.022, "side": "buy", "timestamp": 1766015220711}, {"id": "2677193757", "price": 2829.46, "amount": 0.039, "side": "buy", "timestamp": 1766015220821}, {"id": "2677193758", "price": 2829.45, "amount": 1.537, "side": "sell", "timestamp": 1766015220872}, {"id": "2677193759", "price": 2829.45, "amount": 15.196, "side": "sell", "timestamp": 1766015220985}, {"id": "2677193760", "price": 2829.46, "amount": 0.008, "side": "buy", "timestamp": 1766015221054}, {"id": "2677193761", "price": 2829.45, "amount": 0.008, "side": "sell", "timestamp": 1766015221178}, {"id": "2677193762", "price": 2829.46, "amount": 0.02, "side": "buy", "timestamp": 1766015221305}, {"id": "2677193763", "price": 2829.46, "amount": 0.01, "side": "buy", "timestamp": 1766015221476}, {"id": "2677193764", "price": 2829.46, "amount": 0.016, "side": "buy", "timestamp": 1766015221677}, {"id": "2677193765", "price": 2829.46, "amount": 0.947, "side": "buy", "timestamp": 1766015221981}, {"id": "2677193766", "price": 2829.46, "amount": 0.292, "side": "buy", "timestamp": 1766015222267}, {"id": "2677193767", "price": 2829.46, "amount": 0.009, "side": "buy", "timestamp": 1766015222368}, {"id": "2677193768", "price": 2829.45, "amount": 4.404, "side": "sell", "timestamp": 1766015222387}, {"id": "2677193769", "price": 2829.45, "amount": 25.317, "side": "sell", "timestamp": 1766015222537}, {"id": "2677193770", "price": 2829.46, "amount": 0.471, "side": "buy", "timestamp": 1766015223012}, {"id": "2677193771", "price": 2829.45, "amount": 2.631, "side": "sell", "timestamp": 1766015223115}, {"id": "2677193772", "price": 2829.44, "amount": 2.009, "side": "sell", "timestamp": 1766015223115}, {"id": "2677193773", "price": 2829.43, "amount": 0.296, "side": "sell", "timestamp": 1766015223118}, {"id": "2677193774", "price": 2829.44, "amount": 1.745, "side": "buy", "timestamp": 1766015223135}, {"id": "2677193775", "price": 2829.44, "amount": 0.012, "side": "buy", "timestamp": 1766015223700}, {"id": "2677193776", "price": 2829.44, "amount": 0.008, "side": "buy", "timestamp": 1766015223949}, {"id": "2677193777", "price": 2829.43, "amount": 0.008, "side": "sell", "timestamp": 1766015224041}, {"id": "2677193778", "price": 2829.44, "amount": 0.463, "side": "buy", "timestamp": 1766015224573}, {"id": "2677193779", "price": 2829.44, "amount": 0.106, "side": "buy", "timestamp": 1766015224848}, {"id": "2677193780", "price": 2829.44, "amount": 0.397, "side": "buy", "timestamp": 1766015224949}, {"id": "2677193781", "price": 2829.44, "amount": 0.326, "side": "buy", "timestamp": 1766015225190}, {"id": "2677193782", "price": 2829.44, "amount": 0.53, "side": "buy", "timestamp": 1766015225564}, {"id": "2677193783", "price": 2829.43, "amount": 0.529, "side": "sell", "timestamp": 1766015225859}, {"id": "2677194190", "price": 2829.31, "amount": 0.015, "side": "buy", "timestamp": 1766015273451}, {"id": "2677194191", "price": 2829.32, "amount": 0.018, "side": "buy", "timestamp": 1766015273451}, {"id": "2677194192", "price": 2829.33, "amount": 0.185, "side": "buy", "timestamp": 1766015273451}, {"id": "2677194193", "price": 2829.34, "amount": 0.009, "side": "buy", "timestamp": 1766015273451}, {"id": "2677194194", "price": 2829.36, "amount": 0.408, "side": "buy", "timestamp": 1766015273451}, {"id": "2677194195", "price": 2829.37, "amount": 0.024, "side": "buy", "timestamp": 1766015273451}, {"id": "2677194196", "price": 2829.38, "amount": 5.877, "side": "buy", "timestamp": 1766015273451}, {"id": "2677194197", "price": 2829.39, "amount": 0.599, "side": "buy", "timestamp": 1766015273467}, {"id": "2677194198", "price": 2829.39, "amount": 0.034, "side": "buy", "timestamp": 1766015273730}, {"id": "2677194199", "price": 2829.38, "amount": 0.012, "side": "sell", "timestamp": 1766015274144}, {"id": "2677194200", "price": 2829.39, "amount": 0.579, "side": "buy", "timestamp": 1766015274251}, {"id": "2677194201", "price": 2829.4, "amount": 0.398, "side": "buy", "timestamp": 1766015274269}, {"id": "2677194202", "price": 2829.41, "amount": 0.018, "side": "buy", "timestamp": 1766015274269}, {"id": "2677194203", "price": 2829.42, "amount": 0.025, "side": "buy", "timestamp": 1766015274269}, {"id": "2677194204", "price": 2829.44, "amount": 0.009, "side": "buy", "timestamp": 1766015274269}, {"id": "2677194205", "price": 2829.45, "amount": 0.018, "side": "buy", "timestamp": 1766015274269}, {"id": "2677194206", "price": 2829.46, "amount": 0.032, "side": "buy", "timestamp": 1766015274269}, {"id": "2677194207", "price": 2829.47, "amount": 0.027, "side": "buy", "timestamp": 1766015274269}, {"id": "2677194208", "price": 2829.48, "amount": 0.275, "side": "buy", "timestamp": 1766015274272}, {"id": "2677194209", "price": 2829.48, "amount": 6.526, "side": "buy", "timestamp": 1766015274476}, {"id": "2677194210", "price": 2829.48, "amount": 0.021, "side": "buy", "timestamp": 1766015274591}, {"id": "2677194211", "price": 2829.47, "amount": 10.0, "side": "sell", "timestamp": 1766015274763}, {"id": "2677194212", "price": 2829.47, "amount": 0.008, "side": "sell", "timestamp": 1766015275018}, {"id": "2677194213", "price": 2829.48, "amount": 0.01, "side": "buy", "timestamp": 1766015275039}, {"id": "2677194214", "price": 2829.47, "amount": 0.426, "side": "sell", "timestamp": 1766015275051}, {"id": "2677194215", "price": 2829.48, "amount": 0.396, "side": "buy", "timestamp": 1766015275091}, {"id": "2677194216", "price": 2829.48, "amount": 0.5, "side": "buy", "timestamp": 1766015275543}, {"id": "2677194217", "price": 2829.48, "amount": 0.478, "side": "buy", "timestamp": 1766015275965}, {"id": "2677194218", "price": 2829.47, "amount": 0.13, "side": "sell", "timestamp": 1766015276400}, {"id": "2677194219", "price": 2829.48, "amount": 2.0, "side": "buy", "timestamp": 1766015276768}, {"id": "2677194220", "price": 2829.47, "amount": 0.011, "side": "sell", "timestamp": 1766015277070}, {"id": "2677194221", "price": 2829.47, "amount": 0.738, "side": "sell", "timestamp": 1766015277906}, {"id": "2677194222", "price": 2829.46, "amount": 0.009, "side": "sell", "timestamp": 1766015277981}, {"id": "2677194223", "price": 2829.45, "amount": 0.018, "side": "sell", "timestamp": 1766015278065}, {"id": "2677194224", "price": 2829.46, "amount": 0.04, "side": "buy", "timestamp": 1766015278784}, {"id": "2677194225", "price": 2829.46, "amount": 0.052, "side": "buy", "timestamp": 1766015279939}, {"id": "2677194226", "price": 2829.45, "amount": 46.79, "side": "sell", "timestamp": 1766015279968}, {"id": "2677194227", "price": 2829.44, "amount": 0.026, "side": "sell", "timestamp": 1766015280018}, {"id": "2677194228", "price": 2829.43, "amount": 0.012, "side": "sell", "timestamp": 1766015280171}, {"id": "2677194229", "price": 2829.44, "amount": 2.297, "side": "buy", "timestamp": 1766015280671}, {"id": "2677194230", "price": 2829.43, "amount": 2.037, "side": "sell", "timestamp": 1766015280922}, {"id": "2677194231", "price": 2829.42, "amount": 0.008, "side": "sell", "timestamp": 1766015281120}, {"id": "2677194232", "price": 2829.43, "amount": 0.744, "side": "buy", "timestamp": 1766015281315}, {"id": "2677194233", "price": 2829.43, "amount": 0.123, "side": "buy", "timestamp": 1766015282104}, {"id": "2677194234", "price": 2829.43, "amount": 0.563, "side": "buy", "timestamp": 1766015282524}, {"id": "2677194235", "price": 2829.43, "amount": 0.375, "side": "buy", "timestamp": 1766015282635}, {"id": "2677194236", "price": 2829.43, "amount": 0.264, "side": "buy", "timestamp": 1766015282894}, {"id": "2677194237", "price": 2829.43, "amount": 0.201, "side": "buy", "timestamp": 1766015283019}, {"id": "2677194238", "price": 2829.42, "amount": 0.022, "side": "sell", "timestamp": 1766015283148}, {"id": "2677194239", "price": 2829.42, "amount": 6.168, "side": "sell", "timestamp": 1766015283257}, {"id": "2677194836", "price": 2829.42, "amount": 7.108, "side": "buy", "timestamp": 1766015337977}, {"id": "2677194837", "price": 2829.43, "amount": 7.144, "side": "buy", "timestamp": 1766015337977}, {"id": "2677194838", "price": 2829.44, "amount": 0.136, "side": "buy", "timestamp": 1766015337977}, {"id": "2677194839", "price": 2829.45, "amount": 10.65, "side": "buy", "timestamp": 1766015337977}, {"id": "2677194840", "price": 2829.46, "amount": 1.457, "side": "buy", "timestamp": 1766015337977}, {"id": "2677194841", "price": 2829.47, "amount": 0.034, "side": "buy", "timestamp": 1766015337977}, {"id": "2677194842", "price": 2829.48, "amount": 1.084, "side": "buy", "timestamp": 1766015337977}, {"id": "2677194843", "price": 2829.4, "amount": 1.58, "side": "buy", "timestamp": 1766015337992}, {"id": "2677194844", "price": 2829.39, "amount": 15.834, "side": "sell", "timestamp": 1766015338115}, {"id": "2677194845", "price": 2829.39, "amount": 0.008, "side": "sell", "timestamp": 1766015338243}, {"id": "2677194846", "price": 2829.39, "amount": 0.21, "side": "sell", "timestamp": 1766015338429}, {"id": "2677194847", "price": 2829.4, "amount": 0.015, "side": "buy", "timestamp": 1766015338440}, {"id": "2677194848", "price": 2829.39, "amount": 0.66, "side": "sell", "timestamp": 1766015338637}, {"id": "2677194849", "price": 2829.38, "amount": 0.009, "side": "sell", "timestamp": 1766015338638}, {"id": "2677194850", "price": 2829.36, "amount": 0.009, "side": "sell", "timestamp": 1766015338638}, {"id": "2677194851", "price": 2829.35, "amount": 0.097, "side": "sell", "timestamp": 1766015338638}, {"id": "2677194852", "price": 2829.34, "amount": 0.015, "side": "sell", "timestamp": 1766015338638}, {"id": "2677194853", "price": 2829.33, "amount": 0.017, "side": "sell", "timestamp": 1766015338638}, {"id": "2677194854", "price": 2829.32, "amount": 0.112, "side": "sell", "timestamp": 1766015338638}, {"id": "2677194855", "price": 2829.31, "amount": 0.088, "side": "sell", "timestamp": 1766015338638}, {"id": "2677194856", "price": 2829.3, "amount": 0.049, "side": "sell", "timestamp": 1766015338638}, {"id": "2677194857", "price": 2829.28, "amount": 15.527, "side": "sell", "timestamp": 1766015338638}, {"id": "2677194858", "price": 2829.27, "amount": 0.018, "side": "sell", "timestamp": 1766015338638}, {"id": "2677194859", "price": 2829.26, "amount": 0.031, "side": "sell", "timestamp": 1766015338638}, {"id": "2677194860", "price": 2829.25, "amount": 0.009, "side": "sell", "timestamp": 1766015338638}, {"id": "2677194861", "price": 2829.24, "amount": 0.06, "side": "sell", "timestamp": 1766015338638}, {"id": "2677194862", "price": 2829.23, "amount": 0.34, "side": "sell", "timestamp": 1766015338642}, {"id": "2677194863", "price": 2829.24, "amount": 0.707, "side": "buy", "timestamp": 1766015338651}, {"id": "2677194864", "price": 2829.23, "amount": 0.031, "side": "sell", "timestamp": 1766015338652}, {"id": "2677194865", "price": 2829.22, "amount": 0.008, "side": "sell", "timestamp": 1766015338652}, {"id": "2677194866", "price": 2829.21, "amount": 0.085, "side": "sell", "timestamp": 1766015338652}, {"id": "2677194867", "price": 2829.22, "amount": 0.017, "side": "buy", "timestamp": 1766015338701}, {"id": "2677194868", "price": 2829.21, "amount": 0.561, "side": "sell", "timestamp": 1766015338734}, {"id": "2677194869", "price": 2829.21, "amount": 17.456, "side": "sell", "timestamp": 1766015338894}, {"id": "2677194870", "price": 2829.21, "amount": 2.62, "side": "sell", "timestamp": 1766015339061}, {"id": "2677194871", "price": 2829.21, "amount": 0.011, "side": "sell", "timestamp": 1766015339275}, {"id": "2677194872", "price": 2829.21, "amount": 0.012, "side": "sell", "timestamp": 1766015340119}, {"id": "2677194873", "price": 2829.22, "amount": 0.001, "side": "buy", "timestamp": 1766015340302}, {"id": "2677194874", "price": 2829.21, "amount": 0.05, "side": "sell", "timestamp": 1766015340713}, {"id": "2677194875", "price": 2829.22, "amount": 0.043, "side": "buy", "timestamp": 1766015340744}, {"id": "2677194876", "price": 2829.21, "amount": 0.011, "side": "sell", "timestamp": 1766015340797}, {"id": "2677194877", "price": 2829.22, "amount": 0.013, "side": "buy", "timestamp": 1766015341008}, {"id": "2677194878", "price": 2829.21, "amount": 0.008, "side": "sell", "timestamp": 1766015341099}, {"id": "2677194879", "price": 2829.21, "amount": 0.026, "side": "sell", "timestamp": 1766015341505}, {"id": "2677194880", "price": 2829.22, "amount": 1.599, "side": "buy", "timestamp": 1766015341513}, {"id": "2677194881", "price": 2829.22, "amount": 0.324, "side": "buy", "timestamp": 1766015342390}, {"id": "2677194882", "price": 2829.22, "amount": 4.62, "side": "buy", "timestamp": 1766015342514}, {"id": "2677194883", "price": 2829.22, "amount": 0.076, "side": "buy", "timestamp": 1766015342924}, {"id": "2677194884", "price": 2829.21, "amount": 0.111, "side": "sell", "timestamp": 1766015342981}, {"id": "2677194885", "price": 2829.22, "amount": 0.282, "side": "buy", "timestamp": 1766015343283}, {"id": "2677195169", "price": 2828.43, "amount": 0.008, "side": "sell", "timestamp": 1766015389160}, {"id": "2677195170", "price": 2828.43, "amount": 0.008, "side": "sell", "timestamp": 1766015389371}, {"id": "2677195171", "price": 2828.44, "amount": 0.017, "side": "buy", "timestamp": 1766015389513}, {"id": "2677195172", "price": 2828.44, "amount": 0.3, "side": "buy", "timestamp": 1766015389953}, {"id": "2677195173", "price": 2828.44, "amount": 0.064, "side": "buy", "timestamp": 1766015390221}, {"id": "2677195174", "price": 2828.44, "amount": 0.01, "side": "buy", "timestamp": 1766015390716}, {"id": "2677195175", "price": 2828.44, "amount": 0.03, "side": "buy", "timestamp": 1766015390865}, {"id": "2677195176", "price": 2828.43, "amount": 0.011, "side": "sell", "timestamp": 1766015391045}, {"id": "2677195177", "price": 2828.44, "amount": 0.079, "side": "buy", "timestamp": 1766015391061}, {"id": "2677195178", "price": 2828.44, "amount": 0.628, "side": "buy", "timestamp": 1766015391402}, {"id": "2677195179", "price": 2828.44, "amount": 0.4, "side": "buy", "timestamp": 1766015391544}, {"id": "2677195180", "price": 2828.43, "amount": 0.008, "side": "sell", "timestamp": 1766015392175}, {"id": "2677195181", "price": 2828.44, "amount": 0.1, "side": "buy", "timestamp": 1766015392271}, {"id": "2677195182", "price": 2828.44, "amount": 0.013, "side": "buy", "timestamp": 1766015392892}, {"id": "2677195183", "price": 2828.44, "amount": 0.079, "side": "buy", "timestamp": 1766015393077}, {"id": "2677195184", "price": 2828.44, "amount": 0.565, "side": "buy", "timestamp": 1766015393442}, {"id": "2677195185", "price": 2828.44, "amount": 0.017, "side": "buy", "timestamp": 1766015393591}, {"id": "2677195186", "price": 2828.43, "amount": 0.012, "side": "sell", "timestamp": 1766015394130}, {"id": "2677195187", "price": 2828.43, "amount": 0.011, "side": "sell", "timestamp": 1766015394593}, {"id": "2677195188", "price": 2828.43, "amount": 0.295, "side": "sell", "timestamp": 1766015394957}, {"id": "2677195189", "price": 2828.44, "amount": 0.52, "side": "buy", "timestamp": 1766015395023}, {"id": "2677195190", "price": 2828.43, "amount": 0.008, "side": "sell", "timestamp": 1766015395194}, {"id": "2677195191", "price": 2828.44, "amount": 0.042, "side": "buy", "timestamp": 1766015395507}, {"id": "2677195192", "price": 2828.44, "amount": 1.742, "side": "buy", "timestamp": 1766015395970}, {"id": "2677195193", "price": 2828.44, "amount": 0.016, "side": "buy", "timestamp": 1766015396304}, {"id": "2677195194", "price": 2828.44, "amount": 0.433, "side": "buy", "timestamp": 1766015397101}, {"id": "2677195195", "price": 2828.44, "amount": 0.354, "side": "buy", "timestamp": 1766015397211}, {"id": "2677195196", "price": 2828.44, "amount": 0.354, "side": "buy", "timestamp": 1766015397313}, {"id": "2677195197", "price": 2828.44, "amount": 0.354, "side": "buy", "timestamp": 1766015397457}, {"id": "2677195198", "price": 2828.44, "amount": 0.354, "side": "buy", "timestamp": 1766015397561}, {"id": "2677195199", "price": 2828.44, "amount": 0.354, "side": "buy", "timestamp": 1766015397664}, {"id": "2677195200", "price": 2828.44, "amount": 0.354, "side": "buy", "timestamp": 1766015397794}, {"id": "2677195201", "price": 2828.43, "amount": 0.024, "side": "sell", "timestamp": 1766015397891}, {"id": "2677195202", "price": 2828.44, "amount": 0.354, "side": "buy", "timestamp": 1766015397904}, {"id": "2677195203", "price": 2828.44, "amount": 0.354, "side": "buy", "timestamp": 1766015398005}, {"id": "2677195204", "price": 2828.43, "amount": 0.008, "side": "sell", "timestamp": 1766015398015}, {"id": "2677195205", "price": 2828.44, "amount": 0.354, "side": "buy", "timestamp": 1766015398110}, {"id": "2677195206", "price": 2828.43, "amount": 0.011, "side": "sell", "timestamp": 1766015398151}, {"id": "2677195207", "price": 2828.44, "amount": 1.623, "side": "buy", "timestamp": 1766015398253}, {"id": "2677195208", "price": 2828.44, "amount": 0.354, "side": "buy", "timestamp": 1766015398378}, {"id": "2677195209", "price": 2828.44, "amount": 0.354, "side": "buy", "timestamp": 1766015398486}, {"id": "2677195210", "price": 2828.44, "amount": 0.392, "side": "buy", "timestamp": 1766015398595}, {"id": "2677195211", "price": 2828.44, "amount": 0.354, "side": "buy", "timestamp": 1766015398723}, {"id": "2677195212", "price": 2828.44, "amount": 0.354, "side": "buy", "timestamp": 1766015398854}, {"id": "2677195213", "price": 2828.44, "amount": 0.354, "side": "buy", "timestamp": 1766015398959}, {"id": "2677195214", "price": 2828.44, "amount": 0.425, "side": "buy", "timestamp": 1766015399067}, {"id": "2677195215", "price": 2828.44, "amount": 0.362, "side": "buy", "timestamp": 1766015399187}, {"id": "2677195216", "price": 2828.44, "amount": 0.507, "side": "buy", "timestamp": 1766015399296}, {"id": "2677195217", "price": 2828.43, "amount": 0.15, "side": "sell", "timestamp": 1766015399397}, {"id": "2677195218", "price": 2828.44, "amount": 0.354, "side": "buy", "timestamp": 1766015399399}, {"id": "2677195621", "price": 2829.21, "amount": 1.0, "side": "sell", "timestamp": 1766015453723}, {"id": "2677195622", "price": 2829.22, "amount": 10.05, "side": "buy", "timestamp": 1766015453816}, {"id": "2677195623", "price": 2829.22, "amount": 0.007, "side": "buy", "timestamp": 1766015454030}, {"id": "2677195624", "price": 2829.21, "amount": 0.012, "side": "sell", "timestamp": 1766015454190}, {"id": "2677195625", "price": 2829.21, "amount": 3.702, "side": "sell", "timestamp": 1766015454367}, {"id": "2677195626", "price": 2829.2, "amount": 0.037, "side": "sell", "timestamp": 1766015454367}, {"id": "2677195627", "price": 2829.19, "amount": 1.5, "side": "sell", "timestamp": 1766015454367}, {"id": "2677195628", "price": 2829.18, "amount": 0.529, "side": "sell", "timestamp": 1766015454367}, {"id": "2677195629", "price": 2829.18, "amount": 0.012, "side": "buy", "timestamp": 1766015454395}, {"id": "2677195630", "price": 2829.18, "amount": 0.35, "side": "buy", "timestamp": 1766015454832}, {"id": "2677195631", "price": 2829.17, "amount": 2.43, "side": "sell", "timestamp": 1766015454858}, {"id": "2677195632", "price": 2829.18, "amount": 0.1, "side": "buy", "timestamp": 1766015454928}, {"id": "2677195633", "price": 2829.17, "amount": 1.597, "side": "sell", "timestamp": 1766015455048}, {"id": "2677195634", "price": 2829.16, "amount": 0.008, "side": "sell", "timestamp": 1766015455048}, {"id": "2677195635", "price": 2829.15, "amount": 0.353, "side": "sell", "timestamp": 1766015455048}, {"id": "2677195636", "price": 2829.14, "amount": 0.016, "side": "sell", "timestamp": 1766015455048}, {"id": "2677195637", "price": 2829.13, "amount": 0.026, "side": "sell", "timestamp": 1766015455048}, {"id": "2677195638", "price": 2829.12, "amount": 0.031, "side": "sell", "timestamp": 1766015455048}, {"id": "2677195639", "price": 2829.11, "amount": 0.017, "side": "sell", "timestamp": 1766015455048}, {"id": "2677195640", "price": 2829.1, "amount": 0.023, "side": "sell", "timestamp": 1766015455048}, {"id": "2677195641", "price": 2829.09, "amount": 0.017, "side": "sell", "timestamp": 1766015455048}, {"id": "2677195642", "price": 2829.08, "amount": 0.025, "side": "sell", "timestamp": 1766015455048}, {"id": "2677195643", "price": 2829.07, "amount": 3.19, "side": "sell", "timestamp": 1766015455048}, {"id": "2677195644", "price": 2829.06, "amount": 0.067, "side": "sell", "timestamp": 1766015455074}, {"id": "2677195645", "price": 2829.06, "amount": 0.066, "side": "sell", "timestamp": 1766015455326}, {"id": "2677195646", "price": 2829.05, "amount": 0.008, "side": "sell", "timestamp": 1766015455326}, {"id": "2677195647", "price": 2829.03, "amount": 0.009, "side": "sell", "timestamp": 1766015455326}, {"id": "2677195648", "price": 2829.02, "amount": 0.018, "side": "sell", "timestamp": 1766015455326}, {"id": "2677195649", "price": 2829.01, "amount": 1.389, "side": "sell", "timestamp": 1766015455326}, {"id": "2677195650", "price": 2829.0, "amount": 7.194, "side": "sell", "timestamp": 1766015455326}, {"id": "2677195651", "price": 2828.99, "amount": 0.081, "side": "sell", "timestamp": 1766015455326}, {"id": "2677195652", "price": 2828.98, "amount": 0.008, "side": "sell", "timestamp": 1766015455326}, {"id": "2677195653", "price": 2828.97, "amount": 0.023, "side": "sell", "timestamp": 1766015455326}, {"id": "2677195654", "price": 2828.96, "amount": 0.026, "side": "sell", "timestamp": 1766015455327}, {"id": "2677195655", "price": 2828.94, "amount": 0.024, "side": "sell", "timestamp": 1766015455327}, {"id": "2677195656", "price": 2828.93, "amount": 0.018, "side": "sell", "timestamp": 1766015455327}, {"id": "2677195657", "price": 2828.92, "amount": 0.024, "side": "sell", "timestamp": 1766015455327}, {"id": "2677195658", "price": 2828.91, "amount": 0.017, "side": "sell", "timestamp": 1766015455327}, {"id": "2677195659", "price": 2828.9, "amount": 7.102, "side": "sell", "timestamp": 1766015455327}, {"id": "2677195660", "price": 2828.89, "amount": 0.017, "side": "sell", "timestamp": 1766015455327}, {"id": "2677195661", "price": 2828.88, "amount": 0.032, "side": "sell", "timestamp": 1766015455327}, {"id": "2677195662", "price": 2828.87, "amount": 0.009, "side": "sell", "timestamp": 1766015455327}, {"id": "2677195663", "price": 2828.86, "amount": 0.015, "side": "sell", "timestamp": 1766015455330}, {"id": "2677195664", "price": 2828.85, "amount": 0.033, "side": "sell", "timestamp": 1766015455330}, {"id": "2677195665", "price": 2828.84, "amount": 0.032, "side": "sell", "timestamp": 1766015455330}, {"id": "2677195666", "price": 2828.83, "amount": 0.023, "side": "sell", "timestamp": 1766015455330}, {"id": "2677195667", "price": 2828.82, "amount": 0.591, "side": "sell", "timestamp": 1766015455330}, {"id": "2677195668", "price": 2828.82, "amount": 1.928, "side": "sell", "timestamp": 1766015455512}, {"id": "2677195669", "price": 2828.83, "amount": 0.062, "side": "buy", "timestamp": 1766015456245}, {"id": "2677195670", "price": 2828.83, "amount": 0.238, "side": "buy", "timestamp": 1766015456485}, {"id": "2677196284", "price": 2826.99, "amount": 0.033, "side": "buy", "timestamp": 1766015500396}, {"id": "2677196285", "price": 2826.99, "amount": 0.5, "side": "buy", "timestamp": 1766015500589}, {"id": "2677196286", "price": 2826.98, "amount": 13.138, "side": "sell", "timestamp": 1766015500634}, {"id": "2677196287", "price": 2826.99, "amount": 7.0, "side": "buy", "timestamp": 1766015500810}, {"id": "2677196288", "price": 2826.99, "amount": 0.764, "side": "buy", "timestamp": 1766015501123}, {"id": "2677196289", "price": 2826.98, "amount": 6.349, "side": "sell", "timestamp": 1766015501216}, {"id": "2677196290", "price": 2826.99, "amount": 0.609, "side": "buy", "timestamp": 1766015501582}, {"id": "2677196291", "price": 2826.99, "amount": 0.322, "side": "buy", "timestamp": 1766015502075}, {"id": "2677196292", "price": 2826.98, "amount": 0.02, "side": "sell", "timestamp": 1766015502108}, {"id": "2677196293", "price": 2826.99, "amount": 0.071, "side": "buy", "timestamp": 1766015502222}, {"id": "2677196294", "price": 2826.99, "amount": 0.008, "side": "buy", "timestamp": 1766015503142}, {"id": "2677196295", "price": 2826.98, "amount": 14.291, "side": "sell", "timestamp": 1766015503693}, {"id": "2677196296", "price": 2826.99, "amount": 0.185, "side": "buy", "timestamp": 1766015504041}, {"id": "2677196297", "price": 2826.98, "amount": 0.588, "side": "sell", "timestamp": 1766015504311}, {"id": "2677196298", "price": 2826.99, "amount": 0.205, "side": "buy", "timestamp": 1766015504638}, {"id": "2677196299", "price": 2826.99, "amount": 24.873, "side": "buy", "timestamp": 1766015504804}, {"id": "2677196300", "price": 2827.0, "amount": 1.523, "side": "buy", "timestamp": 1766015504805}, {"id": "2677196301", "price": 2827.01, "amount": 0.018, "side": "buy", "timestamp": 1766015504805}, {"id": "2677196302", "price": 2827.02, "amount": 0.217, "side": "buy", "timestamp": 1766015504805}, {"id": "2677196303", "price": 2827.03, "amount": 0.018, "side": "buy", "timestamp": 1766015504805}, {"id": "2677196304", "price": 2827.04, "amount": 0.024, "side": "buy", "timestamp": 1766015504805}, {"id": "2677196305", "price": 2827.05, "amount": 0.018, "side": "buy", "timestamp": 1766015504805}, {"id": "2677196306", "price": 2827.06, "amount": 0.024, "side": "buy", "timestamp": 1766015504805}, {"id": "2677196307", "price": 2827.07, "amount": 0.144, "side": "buy", "timestamp": 1766015504805}, {"id": "2677196308", "price": 2827.08, "amount": 0.411, "side": "buy", "timestamp": 1766015504817}, {"id": "2677196309", "price": 2827.07, "amount": 0.008, "side": "sell", "timestamp": 1766015505143}, {"id": "2677196310", "price": 2827.08, "amount": 0.008, "side": "buy", "timestamp": 1766015505165}, {"id": "2677196311", "price": 2827.07, "amount": 0.009, "side": "sell", "timestamp": 1766015505221}, {"id": "2677196312", "price": 2827.07, "amount": 0.032, "side": "sell", "timestamp": 1766015505409}, {"id": "2677196313", "price": 2827.08, "amount": 0.846, "side": "buy", "timestamp": 1766015505900}, {"id": "2677196314", "price": 2827.08, "amount": 0.071, "side": "buy", "timestamp": 1766015506168}, {"id": "2677196315", "price": 2827.07, "amount": 20.0, "side": "sell", "timestamp": 1766015506473}, {"id": "2677196316", "price": 2827.08, "amount": 0.011, "side": "buy", "timestamp": 1766015506779}, {"id": "2677196317", "price": 2827.08, "amount": 0.371, "side": "buy", "timestamp": 1766015507100}, {"id": "2677196318", "price": 2827.08, "amount": 0.008, "side": "buy", "timestamp": 1766015507204}, {"id": "2677196319", "price": 2827.08, "amount": 0.796, "side": "buy", "timestamp": 1766015507747}, {"id": "2677196320", "price": 2827.07, "amount": 0.012, "side": "sell", "timestamp": 1766015508077}, {"id": "2677196321", "price": 2827.07, "amount": 0.008, "side": "sell", "timestamp": 1766015508183}, {"id": "2677196322", "price": 2827.08, "amount": 0.071, "side": "buy", "timestamp": 1766015508201}, {"id": "2677196323", "price": 2827.08, "amount": 0.008, "side": "buy", "timestamp": 1766015509048}, {"id": "2677196324", "price": 2827.08, "amount": 29.366, "side": "buy", "timestamp": 1766015509661}, {"id": "2677196325", "price": 2827.07, "amount": 0.008, "side": "sell", "timestamp": 1766015509982}, {"id": "2677196326", "price": 2827.08, "amount": 0.071, "side": "buy", "timestamp": 1766015510032}, {"id": "2677196327", "price": 2827.08, "amount": 0.114, "side": "buy", "timestamp": 1766015510355}, {"id": "2677196328", "price": 2827.07, "amount": 27.065, "side": "sell", "timestamp": 1766015510924}, {"id": "2677196329", "price": 2827.07, "amount": 0.008, "side": "sell", "timestamp": 1766015511025}, {"id": "2677196330", "price": 2827.08, "amount": 0.008, "side": "buy", "timestamp": 1766015511071}, {"id": "2677196331", "price": 2827.07, "amount": 0.008, "side": "sell", "timestamp": 1766015511132}, {"id": "2677196332", "price": 2827.08, "amount": 0.218, "side": "buy", "timestamp": 1766015511472}, {"id": "2677196333", "price": 2827.08, "amount": 0.071, "side": "buy", "timestamp": 1766015512076}, {"id": "2677196692", "price": 2826.53, "amount": 2.044, "side": "sell", "timestamp": 1766015558796}, {"id": "2677196693", "price": 2826.54, "amount": 0.008, "side": "buy", "timestamp": 1766015559024}, {"id": "2677196694", "price": 2826.53, "amount": 0.008, "side": "sell", "timestamp": 1766015559184}, {"id": "2677196695", "price": 2826.54, "amount": 0.071, "side": "buy", "timestamp": 1766015560192}, {"id": "2677196696", "price": 2826.54, "amount": 0.043, "side": "buy", "timestamp": 1766015560324}, {"id": "2677196697", "price": 2826.54, "amount": 0.017, "side": "buy", "timestamp": 1766015560503}, {"id": "2677196698", "price": 2826.54, "amount": 0.008, "side": "buy", "timestamp": 1766015561046}, {"id": "2677196699", "price": 2826.54, "amount": 0.177, "side": "buy", "timestamp": 1766015561406}, {"id": "2677196700", "price": 2826.53, "amount": 0.207, "side": "sell", "timestamp": 1766015561849}, {"id": "2677196701", "price": 2826.54, "amount": 0.071, "side": "buy", "timestamp": 1766015562031}, {"id": "2677196702", "price": 2826.53, "amount": 0.02, "side": "sell", "timestamp": 1766015562125}, {"id": "2677196703", "price": 2826.53, "amount": 1.735, "side": "sell", "timestamp": 1766015562662}, {"id": "2677196704", "price": 2826.54, "amount": 0.026, "side": "buy", "timestamp": 1766015562746}, {"id": "2677196705", "price": 2826.54, "amount": 0.388, "side": "buy", "timestamp": 1766015562925}, {"id": "2677196706", "price": 2826.54, "amount": 0.008, "side": "buy", "timestamp": 1766015563073}, {"id": "2677196707", "price": 2826.53, "amount": 0.399, "side": "sell", "timestamp": 1766015563160}, {"id": "2677196708", "price": 2826.54, "amount": 0.01, "side": "buy", "timestamp": 1766015563662}, {"id": "2677196709", "price": 2826.54, "amount": 0.071, "side": "buy", "timestamp": 1766015564063}, {"id": "2677196710", "price": 2826.54, "amount": 0.746, "side": "buy", "timestamp": 1766015564574}, {"id": "2677196711", "price": 2826.53, "amount": 0.784, "side": "sell", "timestamp": 1766015564921}, {"id": "2677196712", "price": 2826.53, "amount": 0.008, "side": "sell", "timestamp": 1766015565024}, {"id": "2677196713", "price": 2826.54, "amount": 0.008, "side": "buy", "timestamp": 1766015565087}, {"id": "2677196714", "price": 2826.53, "amount": 16.193, "side": "sell", "timestamp": 1766015565114}, {"id": "2677196715", "price": 2826.52, "amount": 0.02, "side": "sell", "timestamp": 1766015565115}, {"id": "2677196716", "price": 2826.51, "amount": 4.099, "side": "sell", "timestamp": 1766015565115}, {"id": "2677196717", "price": 2826.5, "amount": 0.026, "side": "sell", "timestamp": 1766015565117}, {"id": "2677196718", "price": 2826.5, "amount": 0.071, "side": "buy", "timestamp": 1766015566148}, {"id": "2677196719", "price": 2826.49, "amount": 3.912, "side": "sell", "timestamp": 1766015566866}, {"id": "2677196720", "price": 2826.5, "amount": 0.143, "side": "buy", "timestamp": 1766015567063}, {"id": "2677196721", "price": 2826.49, "amount": 0.353, "side": "sell", "timestamp": 1766015567833}, {"id": "2677196722", "price": 2826.5, "amount": 0.071, "side": "buy", "timestamp": 1766015568167}, {"id": "2677196723", "price": 2826.49, "amount": 14.534, "side": "sell", "timestamp": 1766015568804}, {"id": "2677196724", "price": 2826.49, "amount": 14.017, "side": "sell", "timestamp": 1766015568973}, {"id": "2677196725", "price": 2826.48, "amount": 0.292, "side": "sell", "timestamp": 1766015568973}, {"id": "2677196726", "price": 2826.47, "amount": 0.018, "side": "sell", "timestamp": 1766015568973}, {"id": "2677196727", "price": 2826.46, "amount": 0.034, "side": "sell", "timestamp": 1766015568973}, {"id": "2677196728", "price": 2826.45, "amount": 1.44, "side": "sell", "timestamp": 1766015568973}, {"id": "2677196729", "price": 2826.44, "amount": 0.026, "side": "sell", "timestamp": 1766015568973}, {"id": "2677196730", "price": 2826.43, "amount": 0.025, "side": "sell", "timestamp": 1766015568973}, {"id": "2677196731", "price": 2826.42, "amount": 0.024, "side": "sell", "timestamp": 1766015568973}, {"id": "2677196732", "price": 2826.41, "amount": 0.601, "side": "sell", "timestamp": 1766015568973}, {"id": "2677196733", "price": 2826.4, "amount": 0.071, "side": "sell", "timestamp": 1766015568973}, {"id": "2677196734", "price": 2826.39, "amount": 0.02, "side": "sell", "timestamp": 1766015568973}, {"id": "2677196735", "price": 2826.38, "amount": 1.045, "side": "sell", "timestamp": 1766015568973}, {"id": "2677196736", "price": 2826.37, "amount": 0.652, "side": "sell", "timestamp": 1766015568973}, {"id": "2677196737", "price": 2826.36, "amount": 0.032, "side": "sell", "timestamp": 1766015568973}, {"id": "2677196738", "price": 2826.35, "amount": 2.267, "side": "sell", "timestamp": 1766015568973}, {"id": "2677196739", "price": 2826.36, "amount": 0.008, "side": "buy", "timestamp": 1766015569145}, {"id": "2677196740", "price": 2826.36, "amount": 0.031, "side": "buy", "timestamp": 1766015569529}, {"id": "2677196741", "price": 2826.35, "amount": 0.668, "side": "sell", "timestamp": 1766015569542}, {"id": "2677197043", "price": 2826.68, "amount": 0.015, "side": "buy", "timestamp": 1766015619152}, {"id": "2677197044", "price": 2826.7, "amount": 0.041, "side": "buy", "timestamp": 1766015619152}, {"id": "2677197045", "price": 2826.72, "amount": 0.094, "side": "buy", "timestamp": 1766015619152}, {"id": "2677197046", "price": 2826.72, "amount": 0.141, "side": "buy", "timestamp": 1766015619468}, {"id": "2677197047", "price": 2826.71, "amount": 0.02, "side": "sell", "timestamp": 1766015619479}, {"id": "2677197048", "price": 2826.72, "amount": 0.217, "side": "buy", "timestamp": 1766015619674}, {"id": "2677197049", "price": 2826.72, "amount": 0.071, "side": "buy", "timestamp": 1766015620112}, {"id": "2677197050", "price": 2826.72, "amount": 0.3, "side": "buy", "timestamp": 1766015620542}, {"id": "2677197051", "price": 2826.71, "amount": 0.066, "side": "sell", "timestamp": 1766015620607}, {"id": "2677197052", "price": 2826.72, "amount": 0.15, "side": "buy", "timestamp": 1766015620690}, {"id": "2677197053", "price": 2826.72, "amount": 1.056, "side": "buy", "timestamp": 1766015620993}, {"id": "2677197054", "price": 2826.71, "amount": 15.157, "side": "sell", "timestamp": 1766015621540}, {"id": "2677197055", "price": 2826.72, "amount": 1.076, "side": "buy", "timestamp": 1766015621852}, {"id": "2677197056", "price": 2826.71, "amount": 0.008, "side": "sell", "timestamp": 1766015622110}, {"id": "2677197057", "price": 2826.72, "amount": 0.071, "side": "buy", "timestamp": 1766015622155}, {"id": "2677197058", "price": 2826.72, "amount": 0.429, "side": "buy", "timestamp": 1766015622710}, {"id": "2677197059", "price": 2826.73, "amount": 0.033, "side": "buy", "timestamp": 1766015622710}, {"id": "2677197060", "price": 2826.74, "amount": 0.008, "side": "buy", "timestamp": 1766015622710}, {"id": "2677197061", "price": 2826.75, "amount": 0.002, "side": "buy", "timestamp": 1766015622710}, {"id": "2677197062", "price": 2826.76, "amount": 0.017, "side": "buy", "timestamp": 1766015622716}, {"id": "2677197063", "price": 2826.77, "amount": 0.015, "side": "buy", "timestamp": 1766015622716}, {"id": "2677197064", "price": 2826.78, "amount": 0.017, "side": "buy", "timestamp": 1766015622718}, {"id": "2677197065", "price": 2826.79, "amount": 0.017, "side": "buy", "timestamp": 1766015622718}, {"id": "2677197066", "price": 2826.8, "amount": 0.035, "side": "buy", "timestamp": 1766015622718}, {"id": "2677197067", "price": 2826.81, "amount": 0.025, "side": "buy", "timestamp": 1766015622718}, {"id": "2677197068", "price": 2826.82, "amount": 0.009, "side": "buy", "timestamp": 1766015622718}, {"id": "2677197069", "price": 2826.83, "amount": 0.097, "side": "buy", "timestamp": 1766015622718}, {"id": "2677197070", "price": 2826.84, "amount": 0.017, "side": "buy", "timestamp": 1766015622718}, {"id": "2677197071", "price": 2826.85, "amount": 0.008, "side": "buy", "timestamp": 1766015622718}, {"id": "2677197072", "price": 2826.86, "amount": 0.477, "side": "buy", "timestamp": 1766015622722}, {"id": "2677197073", "price": 2826.86, "amount": 3.0, "side": "buy", "timestamp": 1766015622964}, {"id": "2677197074", "price": 2826.86, "amount": 0.008, "side": "buy", "timestamp": 1766015623096}, {"id": "2677197075", "price": 2826.86, "amount": 0.057, "side": "buy", "timestamp": 1766015623400}, {"id": "2677197076", "price": 2826.86, "amount": 2.574, "side": "buy", "timestamp": 1766015623650}, {"id": "2677197077", "price": 2826.86, "amount": 0.247, "side": "buy", "timestamp": 1766015624097}, {"id": "2677197078", "price": 2826.86, "amount": 3.594, "side": "buy", "timestamp": 1766015624780}, {"id": "2677197079", "price": 2826.86, "amount": 0.008, "side": "buy", "timestamp": 1766015625127}, {"id": "2677197080", "price": 2826.85, "amount": 0.02, "side": "sell", "timestamp": 1766015625168}, {"id": "2677197081", "price": 2826.86, "amount": 1.215, "side": "buy", "timestamp": 1766015625204}, {"id": "2677197082", "price": 2826.86, "amount": 0.053, "side": "buy", "timestamp": 1766015625620}, {"id": "2677197083", "price": 2826.86, "amount": 3.84, "side": "buy", "timestamp": 1766015625829}, {"id": "2677197084", "price": 2826.87, "amount": 0.024, "side": "buy", "timestamp": 1766015625832}, {"id": "2677197085", "price": 2826.88, "amount": 0.008, "side": "buy", "timestamp": 1766015625832}, {"id": "2677197086", "price": 2826.89, "amount": 0.035, "side": "buy", "timestamp": 1766015625832}, {"id": "2677197087", "price": 2826.9, "amount": 0.241, "side": "buy", "timestamp": 1766015625832}, {"id": "2677197088", "price": 2826.91, "amount": 0.032, "side": "buy", "timestamp": 1766015625832}, {"id": "2677197089", "price": 2826.92, "amount": 0.035, "side": "buy", "timestamp": 1766015625832}, {"id": "2677197090", "price": 2826.93, "amount": 0.023, "side": "buy", "timestamp": 1766015625832}, {"id": "2677197091", "price": 2826.95, "amount": 0.281, "side": "buy", "timestamp": 1766015625832}, {"id": "2677197092", "price": 2826.94, "amount": 0.3, "side": "sell", "timestamp": 1766015625862}, {"id": "2677197571", "price": 2826.85, "amount": 0.902, "side": "sell", "timestamp": 1766015674087}, {"id": "2677197572", "price": 2826.84, "amount": 3.564, "side": "sell", "timestamp": 1766015674087}, {"id": "2677197573", "price": 2826.83, "amount": 0.009, "side": "sell", "timestamp": 1766015674087}, {"id": "2677197574", "price": 2826.82, "amount": 0.056, "side": "sell", "timestamp": 1766015674087}, {"id": "2677197575", "price": 2826.81, "amount": 0.408, "side": "sell", "timestamp": 1766015674087}, {"id": "2677197576", "price": 2826.8, "amount": 0.691, "side": "sell", "timestamp": 1766015674087}, {"id": "2677197577", "price": 2826.79, "amount": 0.032, "side": "sell", "timestamp": 1766015674087}, {"id": "2677197578", "price": 2826.78, "amount": 1.36, "side": "sell", "timestamp": 1766015674087}, {"id": "2677197579", "price": 2826.77, "amount": 0.679, "side": "sell", "timestamp": 1766015674087}, {"id": "2677197580", "price": 2826.76, "amount": 0.033, "side": "sell", "timestamp": 1766015674092}, {"id": "2677197581", "price": 2826.75, "amount": 0.009, "side": "sell", "timestamp": 1766015674092}, {"id": "2677197582", "price": 2826.74, "amount": 0.06, "side": "sell", "timestamp": 1766015674092}, {"id": "2677197583", "price": 2826.73, "amount": 0.057, "side": "sell", "timestamp": 1766015674092}, {"id": "2677197584", "price": 2826.72, "amount": 0.04, "side": "sell", "timestamp": 1766015674092}, {"id": "2677197585", "price": 2826.71, "amount": 1.267, "side": "sell", "timestamp": 1766015674094}, {"id": "2677197586", "price": 2826.7, "amount": 0.066, "side": "sell", "timestamp": 1766015674097}, {"id": "2677197587", "price": 2826.69, "amount": 0.378, "side": "sell", "timestamp": 1766015674097}, {"id": "2677197588", "price": 2826.68, "amount": 0.049, "side": "sell", "timestamp": 1766015674097}, {"id": "2677197589", "price": 2826.67, "amount": 0.017, "side": "sell", "timestamp": 1766015674097}, {"id": "2677197590", "price": 2826.66, "amount": 1.068, "side": "sell", "timestamp": 1766015674097}, {"id": "2677197591", "price": 2826.65, "amount": 0.034, "side": "sell", "timestamp": 1766015674097}, {"id": "2677197592", "price": 2826.64, "amount": 0.2, "side": "sell", "timestamp": 1766015674097}, {"id": "2677197593", "price": 2826.63, "amount": 1.118, "side": "sell", "timestamp": 1766015674118}, {"id": "2677197594", "price": 2826.64, "amount": 1.159, "side": "buy", "timestamp": 1766015674176}, {"id": "2677197595", "price": 2826.64, "amount": 1.233, "side": "buy", "timestamp": 1766015675099}, {"id": "2677197596", "price": 2826.63, "amount": 10.0, "side": "sell", "timestamp": 1766015675353}, {"id": "2677197597", "price": 2826.64, "amount": 17.395, "side": "buy", "timestamp": 1766015675649}, {"id": "2677197598", "price": 2826.65, "amount": 0.008, "side": "buy", "timestamp": 1766015675649}, {"id": "2677197599", "price": 2826.66, "amount": 0.469, "side": "buy", "timestamp": 1766015675652}, {"id": "2677197600", "price": 2826.66, "amount": 0.01, "side": "buy", "timestamp": 1766015675891}, {"id": "2677197601", "price": 2826.65, "amount": 0.008, "side": "sell", "timestamp": 1766015676125}, {"id": "2677197602", "price": 2826.66, "amount": 1.147, "side": "buy", "timestamp": 1766015676216}, {"id": "2677197603", "price": 2826.66, "amount": 0.236, "side": "buy", "timestamp": 1766015676704}, {"id": "2677197604", "price": 2826.66, "amount": 0.079, "side": "buy", "timestamp": 1766015677048}, {"id": "2677197605", "price": 2826.66, "amount": 1.14, "side": "buy", "timestamp": 1766015677171}, {"id": "2677197606", "price": 2826.66, "amount": 19.534, "side": "buy", "timestamp": 1766015677402}, {"id": "2677197607", "price": 2826.66, "amount": 1.134, "side": "buy", "timestamp": 1766015678158}, {"id": "2677197608", "price": 2826.65, "amount": 0.236, "side": "sell", "timestamp": 1766015678373}, {"id": "2677197609", "price": 2826.65, "amount": 0.012, "side": "sell", "timestamp": 1766015679098}, {"id": "2677197610", "price": 2826.66, "amount": 1.206, "side": "buy", "timestamp": 1766015679125}, {"id": "2677197611", "price": 2826.65, "amount": 0.008, "side": "sell", "timestamp": 1766015679154}, {"id": "2677197612", "price": 2826.66, "amount": 1.682, "side": "buy", "timestamp": 1766015679582}, {"id": "2677197613", "price": 2826.66, "amount": 0.125, "side": "buy", "timestamp": 1766015679735}, {"id": "2677197614", "price": 2826.66, "amount": 1.121, "side": "buy", "timestamp": 1766015680178}, {"id": "2677197615", "price": 2826.66, "amount": 0.05, "side": "buy", "timestamp": 1766015680595}, {"id": "2677197616", "price": 2826.66, "amount": 0.285, "side": "buy", "timestamp": 1766015681058}, {"id": "2677197617", "price": 2826.66, "amount": 0.008, "side": "buy", "timestamp": 1766015681182}, {"id": "2677197618", "price": 2826.66, "amount": 1.114, "side": "buy", "timestamp": 1766015681343}, {"id": "2677197619", "price": 2826.65, "amount": 0.008, "side": "sell", "timestamp": 1766015682173}, {"id": "2677197620", "price": 2826.66, "amount": 1.183, "side": "buy", "timestamp": 1766015682282}, {"id": "2677198061", "price": 2827.37, "amount": 0.033, "side": "sell", "timestamp": 1766015730007}, {"id": "2677198062", "price": 2827.36, "amount": 0.034, "side": "sell", "timestamp": 1766015730007}, {"id": "2677198063", "price": 2827.35, "amount": 0.015, "side": "sell", "timestamp": 1766015730007}, {"id": "2677198064", "price": 2827.34, "amount": 0.026, "side": "sell", "timestamp": 1766015730007}, {"id": "2677198065", "price": 2827.33, "amount": 0.033, "side": "sell", "timestamp": 1766015730007}, {"id": "2677198066", "price": 2827.32, "amount": 0.026, "side": "sell", "timestamp": 1766015730007}, {"id": "2677198067", "price": 2827.31, "amount": 0.034, "side": "sell", "timestamp": 1766015730007}, {"id": "2677198068", "price": 2827.3, "amount": 0.008, "side": "sell", "timestamp": 1766015730112}, {"id": "2677198069", "price": 2827.31, "amount": 0.793, "side": "buy", "timestamp": 1766015730189}, {"id": "2677198070", "price": 2827.3, "amount": 0.362, "side": "sell", "timestamp": 1766015730233}, {"id": "2677198071", "price": 2827.29, "amount": 0.017, "side": "sell", "timestamp": 1766015730233}, {"id": "2677198072", "price": 2827.28, "amount": 0.017, "side": "sell", "timestamp": 1766015730233}, {"id": "2677198073", "price": 2827.27, "amount": 0.026, "side": "sell", "timestamp": 1766015730233}, {"id": "2677198074", "price": 2827.26, "amount": 0.035, "side": "sell", "timestamp": 1766015730233}, {"id": "2677198075", "price": 2827.25, "amount": 0.04, "side": "sell", "timestamp": 1766015730233}, {"id": "2677198076", "price": 2827.24, "amount": 0.41, "side": "sell", "timestamp": 1766015730236}, {"id": "2677198077", "price": 2827.25, "amount": 0.429, "side": "buy", "timestamp": 1766015730328}, {"id": "2677198078", "price": 2827.24, "amount": 0.083, "side": "sell", "timestamp": 1766015730746}, {"id": "2677198079", "price": 2827.23, "amount": 0.017, "side": "sell", "timestamp": 1766015730747}, {"id": "2677198080", "price": 2827.23, "amount": 1.13, "side": "buy", "timestamp": 1766015730824}, {"id": "2677198081", "price": 2827.22, "amount": 1.582, "side": "sell", "timestamp": 1766015730877}, {"id": "2677198082", "price": 2827.21, "amount": 0.026, "side": "sell", "timestamp": 1766015730877}, {"id": "2677198083", "price": 2827.2, "amount": 0.026, "side": "sell", "timestamp": 1766015730877}, {"id": "2677198084", "price": 2827.19, "amount": 0.009, "side": "sell", "timestamp": 1766015730877}, {"id": "2677198085", "price": 2827.17, "amount": 0.057, "side": "sell", "timestamp": 1766015730877}, {"id": "2677198086", "price": 2827.16, "amount": 0.008, "side": "sell", "timestamp": 1766015730877}, {"id": "2677198087", "price": 2827.15, "amount": 0.042, "side": "sell", "timestamp": 1766015730883}, {"id": "2677198088", "price": 2827.14, "amount": 0.026, "side": "sell", "timestamp": 1766015730883}, {"id": "2677198089", "price": 2827.13, "amount": 0.008, "side": "sell", "timestamp": 1766015730883}, {"id": "2677198090", "price": 2827.12, "amount": 0.369, "side": "sell", "timestamp": 1766015730885}, {"id": "2677198091", "price": 2827.11, "amount": 0.017, "side": "sell", "timestamp": 1766015730890}, {"id": "2677198092", "price": 2827.11, "amount": 0.185, "side": "buy", "timestamp": 1766015731594}, {"id": "2677198093", "price": 2827.11, "amount": 1.124, "side": "buy", "timestamp": 1766015731812}, {"id": "2677198094", "price": 2827.1, "amount": 0.049, "side": "sell", "timestamp": 1766015731892}, {"id": "2677198095", "price": 2827.11, "amount": 0.73, "side": "buy", "timestamp": 1766015731995}, {"id": "2677198096", "price": 2827.11, "amount": 0.778, "side": "buy", "timestamp": 1766015732194}, {"id": "2677198097", "price": 2827.11, "amount": 1.146, "side": "buy", "timestamp": 1766015732784}, {"id": "2677198098", "price": 2827.11, "amount": 0.5, "side": "buy", "timestamp": 1766015732987}, {"id": "2677198099", "price": 2827.1, "amount": 0.02, "side": "sell", "timestamp": 1766015733146}, {"id": "2677198100", "price": 2827.11, "amount": 1.14, "side": "buy", "timestamp": 1766015733819}, {"id": "2677198101", "price": 2827.11, "amount": 0.079, "side": "buy", "timestamp": 1766015734045}, {"id": "2677198102", "price": 2827.11, "amount": 1.136, "side": "buy", "timestamp": 1766015734817}, {"id": "2677198103", "price": 2827.11, "amount": 1.129, "side": "buy", "timestamp": 1766015735821}, {"id": "2677198104", "price": 2827.11, "amount": 0.079, "side": "buy", "timestamp": 1766015736092}, {"id": "2677198105", "price": 2827.1, "amount": 0.008, "side": "sell", "timestamp": 1766015736184}, {"id": "2677198106", "price": 2827.11, "amount": 1.121, "side": "buy", "timestamp": 1766015736885}, {"id": "2677198107", "price": 2827.1, "amount": 0.212, "side": "sell", "timestamp": 1766015736927}, {"id": "2677198108", "price": 2827.11, "amount": 0.029, "side": "buy", "timestamp": 1766015737562}, {"id": "2677198109", "price": 2827.11, "amount": 1.114, "side": "buy", "timestamp": 1766015737924}, {"id": "2677198110", "price": 2827.11, "amount": 0.401, "side": "buy", "timestamp": 1766015738095}, {"id": "2677198428", "price": 2828.4, "amount": 0.025, "side": "sell", "timestamp": 1766015788113}, {"id": "2677198429", "price": 2828.39, "amount": 0.009, "side": "sell", "timestamp": 1766015788113}, {"id": "2677198430", "price": 2828.38, "amount": 0.04, "side": "sell", "timestamp": 1766015788113}, {"id": "2677198431", "price": 2828.38, "amount": 0.035, "side": "buy", "timestamp": 1766015788234}, {"id": "2677198432", "price": 2828.37, "amount": 0.035, "side": "sell", "timestamp": 1766015788518}, {"id": "2677198433", "price": 2828.38, "amount": 1.794, "side": "buy", "timestamp": 1766015788742}, {"id": "2677198434", "price": 2828.38, "amount": 28.599, "side": "buy", "timestamp": 1766015789216}, {"id": "2677198435", "price": 2828.39, "amount": 0.008, "side": "buy", "timestamp": 1766015789228}, {"id": "2677198436", "price": 2828.4, "amount": 0.028, "side": "buy", "timestamp": 1766015789228}, {"id": "2677198437", "price": 2828.42, "amount": 0.017, "side": "buy", "timestamp": 1766015789229}, {"id": "2677198438", "price": 2828.43, "amount": 0.032, "side": "buy", "timestamp": 1766015789229}, {"id": "2677198439", "price": 2828.45, "amount": 0.033, "side": "buy", "timestamp": 1766015789230}, {"id": "2677198440", "price": 2828.46, "amount": 0.353, "side": "buy", "timestamp": 1766015789230}, {"id": "2677198441", "price": 2828.47, "amount": 0.015, "side": "buy", "timestamp": 1766015789230}, {"id": "2677198442", "price": 2828.48, "amount": 0.026, "side": "buy", "timestamp": 1766015789230}, {"id": "2677198443", "price": 2828.49, "amount": 0.024, "side": "buy", "timestamp": 1766015789230}, {"id": "2677198444", "price": 2828.5, "amount": 0.019, "side": "buy", "timestamp": 1766015789230}, {"id": "2677198445", "price": 2828.51, "amount": 0.024, "side": "buy", "timestamp": 1766015789230}, {"id": "2677198446", "price": 2828.52, "amount": 0.026, "side": "buy", "timestamp": 1766015789230}, {"id": "2677198447", "price": 2828.53, "amount": 0.015, "side": "buy", "timestamp": 1766015789230}, {"id": "2677198448", "price": 2828.54, "amount": 0.84, "side": "buy", "timestamp": 1766015789230}, {"id": "2677198449", "price": 2828.55, "amount": 0.087, "side": "buy", "timestamp": 1766015789262}, {"id": "2677198450", "price": 2828.54, "amount": 7.137, "side": "sell", "timestamp": 1766015789544}, {"id": "2677198451", "price": 2828.55, "amount": 0.788, "side": "buy", "timestamp": 1766015789663}, {"id": "2677198452", "price": 2828.54, "amount": 0.008, "side": "sell", "timestamp": 1766015790031}, {"id": "2677198453", "price": 2828.55, "amount": 0.035, "side": "buy", "timestamp": 1766015790432}, {"id": "2677198454", "price": 2828.54, "amount": 0.029, "side": "sell", "timestamp": 1766015790539}, {"id": "2677198455", "price": 2828.55, "amount": 0.809, "side": "buy", "timestamp": 1766015790644}, {"id": "2677198456", "price": 2828.55, "amount": 2.191, "side": "buy", "timestamp": 1766015790937}, {"id": "2677198457", "price": 2828.55, "amount": 0.775, "side": "buy", "timestamp": 1766015791614}, {"id": "2677198458", "price": 2828.55, "amount": 18.772, "side": "buy", "timestamp": 1766015792479}, {"id": "2677198459", "price": 2828.56, "amount": 0.833, "side": "buy", "timestamp": 1766015792479}, {"id": "2677198460", "price": 2828.57, "amount": 0.173, "side": "buy", "timestamp": 1766015792479}, {"id": "2677198461", "price": 2828.58, "amount": 0.018, "side": "buy", "timestamp": 1766015792479}, {"id": "2677198462", "price": 2828.59, "amount": 0.026, "side": "buy", "timestamp": 1766015792479}, {"id": "2677198463", "price": 2828.6, "amount": 0.025, "side": "buy", "timestamp": 1766015792479}, {"id": "2677198464", "price": 2828.61, "amount": 1.548, "side": "buy", "timestamp": 1766015792479}, {"id": "2677198465", "price": 2828.62, "amount": 0.044, "side": "buy", "timestamp": 1766015792479}, {"id": "2677198466", "price": 2828.63, "amount": 7.613, "side": "buy", "timestamp": 1766015792479}, {"id": "2677198467", "price": 2828.62, "amount": 7.9, "side": "sell", "timestamp": 1766015792656}, {"id": "2677198468", "price": 2828.62, "amount": 7.91, "side": "sell", "timestamp": 1766015792828}, {"id": "2677198469", "price": 2828.62, "amount": 1.709, "side": "sell", "timestamp": 1766015793048}, {"id": "2677198470", "price": 2828.62, "amount": 1.248, "side": "sell", "timestamp": 1766015793186}, {"id": "2677198471", "price": 2828.63, "amount": 0.008, "side": "buy", "timestamp": 1766015793344}, {"id": "2677198472", "price": 2828.63, "amount": 0.834, "side": "buy", "timestamp": 1766015793454}, {"id": "2677198473", "price": 2828.63, "amount": 17.715, "side": "buy", "timestamp": 1766015793569}, {"id": "2677198474", "price": 2828.63, "amount": 2.917, "side": "buy", "timestamp": 1766015794446}, {"id": "2677198475", "price": 2828.63, "amount": 0.2, "side": "buy", "timestamp": 1766015794593}, {"id": "2677198476", "price": 2828.63, "amount": 0.243, "side": "buy", "timestamp": 1766015794811}, {"id": "2677198477", "price": 2828.62, "amount": 0.331, "side": "sell", "timestamp": 1766015794849}, {"id": "2677198742", "price": 2828.39, "amount": 0.009, "side": "sell", "timestamp": 1766015842865}, {"id": "2677198743", "price": 2828.38, "amount": 0.025, "side": "sell", "timestamp": 1766015842865}, {"id": "2677198744", "price": 2828.37, "amount": 0.699, "side": "sell", "timestamp": 1766015842865}, {"id": "2677198745", "price": 2828.35, "amount": 0.05, "side": "sell", "timestamp": 1766015842872}, {"id": "2677198746", "price": 2828.34, "amount": 12.747, "side": "sell", "timestamp": 1766015842879}, {"id": "2677198747", "price": 2828.33, "amount": 0.891, "side": "sell", "timestamp": 1766015842926}, {"id": "2677198748", "price": 2828.32, "amount": 0.701, "side": "sell", "timestamp": 1766015842926}, {"id": "2677198749", "price": 2828.31, "amount": 0.009, "side": "sell", "timestamp": 1766015842926}, {"id": "2677198750", "price": 2828.3, "amount": 0.008, "side": "sell", "timestamp": 1766015842926}, {"id": "2677198751", "price": 2828.29, "amount": 0.023, "side": "sell", "timestamp": 1766015842926}, {"id": "2677198752", "price": 2828.28, "amount": 0.034, "side": "sell", "timestamp": 1766015842926}, {"id": "2677198753", "price": 2828.27, "amount": 0.023, "side": "sell", "timestamp": 1766015842926}, {"id": "2677198754", "price": 2828.26, "amount": 0.017, "side": "sell", "timestamp": 1766015842926}, {"id": "2677198755", "price": 2828.25, "amount": 0.041, "side": "sell", "timestamp": 1766015842926}, {"id": "2677198756", "price": 2828.24, "amount": 0.025, "side": "sell", "timestamp": 1766015842926}, {"id": "2677198757", "price": 2828.23, "amount": 0.008, "side": "sell", "timestamp": 1766015842926}, {"id": "2677198758", "price": 2828.22, "amount": 0.2, "side": "sell", "timestamp": 1766015842926}, {"id": "2677198759", "price": 2828.21, "amount": 0.017, "side": "sell", "timestamp": 1766015842931}, {"id": "2677198760", "price": 2828.22, "amount": 0.156, "side": "buy", "timestamp": 1766015843081}, {"id": "2677198761", "price": 2828.22, "amount": 0.079, "side": "buy", "timestamp": 1766015843309}, {"id": "2677198762", "price": 2828.21, "amount": 0.008, "side": "sell", "timestamp": 1766015844170}, {"id": "2677198763", "price": 2828.22, "amount": 0.07, "side": "buy", "timestamp": 1766015844498}, {"id": "2677198764", "price": 2828.22, "amount": 0.072, "side": "buy", "timestamp": 1766015844747}, {"id": "2677198765", "price": 2828.21, "amount": 0.73, "side": "sell", "timestamp": 1766015844756}, {"id": "2677198766", "price": 2828.21, "amount": 6.754, "side": "sell", "timestamp": 1766015845050}, {"id": "2677198767", "price": 2828.22, "amount": 0.079, "side": "buy", "timestamp": 1766015845152}, {"id": "2677198768", "price": 2828.21, "amount": 0.355, "side": "sell", "timestamp": 1766015845345}, {"id": "2677198769", "price": 2828.22, "amount": 1.712, "side": "buy", "timestamp": 1766015845434}, {"id": "2677198770", "price": 2828.21, "amount": 2.121, "side": "sell", "timestamp": 1766015845484}, {"id": "2677198771", "price": 2828.21, "amount": 7.069, "side": "sell", "timestamp": 1766015846558}, {"id": "2677198772", "price": 2828.22, "amount": 0.008, "side": "buy", "timestamp": 1766015847170}, {"id": "2677198773", "price": 2828.21, "amount": 0.02, "side": "sell", "timestamp": 1766015847188}, {"id": "2677198774", "price": 2828.22, "amount": 0.071, "side": "buy", "timestamp": 1766015847189}, {"id": "2677198775", "price": 2828.22, "amount": 0.854, "side": "buy", "timestamp": 1766015847433}, {"id": "2677198776", "price": 2828.21, "amount": 0.155, "side": "sell", "timestamp": 1766015847621}, {"id": "2677198777", "price": 2828.22, "amount": 0.071, "side": "buy", "timestamp": 1766015849007}, {"id": "2677198778", "price": 2828.22, "amount": 0.008, "side": "buy", "timestamp": 1766015849188}, {"id": "2677198779", "price": 2828.22, "amount": 1.633, "side": "buy", "timestamp": 1766015849584}, {"id": "2677198780", "price": 2828.22, "amount": 0.883, "side": "buy", "timestamp": 1766015849990}, {"id": "2677198781", "price": 2828.21, "amount": 0.008, "side": "sell", "timestamp": 1766015850019}, {"id": "2677198782", "price": 2828.21, "amount": 8.522, "side": "sell", "timestamp": 1766015850135}, {"id": "2677198783", "price": 2828.21, "amount": 1.559, "side": "sell", "timestamp": 1766015850255}, {"id": "2677198784", "price": 2828.22, "amount": 2.834, "side": "buy", "timestamp": 1766015850325}, {"id": "2677198785", "price": 2828.22, "amount": 1.0, "side": "buy", "timestamp": 1766015850806}, {"id": "2677198786", "price": 2828.21, "amount": 0.144, "side": "sell", "timestamp": 1766015850813}, {"id": "2677198787", "price": 2828.21, "amount": 0.714, "side": "sell", "timestamp": 1766015850924}, {"id": "2677198788", "price": 2828.22, "amount": 0.079, "side": "buy", "timestamp": 1766015851008}, {"id": "2677198789", "price": 2828.22, "amount": 0.3, "side": "buy", "timestamp": 1766015851181}, {"id": "2677198790", "price": 2828.22, "amount": 0.193, "side": "buy", "timestamp": 1766015851509}, {"id": "2677198791", "price": 2828.22, "amount": 0.08, "side": "buy", "timestamp": 1766015851699}, {"id": "2677199180", "price": 2830.18, "amount": 0.908, "side": "buy", "timestamp": 1766015906083}, {"id": "2677199181", "price": 2830.19, "amount": 0.008, "side": "buy", "timestamp": 1766015906083}, {"id": "2677199182", "price": 2830.2, "amount": 8.903, "side": "buy", "timestamp": 1766015906083}, {"id": "2677199183", "price": 2830.21, "amount": 0.017, "side": "buy", "timestamp": 1766015906083}, {"id": "2677199184", "price": 2830.22, "amount": 0.033, "side": "buy", "timestamp": 1766015906083}, {"id": "2677199185", "price": 2830.23, "amount": 0.04, "side": "buy", "timestamp": 1766015906084}, {"id": "2677199186", "price": 2830.24, "amount": 0.04, "side": "buy", "timestamp": 1766015906084}, {"id": "2677199187", "price": 2830.25, "amount": 0.045, "side": "buy", "timestamp": 1766015906084}, {"id": "2677199188", "price": 2830.26, "amount": 0.15, "side": "buy", "timestamp": 1766015906085}, {"id": "2677199189", "price": 2830.27, "amount": 0.222, "side": "buy", "timestamp": 1766015906085}, {"id": "2677199190", "price": 2830.28, "amount": 0.044, "side": "buy", "timestamp": 1766015906085}, {"id": "2677199191", "price": 2830.29, "amount": 11.668, "side": "buy", "timestamp": 1766015906085}, {"id": "2677199192", "price": 2830.3, "amount": 100.051, "side": "buy", "timestamp": 1766015906085}, {"id": "2677199193", "price": 2830.31, "amount": 0.051, "side": "buy", "timestamp": 1766015906103}, {"id": "2677199194", "price": 2830.32, "amount": 0.026, "side": "buy", "timestamp": 1766015906103}, {"id": "2677199195", "price": 2830.33, "amount": 0.026, "side": "buy", "timestamp": 1766015906103}, {"id": "2677199196", "price": 2830.34, "amount": 0.067, "side": "buy", "timestamp": 1766015906104}, {"id": "2677199197", "price": 2830.35, "amount": 1.151, "side": "buy", "timestamp": 1766015906104}, {"id": "2677199198", "price": 2830.36, "amount": 0.112, "side": "buy", "timestamp": 1766015906104}, {"id": "2677199199", "price": 2830.38, "amount": 0.032, "side": "buy", "timestamp": 1766015906104}, {"id": "2677199200", "price": 2830.39, "amount": 0.156, "side": "buy", "timestamp": 1766015906104}, {"id": "2677199201", "price": 2830.4, "amount": 0.024, "side": "buy", "timestamp": 1766015906104}, {"id": "2677199202", "price": 2830.41, "amount": 0.034, "side": "buy", "timestamp": 1766015906104}, {"id": "2677199203", "price": 2830.42, "amount": 0.553, "side": "buy", "timestamp": 1766015906104}, {"id": "2677199204", "price": 2830.43, "amount": 0.036, "side": "buy", "timestamp": 1766015906104}, {"id": "2677199205", "price": 2830.44, "amount": 0.324, "side": "buy", "timestamp": 1766015906104}, {"id": "2677199206", "price": 2830.45, "amount": 0.026, "side": "buy", "timestamp": 1766015906104}, {"id": "2677199207", "price": 2830.46, "amount": 0.156, "side": "buy", "timestamp": 1766015906104}, {"id": "2677199208", "price": 2830.47, "amount": 0.219, "side": "buy", "timestamp": 1766015906104}, {"id": "2677199209", "price": 2830.48, "amount": 0.024, "side": "buy", "timestamp": 1766015906104}, {"id": "2677199210", "price": 2830.49, "amount": 0.038, "side": "buy", "timestamp": 1766015906104}, {"id": "2677199211", "price": 2830.5, "amount": 0.124, "side": "buy", "timestamp": 1766015906104}, {"id": "2677199212", "price": 2830.51, "amount": 0.034, "side": "buy", "timestamp": 1766015906104}, {"id": "2677199213", "price": 2830.52, "amount": 0.036, "side": "buy", "timestamp": 1766015906104}, {"id": "2677199214", "price": 2830.53, "amount": 0.057, "side": "buy", "timestamp": 1766015906104}, {"id": "2677199215", "price": 2830.54, "amount": 0.024, "side": "buy", "timestamp": 1766015906104}, {"id": "2677199216", "price": 2830.55, "amount": 10.239, "side": "buy", "timestamp": 1766015906104}, {"id": "2677199217", "price": 2830.5, "amount": 0.016, "side": "buy", "timestamp": 1766015906108}, {"id": "2677199218", "price": 2830.55, "amount": 1.128, "side": "buy", "timestamp": 1766015906108}, {"id": "2677199219", "price": 2830.54, "amount": 0.015, "side": "sell", "timestamp": 1766015906145}, {"id": "2677199220", "price": 2830.55, "amount": 0.594, "side": "buy", "timestamp": 1766015906169}, {"id": "2677199221", "price": 2830.54, "amount": 0.015, "side": "sell", "timestamp": 1766015906173}, {"id": "2677199222", "price": 2830.55, "amount": 0.2, "side": "buy", "timestamp": 1766015906215}, {"id": "2677199223", "price": 2830.54, "amount": 0.052, "side": "sell", "timestamp": 1766015906232}, {"id": "2677199224", "price": 2830.54, "amount": 0.01, "side": "sell", "timestamp": 1766015906411}, {"id": "2677199225", "price": 2830.55, "amount": 0.24, "side": "buy", "timestamp": 1766015906437}, {"id": "2677199226", "price": 2830.54, "amount": 0.065, "side": "sell", "timestamp": 1766015906511}, {"id": "2677199227", "price": 2830.55, "amount": 1.162, "side": "buy", "timestamp": 1766015906541}, {"id": "2677199228", "price": 2830.55, "amount": 0.348, "side": "buy", "timestamp": 1766015906664}, {"id": "2677199229", "price": 2830.54, "amount": 0.294, "side": "sell", "timestamp": 1766015906830}, {"id": "2677199996", "price": 2831.4, "amount": 0.05, "side": "sell", "timestamp": 1766015958418}, {"id": "2677199997", "price": 2831.41, "amount": 0.028, "side": "buy", "timestamp": 1766015958643}, {"id": "2677199998", "price": 2831.41, "amount": 0.034, "side": "buy", "timestamp": 1766015958801}, {"id": "2677199999", "price": 2831.4, "amount": 1.815, "side": "sell", "timestamp": 1766015959056}, {"id": "2677200000", "price": 2831.41, "amount": 0.01, "side": "buy", "timestamp": 1766015959079}, {"id": "2677200001", "price": 2831.4, "amount": 0.025, "side": "sell", "timestamp": 1766015959130}, {"id": "2677200002", "price": 2831.4, "amount": 2.822, "side": "sell", "timestamp": 1766015959969}, {"id": "2677200003", "price": 2831.41, "amount": 0.223, "side": "buy", "timestamp": 1766015960154}, {"id": "2677200004", "price": 2831.41, "amount": 3.204, "side": "buy", "timestamp": 1766015960426}, {"id": "2677200005", "price": 2831.4, "amount": 0.215, "side": "sell", "timestamp": 1766015960560}, {"id": "2677200006", "price": 2831.4, "amount": 0.028, "side": "sell", "timestamp": 1766015960664}, {"id": "2677200007", "price": 2831.4, "amount": 0.755, "side": "sell", "timestamp": 1766015960835}, {"id": "2677200008", "price": 2831.41, "amount": 1.629, "side": "buy", "timestamp": 1766015960851}, {"id": "2677200009", "price": 2831.4, "amount": 2.385, "side": "sell", "timestamp": 1766015960979}, {"id": "2677200010", "price": 2831.39, "amount": 0.02, "side": "sell", "timestamp": 1766015961090}, {"id": "2677200011", "price": 2831.39, "amount": 0.751, "side": "sell", "timestamp": 1766015961217}, {"id": "2677200012", "price": 2831.38, "amount": 0.158, "side": "sell", "timestamp": 1766015961217}, {"id": "2677200013", "price": 2831.37, "amount": 0.017, "side": "sell", "timestamp": 1766015961217}, {"id": "2677200014", "price": 2831.36, "amount": 0.379, "side": "sell", "timestamp": 1766015961217}, {"id": "2677200015", "price": 2831.35, "amount": 0.016, "side": "sell", "timestamp": 1766015961217}, {"id": "2677200016", "price": 2831.34, "amount": 1.515, "side": "sell", "timestamp": 1766015961217}, {"id": "2677200017", "price": 2831.33, "amount": 0.018, "side": "sell", "timestamp": 1766015961217}, {"id": "2677200018", "price": 2831.32, "amount": 0.048, "side": "sell", "timestamp": 1766015961217}, {"id": "2677200019", "price": 2831.31, "amount": 0.016, "side": "sell", "timestamp": 1766015961217}, {"id": "2677200020", "price": 2831.3, "amount": 0.009, "side": "sell", "timestamp": 1766015961217}, {"id": "2677200021", "price": 2831.29, "amount": 0.033, "side": "sell", "timestamp": 1766015961217}, {"id": "2677200022", "price": 2831.28, "amount": 0.253, "side": "sell", "timestamp": 1766015961217}, {"id": "2677200023", "price": 2831.29, "amount": 7.596, "side": "buy", "timestamp": 1766015961364}, {"id": "2677200024", "price": 2831.29, "amount": 32.189, "side": "buy", "timestamp": 1766015961490}, {"id": "2677200025", "price": 2831.28, "amount": 0.007, "side": "sell", "timestamp": 1766015961532}, {"id": "2677200026", "price": 2831.29, "amount": 2.222, "side": "buy", "timestamp": 1766015961598}, {"id": "2677200027", "price": 2831.29, "amount": 0.048, "side": "buy", "timestamp": 1766015961894}, {"id": "2677200028", "price": 2831.28, "amount": 1.835, "side": "sell", "timestamp": 1766015961963}, {"id": "2677200029", "price": 2831.28, "amount": 0.082, "side": "sell", "timestamp": 1766015962115}, {"id": "2677200030", "price": 2831.29, "amount": 2.06, "side": "buy", "timestamp": 1766015962200}, {"id": "2677200031", "price": 2831.29, "amount": 0.042, "side": "buy", "timestamp": 1766015962534}, {"id": "2677200032", "price": 2831.29, "amount": 0.15, "side": "buy", "timestamp": 1766015962914}, {"id": "2677200033", "price": 2831.28, "amount": 0.336, "side": "sell", "timestamp": 1766015962944}, {"id": "2677200034", "price": 2831.27, "amount": 0.033, "side": "sell", "timestamp": 1766015962988}, {"id": "2677200035", "price": 2831.26, "amount": 1.842, "side": "sell", "timestamp": 1766015963003}, {"id": "2677200036", "price": 2831.27, "amount": 0.037, "side": "buy", "timestamp": 1766015963026}, {"id": "2677200037", "price": 2831.26, "amount": 0.046, "side": "sell", "timestamp": 1766015963035}, {"id": "2677200038", "price": 2831.25, "amount": 0.158, "side": "sell", "timestamp": 1766015963035}, {"id": "2677200039", "price": 2831.24, "amount": 0.026, "side": "sell", "timestamp": 1766015963035}, {"id": "2677200040", "price": 2831.23, "amount": 0.008, "side": "sell", "timestamp": 1766015963035}, {"id": "2677200041", "price": 2831.22, "amount": 0.034, "side": "sell", "timestamp": 1766015963035}