[{"symbol": "SOLUSDT", "bids": [[126.06, 916.35], [126.05, 678.66], [126.04, 805.01], [126.03, 1765.38], [126.02, 1916.26], [126.01, 1470.58], [126.0, 1437.94], [125.99, 1458.28], [125.98, 698.32], [125.97, 1300.81], [125.96, 2623.54], [125.95, 1234.93], [125.94, 1718.21], [125.93, 1060.35], [125.92, 1239.13], [125.91, 2379.29], [125.9, 970.25], [125.89, 2078.09], [125.88, 1142.88], [125.87, 2048.28]], "asks": [[126.07, 494.0], [126.08, 472.69], [126.09, 1239.94], [126.1, 985.29], [126.11, 1935.29], [126.12, 1415.12], [126.13, 1210.3], [126.14, 945.44], [126.15, 1211.3], [126.16, 1374.63], [126.17, 3279.45], [126.18, 1056.49], [126.19, 1213.19], [126.2, 2255.13], [126.21, 920.21], [126.22, 1503.11], [126.23, 1103.88], [126.24, 772.63], [126.25, 767.14], [126.26, 2333.55]], "timestamp": "2025-12-16T09:25:41.874562+00:00"}, {"symbol": "SOLUSDT", "bids": [[126.06, 87.94], [126.05, 215.07], [126.04, 876.95], [126.03, 1207.53], [126.02, 1628.42], [126.01, 1364.32], [126.0, 1604.57], [125.99, 1294.92], [125.98, 1306.72], [125.97, 2519.01], [125.96, 703.41], [125.95, 908.68], [125.94, 856.98], [125.93, 1027.13], [125.92, 1367.15], [125.91, 2348.02], [125.9, 2470.36], [125.89, 654.2], [125.88, 1123.34], [125.87, 2120.38]], "asks": [[126.07, 1229.65], [126.08, 1062.52], [126.09, 1843.54], [126.1, 1877.4], [126.11, 1507.89], [126.12, 1029.56], [126.13, 1277.01], [126.14, 860.4], [126.15, 2047.59], [126.16, 2885.3], [126.17, 759.37], [126.18, 1355.45], [126.19, 1882.83], [126.2, 1419.54], [126.21, 1939.53], [126.22, 1798.94], [126.23, 1284.76], [126.24, 700.96], [126.25, 538.53], [126.26, 1046.06]], "timestamp": "2025-12-16T09:26:36.205593+00:00"}, {"symbol": "SOLUSDT", "bids": [[125.97, 90.93], [125.96, 244.41], [125.95, 1244.92], [125.94, 1069.91], [125.93, 1490.64], [125.92, 1746.53], [125.91, 1174.21], [125.9, 788.71], [125.89, 1423.18], [125.88, 3215.53], [125.87, 733.96], [125.86, 1065.03], [125.85, 1370.09], [125.84, 1378.71], [125.83, 2360.34], [125.82, 1196.55], [125.81, 2756.88], [125.8, 1189.84], [125.79, 1221.09], [125.78, 3676.56]], "asks": [[125.98, 1796.74], [125.99, 1038.3], [126.0, 1907.76], [126.01, 2014.64], [126.02, 2326.13], [126.03, 1318.56], [126.04, 1165.31], [126.05, 946.66], [126.06, 1120.97], [126.07, 2868.6], [126.08, 1748.62], [126.09, 778.49], [126.1, 931.85], [126.11, 690.74], [126.12, 838.84], [126.13, 1066.33], [126.14, 739.0], [126.15, 2576.47], [126.16, 2789.06], [126.17, 564.07]], "timestamp": "2025-12-16T09:27:30.891280+00:00"}, {"symbol": "SOLUSDT", "bids": [[125.99, 579.68], [125.98, 499.51], [125.97, 648.66], [125.96, 976.62], [125.95, 2201.83], [125.94, 1518.64], [125.93, 1090.6], [125.92, 1304.03], [125.91, 1749.57], [125.9, 2541.29], [125.89, 1024.8], [125.88, 1538.95], [125.87, 972.58], [125.86, 1871.62], [125.85, 1146.68], [125.84, 1318.38], [125.83, 2123.13], [125.82, 1053.97], [125.81, 3923.91], [125.8, 1328.87]], "asks": [[126.0, 1005.41], [126.01, 1027.91], [126.02, 1435.53], [126.03, 956.69], [126.04, 1251.82], [126.05, 1531.5], [126.06, 931.71], [126.07, 1606.65], [126.08, 2924.22], [126.09, 1128.76], [126.1, 998.03], [126.11, 542.29], [126.12, 899.7], [126.13, 946.66], [126.14, 914.62], [126.15, 1412.73], [126.16, 2884.62], [126.17, 715.64], [126.18, 2615.19], [126.19, 902.26]], "timestamp": "2025-12-16T09:28:25.430174+00:00"}, {"symbol": "SOLUSDT", "bids": [[125.99, 751.16], [125.98, 571.15], [125.97, 1312.48], [125.96, 900.1], [125.95, 2148.11], [125.94, 1558.89], [125.93, 919.16], [125.92, 1278.43], [125.91, 1636.19], [125.9, 2473.65], [125.89, 1117.24], [125.88, 1434.38], [125.87, 1348.64], [125.86, 1845.9], [125.85, 823.46], [125.84, 1346.34], [125.83, 2253.68], [125.82, 1627.66], [125.81, 2494.47], [125.8, 1083.39]], "asks": [[126.0, 511.74], [126.01, 756.42], [126.02, 1180.97], [126.03, 688.72], [126.04, 1583.91], [126.05, 1726.5], [126.06, 1058.12], [126.07, 1414.13], [126.08, 1372.51], [126.09, 2391.95], [126.1, 855.32], [126.11, 911.65], [126.12, 1448.74], [126.13, 992.05], [126.14, 1238.03], [126.15, 1276.66], [126.16, 2908.88], [126.17, 746.2], [126.18, 1146.34], [126.19, 925.06]], "timestamp": "2025-12-16T09:29:19.539030+00:00"}, {"symbol": "SOLUSDT", "bids": [[126.11, 812.97], [126.1, 638.91], [126.09, 1717.14], [126.08, 2423.14], [126.07, 2404.03], [126.06, 1590.76], [126.05, 1226.68], [126.04, 1673.22], [126.03, 1007.32], [126.02, 3232.44], [126.01, 1106.94], [126.0, 1419.06], [125.99, 1306.24], [125.98, 2251.97], [125.97, 759.18], [125.96, 956.51], [125.95, 753.19], [125.94, 1045.01], [125.93, 2333.56], [125.92, 1098.69]], "asks": [[126.12, 1229.15], [126.13, 684.43], [126.14, 1170.2], [126.15, 908.41], [126.16, 1337.72], [126.17, 1285.02], [126.18, 2038.74], [126.19, 947.87], [126.2, 1010.44], [126.21, 798.41], [126.22, 1292.67], [126.23, 2562.25], [126.24, 689.04], [126.25, 688.75], [126.26, 961.26], [126.27, 1930.89], [126.28, 1008.16], [126.29, 915.2], [126.3, 1801.97], [126.31, 366.76]], "timestamp": "2025-12-16T09:30:13.622474+00:00"}, {"symbol": "SOLUSDT", "bids": [[126.09, 1082.98], [126.08, 433.87], [126.07, 623.97], [126.06, 1147.48], [126.05, 1979.61], [126.04, 2103.29], [126.03, 776.82], [126.02, 1304.28], [126.01, 2634.85], [126.0, 970.83], [125.99, 1087.64], [125.98, 1458.94], [125.97, 2118.66], [125.96, 993.25], [125.95, 1087.0], [125.94, 746.1], [125.93, 1129.48], [125.92, 4323.52], [125.91, 1707.77], [125.9, 711.0]], "asks": [[126.1, 652.15], [126.11, 582.27], [126.12, 1236.95], [126.13, 1413.44], [126.14, 1973.3], [126.15, 1292.56], [126.16, 1024.86], [126.17, 1205.24], [126.18, 1451.38], [126.19, 1790.78], [126.2, 3497.79], [126.21, 906.75], [126.22, 906.98], [126.23, 799.92], [126.24, 1223.28], [126.25, 909.73], [126.26, 2699.96], [126.27, 832.0], [126.28, 956.26], [126.29, 915.57]], "timestamp": "2025-12-16T09:31:07.164399+00:00"}, {"symbol": "SOLUSDT", "bids": [[126.14, 549.07], [126.13, 307.88], [126.12, 636.19], [126.11, 969.5], [126.1, 2489.66], [126.09, 1856.18], [126.08, 772.33], [126.07, 742.06], [126.06, 1342.28], [126.05, 2713.38], [126.04, 935.3], [126.03, 916.28], [126.02, 1186.5], [126.01, 1497.6], [126.0, 2333.72], [125.99, 1343.36], [125.98, 3080.7], [125.97, 978.25], [125.96, 2575.67], [125.95, 1033.82]], "asks": [[126.15, 838.78], [126.16, 811.26], [126.17, 1262.41], [126.18, 1443.65], [126.19, 929.74], [126.2, 1956.87], [126.21, 869.85], [126.22, 1146.58], [126.23, 1167.15], [126.24, 3244.18], [126.25, 719.02], [126.26, 856.16], [126.27, 1064.89], [126.28, 1323.0], [126.29, 2112.52], [126.3, 1286.86], [126.31, 594.28], [126.32, 1246.06], [126.33, 2472.29], [126.34, 926.64]], "timestamp": "2025-12-16T09:32:01.538938+00:00"}, {"symbol": "SOLUSDT", "bids": [[126.34, 1421.18], [126.33, 1040.47], [126.32, 616.09], [126.31, 1446.81], [126.3, 2417.2], [126.29, 1992.05], [126.28, 1016.89], [126.27, 882.76], [126.26, 1695.11], [126.25, 2991.62], [126.24, 981.78], [126.23, 1268.0], [126.22, 670.38], [126.21, 563.57], [126.2, 733.7], [126.19, 1297.88], [126.18, 1815.61], [126.17, 473.66], [126.16, 943.57], [126.15, 1055.87]], "asks": [[126.35, 417.66], [126.36, 939.67], [126.37, 590.6], [126.38, 1696.25], [126.39, 1106.11], [126.4, 1689.36], [126.41, 1209.38], [126.42, 1220.65], [126.43, 1188.54], [126.44, 2096.95], [126.45, 2850.04], [126.46, 1013.63], [126.47, 986.92], [126.48, 2018.11], [126.49, 1804.61], [126.5, 2472.91], [126.51, 2737.68], [126.52, 851.2], [126.53, 941.31], [126.54, 1268.32]], "timestamp": "2025-12-16T09:32:55.740453+00:00"}, {"symbol": "SOLUSDT", "bids": [[126.35, 1931.89], [126.34, 807.63], [126.33, 603.64], [126.32, 1681.58], [126.31, 1884.83], [126.3, 1652.44], [126.29, 1622.7], [126.28, 894.86], [126.27, 981.57], [126.26, 2609.93], [126.25, 963.8], [126.24, 1113.76], [126.23, 1230.69], [126.22, 688.35], [126.21, 803.34], [126.2, 1100.27], [126.19, 2446.88], [126.18, 543.42], [126.17, 574.1], [126.16, 1419.92]], "asks": [[126.36, 823.03], [126.37, 1180.98], [126.38, 1832.6], [126.39, 1382.71], [126.4, 1134.77], [126.41, 1300.36], [126.42, 868.62], [126.43, 1447.67], [126.44, 1841.21], [126.45, 1755.45], [126.46, 2670.16], [126.47, 1031.86], [126.48, 1579.7], [126.49, 1614.21], [126.5, 1417.35], [126.51, 3051.03], [126.52, 1242.93], [126.53, 2335.19], [126.54, 752.42], [126.55, 883.44]], "timestamp": "2025-12-16T09:33:49.394831+00:00"}, {"symbol": "SOLUSDT", "bids": [[126.29, 906.29], [126.28, 601.15], [126.27, 982.93], [126.26, 1262.09], [126.25, 2316.25], [126.24, 1211.32], [126.23, 1381.8], [126.22, 1114.44], [126.21, 925.41], [126.2, 3035.82], [126.19, 1469.08], [126.18, 877.95], [126.17, 849.39], [126.16, 1553.57], [126.15, 2280.81], [126.14, 1887.26], [126.13, 926.5], [126.12, 1066.69], [126.11, 1202.92], [126.1, 2574.98]], "asks": [[126.3, 561.18], [126.31, 667.02], [126.32, 1988.14], [126.33, 2324.28], [126.34, 1362.97], [126.35, 1249.17], [126.36, 984.28], [126.37, 1061.22], [126.38, 1206.03], [126.39, 1006.2], [126.4, 3255.72], [126.41, 1217.09], [126.42, 1302.28], [126.43, 1925.95], [126.44, 1969.15], [126.45, 2065.77], [126.46, 678.31], [126.47, 1412.33], [126.48, 2495.5], [126.49, 1368.82]], "timestamp": "2025-12-16T09:34:43.232082+00:00"}, {"symbol": "SOLUSDT", "bids": [[126.02, 1650.28], [126.01, 858.15], [126.0, 559.91], [125.99, 1041.8], [125.98, 1928.31], [125.97, 1017.95], [125.96, 1022.08], [125.95, 728.31], [125.94, 1503.3], [125.93, 2642.06], [125.92, 993.49], [125.91, 857.29], [125.9, 1137.33], [125.89, 1076.46], [125.88, 959.21], [125.87, 2050.26], [125.86, 885.34], [125.85, 773.26], [125.84, 2736.39], [125.83, 2389.68]], "asks": [[126.03, 259.07], [126.04, 708.58], [126.05, 1531.65], [126.06, 1594.72], [126.07, 1631.79], [126.08, 1587.88], [126.09, 1698.14], [126.1, 1134.96], [126.11, 1625.93], [126.12, 2681.74], [126.13, 523.38], [126.14, 2703.46], [126.15, 1124.39], [126.16, 596.9], [126.17, 1123.21], [126.18, 1316.88], [126.19, 2394.49], [126.2, 2943.66], [126.21, 1175.52], [126.22, 862.14]], "timestamp": "2025-12-16T09:35:37.504059+00:00"}, {"symbol": "SOLUSDT", "bids": [[126.11, 626.58], [126.1, 265.71], [126.09, 940.67], [126.08, 1035.11], [126.07, 1526.49], [126.06, 998.96], [126.05, 1586.51], [126.04, 1374.31], [126.03, 2018.96], [126.02, 967.25], [126.01, 1177.31], [126.0, 894.38], [125.99, 929.54], [125.98, 1846.84], [125.97, 2371.74], [125.96, 1161.2], [125.95, 2883.52], [125.94, 2456.02], [125.93, 1286.75], [125.92, 840.21]], "asks": [[126.12, 1452.78], [126.13, 815.03], [126.14, 1467.73], [126.15, 1904.53], [126.16, 1602.07], [126.17, 1836.14], [126.18, 1149.27], [126.19, 1092.74], [126.2, 1151.45], [126.21, 1334.31], [126.22, 2655.18], [126.23, 809.11], [126.24, 1571.79], [126.25, 635.07], [126.26, 2095.15], [126.27, 848.0], [126.28, 845.62], [126.29, 1478.94], [126.3, 806.71], [126.31, 1232.04]], "timestamp": "2025-12-16T09:36:32.082874+00:00"}, {"symbol": "SOLUSDT", "bids": [[126.17, 477.04], [126.16, 226.44], [126.15, 549.28], [126.14, 1547.28], [126.13, 1558.67], [126.12, 1419.62], [126.11, 1310.07], [126.1, 874.67], [126.09, 2145.46], [126.08, 1139.97], [126.07, 1373.52], [126.06, 632.63], [126.05, 1435.38], [126.04, 2333.5], [126.03, 896.22], [126.02, 2269.49], [126.01, 1175.51], [126.0, 2256.3], [125.99, 2301.48], [125.98, 1991.68]], "asks": [[126.18, 760.5], [126.19, 808.64], [126.2, 1019.51], [126.21, 1466.24], [126.22, 1571.32], [126.23, 2664.1], [126.24, 1689.65], [126.25, 788.6], [126.26, 934.91], [126.27, 3155.61], [126.28, 1534.93], [126.29, 490.37], [126.3, 838.82], [126.31, 1131.96], [126.32, 1886.74], [126.33, 1988.59], [126.34, 1097.98], [126.35, 965.33], [126.36, 658.27], [126.37, 2135.93]], "timestamp": "2025-12-16T09:37:25.401537+00:00"}, {"symbol": "SOLUSDT", "bids": [[126.12, 755.9], [126.11, 212.11], [126.1, 902.58], [126.09, 1107.76], [126.08, 1588.15], [126.07, 1658.36], [126.06, 1190.51], [126.05, 1580.51], [126.04, 1609.97], [126.03, 2612.11], [126.02, 1222.56], [126.01, 1409.61], [126.0, 1071.12], [125.99, 2207.69], [125.98, 1741.15], [125.97, 2471.8], [125.96, 831.74], [125.95, 968.46], [125.94, 3011.41], [125.93, 2737.1]], "asks": [[126.13, 400.19], [126.14, 997.48], [126.15, 1721.02], [126.16, 1336.56], [126.17, 1618.68], [126.18, 2410.52], [126.19, 2393.89], [126.2, 1928.01], [126.21, 1173.04], [126.22, 3231.43], [126.23, 1063.98], [126.24, 1321.67], [126.25, 875.05], [126.26, 890.09], [126.27, 1160.46], [126.28, 1295.8], [126.29, 1832.65], [126.3, 1205.5], [126.31, 3473.61], [126.32, 841.98]], "timestamp": "2025-12-16T09:38:18.711853+00:00"}, {"symbol": "SOLUSDT", "bids": [[126.2, 1138.79], [126.19, 611.44], [126.18, 560.01], [126.17, 966.49], [126.16, 2079.39], [126.15, 1291.49], [126.14, 1458.67], [126.13, 1806.83], [126.12, 1464.46], [126.11, 1210.33], [126.1, 3112.74], [126.09, 780.75], [126.08, 1149.27], [126.07, 1093.25], [126.06, 728.22], [126.05, 2128.26], [126.04, 1311.93], [126.03, 476.23], [126.02, 954.57], [126.01, 3165.57]], "asks": [[126.21, 83.25], [126.22, 1288.98], [126.23, 833.98], [126.24, 960.83], [126.25, 1383.35], [126.26, 845.72], [126.27, 1203.99], [126.28, 1085.27], [126.29, 749.42], [126.3, 1656.59], [126.31, 2702.38], [126.32, 721.31], [126.33, 867.98], [126.34, 1048.38], [126.35, 1032.6], [126.36, 2124.48], [126.37, 1066.75], [126.38, 1958.02], [126.39, 487.67], [126.4, 1105.53]], "timestamp": "2025-12-16T09:39:11.701272+00:00"}, {"symbol": "SOLUSDT", "bids": [[126.2, 460.85], [126.19, 457.09], [126.18, 655.58], [126.17, 870.42], [126.16, 1854.92], [126.15, 956.98], [126.14, 1381.96], [126.13, 1243.07], [126.12, 956.97], [126.11, 2210.98], [126.1, 1219.17], [126.09, 627.12], [126.08, 1367.21], [126.07, 2415.04], [126.06, 2192.45], [126.05, 1233.72], [126.04, 2714.82], [126.03, 2342.5], [126.02, 1512.64], [126.01, 1888.95]], "asks": [[126.21, 947.8], [126.22, 558.45], [126.23, 1313.78], [126.24, 1464.58], [126.25, 1892.87], [126.26, 1512.57], [126.27, 1584.26], [126.28, 2538.44], [126.29, 638.08], [126.3, 3244.39], [126.31, 1782.14], [126.32, 812.21], [126.33, 1142.6], [126.34, 1363.09], [126.35, 1038.41], [126.36, 667.18], [126.37, 1331.01], [126.38, 2564.86], [126.39, 817.59], [126.4, 1073.79]], "timestamp": "2025-12-16T09:40:05.592777+00:00"}, {"symbol": "SOLUSDT", "bids": [[126.23, 82.54], [126.22, 178.61], [126.21, 494.67], [126.2, 1055.42], [126.19, 2642.0], [126.18, 1655.6], [126.17, 837.59], [126.16, 1298.26], [126.15, 862.68], [126.14, 822.02], [126.13, 2582.59], [126.12, 1068.83], [126.11, 903.44], [126.1, 2558.36], [126.09, 580.57], [126.08, 930.13], [126.07, 1063.57], [126.06, 1181.65], [126.05, 4174.78], [126.04, 1232.22]], "asks": [[126.24, 1349.63], [126.25, 1244.51], [126.26, 1244.68], [126.27, 1368.77], [126.28, 2268.74], [126.29, 973.83], [126.3, 1012.59], [126.31, 1450.38], [126.32, 1135.19], [126.33, 3060.84], [126.34, 2198.31], [126.35, 1242.76], [126.36, 898.2], [126.37, 1321.82], [126.38, 3081.29], [126.39, 736.22], [126.4, 2270.62], [126.41, 1098.04], [126.42, 766.99], [126.43, 902.7]], "timestamp": "2025-12-16T09:40:58.886458+00:00"}, {"symbol": "SOLUSDT", "bids": [[126.24, 860.5], [126.23, 287.47], [126.22, 517.18], [126.21, 750.79], [126.2, 1191.49], [126.19, 1569.27], [126.18, 1092.55], [126.17, 1544.41], [126.16, 1940.04], [126.15, 700.94], [126.14, 2255.43], [126.13, 1277.24], [126.12, 1220.07], [126.11, 773.29], [126.1, 1233.48], [126.09, 1612.0], [126.08, 950.94], [126.07, 1287.55], [126.06, 2312.42], [126.05, 2127.08]], "asks": [[126.25, 1806.65], [126.26, 631.97], [126.27, 1158.6], [126.28, 2726.53], [126.29, 1382.78], [126.3, 1285.78], [126.31, 1990.55], [126.32, 913.99], [126.33, 1479.07], [126.34, 1853.41], [126.35, 3229.62], [126.36, 917.55], [126.37, 1470.46], [126.38, 2955.19], [126.39, 770.85], [126.4, 931.05], [126.41, 897.75], [126.42, 734.13], [126.43, 1243.38], [126.44, 2821.45]], "timestamp": "2025-12-16T09:41:51.313324+00:00"}, {"symbol": "SOLUSDT", "bids": [[126.26, 1151.61], [126.25, 660.66], [126.24, 695.46], [126.23, 1489.04], [126.22, 2284.04], [126.21, 793.81], [126.2, 1018.29], [126.19, 2131.07], [126.18, 1058.64], [126.17, 2381.37], [126.16, 1348.99], [126.15, 649.88], [126.14, 596.26], [126.13, 1558.81], [126.12, 1481.94], [126.11, 1643.67], [126.1, 1091.14], [126.09, 661.7], [126.08, 2797.18], [126.07, 3165.59]], "asks": [[126.27, 668.16], [126.28, 753.59], [126.29, 1003.59], [126.3, 1265.98], [126.31, 1534.61], [126.32, 1511.65], [126.33, 1122.83], [126.34, 1483.53], [126.35, 1397.68], [126.36, 1550.55], [126.37, 3309.12], [126.38, 1121.25], [126.39, 2393.34], [126.4, 631.24], [126.41, 834.94], [126.42, 1038.65], [126.43, 768.4], [126.44, 876.77], [126.45, 933.54], [126.46, 865.24]], "timestamp": "2025-12-16T09:42:43.682585+00:00"}, {"symbol": "SOLUSDT", "bids": [[126.29, 485.99], [126.28, 520.29], [126.27, 498.55], [126.26, 735.04], [126.25, 1797.08], [126.24, 1045.24], [126.23, 1450.07], [126.22, 1983.16], [126.21, 2684.1], [126.2, 970.46], [126.19, 1324.04], [126.18, 694.74], [126.17, 830.53], [126.16, 1584.6], [126.15, 1855.36], [126.14, 628.06], [126.13, 1373.74], [126.12, 2955.06], [126.11, 4031.25], [126.1, 1124.58]], "asks": [[126.3, 785.9], [126.31, 1155.94], [126.32, 2007.5], [126.33, 1193.3], [126.34, 2108.17], [126.35, 2003.81], [126.36, 1071.36], [126.37, 1309.88], [126.38, 967.73], [126.39, 2916.1], [126.4, 942.7], [126.41, 1471.75], [126.42, 1234.73], [126.43, 1947.43], [126.44, 811.44], [126.45, 1027.9], [126.46, 1820.99], [126.47, 972.48], [126.48, 2631.15], [126.49, 1873.69]], "timestamp": "2025-12-16T09:43:36.707475+00:00"}, {"symbol": "SOLUSDT", "bids": [[126.29, 377.65], [126.28, 302.97], [126.27, 653.4], [126.26, 925.56], [126.25, 1905.18], [126.24, 1035.17], [126.23, 1671.29], [126.22, 1626.62], [126.21, 1770.95], [126.2, 1043.85], [126.19, 2878.39], [126.18, 931.08], [126.17, 1079.52], [126.16, 2440.53], [126.15, 497.7], [126.14, 830.76], [126.13, 1372.28], [126.12, 2814.11], [126.11, 2569.96], [126.1, 2841.19]], "asks": [[126.3, 1205.69], [126.31, 651.48], [126.32, 1119.07], [126.33, 1368.72], [126.34, 2044.3], [126.35, 2334.94], [126.36, 995.34], [126.37, 1362.94], [126.38, 1828.73], [126.39, 2798.59], [126.4, 862.59], [126.41, 1018.47], [126.42, 1197.71], [126.43, 1935.87], [126.44, 948.08], [126.45, 2074.65], [126.46, 931.34], [126.47, 1072.49], [126.48, 2814.73], [126.49, 1853.49]], "timestamp": "2025-12-16T09:44:29.607235+00:00"}, {"symbol": "SOLUSDT", "bids": [[126.39, 109.77], [126.38, 200.61], [126.37, 770.7], [126.36, 482.4], [126.35, 2089.93], [126.34, 1592.83], [126.33, 1023.8], [126.32, 1238.64], [126.31, 1463.63], [126.3, 3016.95], [126.29, 867.28], [126.28, 1313.62], [126.27, 1187.68], [126.26, 934.05], [126.25, 1302.25], [126.24, 1106.63], [126.23, 1820.85], [126.22, 1390.67], [126.21, 1836.29], [126.2, 2975.55]], "asks": [[126.4, 1738.55], [126.41, 1638.61], [126.42, 1505.39], [126.43, 1733.42], [126.44, 1754.41], [126.45, 1695.86], [126.46, 1518.83], [126.47, 1190.16], [126.48, 1748.22], [126.49, 3903.19], [126.5, 2064.56], [126.51, 1288.92], [126.52, 2510.92], [126.53, 937.12], [126.54, 906.19], [126.55, 1591.78], [126.56, 1241.35], [126.57, 1268.32], [126.58, 2246.34], [126.59, 583.99]], "timestamp": "2025-12-16T09:45:22.474427+00:00"}, {"symbol": "SOLUSDT", "bids": [[126.27, 984.49], [126.26, 616.11], [126.25, 1471.69], [126.24, 1161.35], [126.23, 1130.01], [126.22, 1537.47], [126.21, 1069.37], [126.2, 1189.11], [126.19, 2682.3], [126.18, 747.84], [126.17, 726.21], [126.16, 1092.08], [126.15, 939.28], [126.14, 772.53], [126.13, 1384.74], [126.12, 1953.63], [126.11, 690.97], [126.1, 1141.35], [126.09, 765.52], [126.08, 1514.11]], "asks": [[126.28, 607.58], [126.29, 694.57], [126.3, 1013.85], [126.31, 1676.53], [126.32, 2186.18], [126.33, 2281.29], [126.34, 1423.13], [126.35, 872.8], [126.36, 1457.05], [126.37, 1706.06], [126.38, 3332.76], [126.39, 622.06], [126.4, 1355.7], [126.41, 920.71], [126.42, 1936.0], [126.43, 1018.99], [126.44, 898.04], [126.45, 873.97], [126.46, 854.87], [126.47, 800.26]], "timestamp": "2025-12-16T09:46:15.434790+00:00"}, {"symbol": "SOLUSDT", "bids": [[126.32, 628.49], [126.31, 717.89], [126.3, 904.8], [126.29, 935.67], [126.28, 1893.78], [126.27, 1390.54], [126.26, 1525.13], [126.25, 1854.29], [126.24, 2405.29], [126.23, 775.17], [126.22, 1299.56], [126.21, 904.17], [126.2, 1270.19], [126.19, 1183.33], [126.18, 808.04], [126.17, 1088.21], [126.16, 2176.83], [126.15, 801.98], [126.14, 2389.27], [126.13, 1256.79]], "asks": [[126.33, 1185.34], [126.34, 414.9], [126.35, 1315.23], [126.36, 2429.09], [126.37, 960.96], [126.38, 1139.03], [126.39, 957.01], [126.4, 1603.4], [126.41, 1625.03], [126.42, 2615.34], [126.43, 945.58], [126.44, 890.75], [126.45, 1258.29], [126.46, 2431.42], [126.47, 1552.56], [126.48, 1202.13], [126.49, 1389.62], [126.5, 2489.96], [126.51, 2820.61], [126.52, 1107.33]], "timestamp": "2025-12-16T09:47:08.096684+00:00"}, {"symbol": "SOLUSDT", "bids": [[126.18, 2150.89], [126.17, 673.05], [126.16, 694.57], [126.15, 914.11], [126.14, 1710.39], [126.13, 1229.95], [126.12, 919.37], [126.11, 822.71], [126.1, 1440.08], [126.09, 2008.68], [126.08, 949.27], [126.07, 1172.6], [126.06, 800.75], [126.05, 1822.69], [126.04, 2457.5], [126.03, 1357.3], [126.02, 439.79], [126.01, 959.25], [126.0, 2710.43], [125.99, 2322.6]], "asks": [[126.19, 725.08], [126.2, 514.94], [126.21, 875.82], [126.22, 1886.14], [126.23, 1649.75], [126.24, 2089.11], [126.25, 2735.27], [126.26, 3156.65], [126.27, 2747.32], [126.28, 421.08], [126.29, 736.4], [126.3, 4048.47], [126.31, 870.2], [126.32, 1238.84], [126.33, 1707.58], [126.34, 1201.62], [126.35, 1019.8], [126.36, 2429.95], [126.37, 2207.77], [126.38, 767.35]], "timestamp": "2025-12-16T09:48:00.383940+00:00"}, {"symbol": "SOLUSDT", "bids": [[126.27, 764.46], [126.26, 468.87], [126.25, 1062.39], [126.24, 1162.6], [126.23, 1895.63], [126.22, 2253.07], [126.21, 2110.54], [126.2, 2117.57], [126.19, 4598.08], [126.18, 2172.42], [126.17, 1041.61], [126.16, 1100.51], [126.15, 595.25], [126.14, 1444.79], [126.13, 2368.17], [126.12, 1038.96], [126.11, 1144.83], [126.1, 2874.82], [126.09, 2445.79], [126.08, 2436.24]], "asks": [[126.28, 1126.81], [126.29, 677.98], [126.3, 1096.05], [126.31, 1332.33], [126.32, 981.02], [126.33, 1288.17], [126.34, 925.5], [126.35, 1216.37], [126.36, 1878.2], [126.37, 2393.76], [126.38, 837.24], [126.39, 741.68], [126.4, 1551.95], [126.41, 1080.33], [126.42, 1860.71], [126.43, 1977.63], [126.44, 898.35], [126.45, 1459.65], [126.46, 2635.46], [126.47, 817.43]], "timestamp": "2025-12-16T09:48:53.544636+00:00"}, {"symbol": "SOLUSDT", "bids": [[126.12, 1090.43], [126.11, 489.1], [126.1, 1131.19], [126.09, 999.47], [126.08, 1949.09], [126.07, 2147.61], [126.06, 731.07], [126.05, 1150.72], [126.04, 1599.2], [126.03, 2686.43], [126.02, 1514.02], [126.01, 2641.62], [126.0, 1245.89], [125.99, 2009.05], [125.98, 994.3], [125.97, 834.69], [125.96, 2884.62], [125.95, 1259.58], [125.94, 1219.35], [125.93, 2284.05]], "asks": [[126.13, 261.05], [126.14, 1033.21], [126.15, 1913.85], [126.16, 1233.69], [126.17, 1555.63], [126.18, 1382.19], [126.19, 1755.81], [126.2, 1801.66], [126.21, 2480.68], [126.22, 858.7], [126.23, 2935.78], [126.24, 1447.19], [126.25, 961.18], [126.26, 685.44], [126.27, 1330.77], [126.28, 933.55], [126.29, 897.04], [126.3, 1664.37], [126.31, 1319.3], [126.32, 2482.88]], "timestamp": "2025-12-16T09:49:46.203172+00:00"}, {"symbol": "SOLUSDT", "bids": [[126.04, 2152.72], [126.03, 1220.36], [126.02, 763.72], [126.01, 1003.63], [126.0, 2521.63], [125.99, 1040.99], [125.98, 1753.2], [125.97, 1118.09], [125.96, 1410.2], [125.95, 3023.58], [125.94, 1221.87], [125.93, 879.17], [125.92, 1481.79], [125.91, 2102.88], [125.9, 1347.24], [125.89, 917.03], [125.88, 852.88], [125.87, 2362.19], [125.86, 2441.73], [125.85, 2959.7]], "asks": [[126.05, 830.05], [126.06, 582.28], [126.07, 1076.1], [126.08, 1720.18], [126.09, 2223.37], [126.1, 1927.84], [126.11, 2131.64], [126.12, 1616.37], [126.13, 851.79], [126.14, 1218.02], [126.15, 2909.26], [126.16, 1108.04], [126.17, 942.49], [126.18, 1723.06], [126.19, 1168.66], [126.2, 1492.09], [126.21, 1389.12], [126.22, 2695.19], [126.23, 981.97], [126.24, 2127.21]], "timestamp": "2025-12-16T09:50:38.430716+00:00"}, {"symbol": "SOLUSDT", "bids": [[126.02, 634.84], [126.01, 380.27], [126.0, 1124.6], [125.99, 1360.86], [125.98, 2059.71], [125.97, 1771.49], [125.96, 1145.68], [125.95, 947.01], [125.94, 3196.71], [125.93, 1065.81], [125.92, 1132.32], [125.91, 1280.67], [125.9, 2692.22], [125.89, 1173.17], [125.88, 1192.44], [125.87, 2235.88], [125.86, 770.56], [125.85, 2586.24], [125.84, 2855.06], [125.83, 640.14]], "asks": [[126.03, 897.92], [126.04, 881.54], [126.05, 1282.57], [126.06, 1745.29], [126.07, 1832.95], [126.08, 1977.43], [126.09, 2179.68], [126.1, 777.08], [126.11, 1181.15], [126.12, 1027.83], [126.13, 2493.41], [126.14, 1392.99], [126.15, 1041.26], [126.16, 1081.5], [126.17, 1127.58], [126.18, 2354.18], [126.19, 2023.05], [126.2, 1582.13], [126.21, 2433.13], [126.22, 717.41]], "timestamp": "2025-12-16T09:51:31.835722+00:00"}, {"symbol": "SOLUSDT", "bids": [[126.03, 806.13], [126.02, 942.79], [126.01, 1167.77], [126.0, 1382.18], [125.99, 1046.69], [125.98, 1157.85], [125.97, 1691.26], [125.96, 2040.82], [125.95, 722.78], [125.94, 1114.69], [125.93, 528.37], [125.92, 1163.61], [125.91, 1628.48], [125.9, 2410.9], [125.89, 1119.48], [125.88, 715.65], [125.87, 1097.33], [125.86, 2562.54], [125.85, 3093.23], [125.84, 3349.42]], "asks": [[126.04, 662.77], [126.05, 231.08], [126.06, 775.4], [126.07, 1655.1], [126.08, 1920.28], [126.09, 2621.91], [126.1, 1764.82], [126.11, 1384.06], [126.12, 1112.15], [126.13, 1057.75], [126.14, 1702.82], [126.15, 3116.68], [126.16, 1117.34], [126.17, 1302.58], [126.18, 976.57], [126.19, 1036.42], [126.2, 1158.83], [126.21, 2910.83], [126.22, 2087.35], [126.23, 755.21]], "timestamp": "2025-12-16T09:52:23.955837+00:00"}, {"symbol": "SOLUSDT", "bids": [[126.07, 510.41], [126.06, 607.62], [126.05, 1168.18], [126.04, 1317.45], [126.03, 1855.29], [126.02, 1393.6], [126.01, 794.34], [126.0, 1416.05], [125.99, 934.86], [125.98, 2578.8], [125.97, 1024.01], [125.96, 857.23], [125.95, 1082.8], [125.94, 1253.85], [125.93, 1864.72], [125.92, 1243.91], [125.91, 2580.58], [125.9, 1453.02], [125.89, 1338.57], [125.88, 3912.41]], "asks": [[126.08, 1462.32], [126.09, 1114.37], [126.1, 1671.83], [126.11, 1525.18], [126.12, 1266.67], [126.13, 1243.28], [126.14, 1558.47], [126.15, 1693.76], [126.16, 1484.58], [126.17, 2824.63], [126.18, 1633.79], [126.19, 1175.45], [126.2, 1317.37], [126.21, 2748.4], [126.22, 770.52], [126.23, 760.9], [126.24, 1151.76], [126.25, 1141.35], [126.26, 2396.26], [126.27, 669.39]], "timestamp": "2025-12-16T09:53:15.905244+00:00"}, {"symbol": "SOLUSDT", "bids": [[126.12, 3270.44], [126.11, 1612.67], [126.1, 1388.1], [126.09, 1864.48], [126.08, 1837.08], [126.07, 1485.71], [126.06, 2007.46], [126.05, 1547.25], [126.04, 3117.48], [126.03, 1709.67], [126.02, 1265.94], [126.01, 1138.72], [126.0, 1482.09], [125.99, 958.97], [125.98, 2073.53], [125.97, 1269.37], [125.96, 857.2], [125.95, 2394.26], [125.94, 1032.64], [125.93, 780.15]], "asks": [[126.13, 113.47], [126.14, 283.73], [126.15, 1396.65], [126.16, 1531.84], [126.17, 1662.64], [126.18, 1230.98], [126.19, 841.62], [126.2, 1045.41], [126.21, 1073.66], [126.22, 660.96], [126.23, 1373.33], [126.24, 3182.3], [126.25, 2160.63], [126.26, 757.81], [126.27, 1799.56], [126.28, 2286.53], [126.29, 544.53], [126.3, 1141.8], [126.31, 878.32], [126.32, 1150.61]], "timestamp": "2025-12-16T09:54:08.864546+00:00"}, {"symbol": "SOLUSDT", "bids": [[126.06, 540.09], [126.05, 72.71], [126.04, 705.8], [126.03, 1558.64], [126.02, 1583.45], [126.01, 1017.89], [126.0, 1703.9], [125.99, 1439.93], [125.98, 1812.21], [125.97, 3283.86], [125.96, 1091.16], [125.95, 2176.24], [125.94, 1238.71], [125.93, 724.38], [125.92, 1061.48], [125.91, 1317.83], [125.9, 3683.77], [125.89, 4597.09], [125.88, 813.85], [125.87, 1060.6]], "asks": [[126.07, 1546.07], [126.08, 835.01], [126.09, 1196.99], [126.1, 1835.41], [126.11, 2018.98], [126.12, 1324.9], [126.13, 1311.07], [126.14, 1304.0], [126.15, 2017.31], [126.16, 2415.29], [126.17, 1029.85], [126.18, 975.17], [126.19, 1383.63], [126.2, 1059.87], [126.21, 909.51], [126.22, 704.43], [126.23, 1573.93], [126.24, 1350.12], [126.25, 869.17], [126.26, 705.06]], "timestamp": "2025-12-16T09:55:01.968245+00:00"}, {"symbol": "SOLUSDT", "bids": [[126.03, 590.4], [126.02, 735.38], [126.01, 812.85], [126.0, 1548.77], [125.99, 1404.91], [125.98, 1533.32], [125.97, 1562.47], [125.96, 1209.34], [125.95, 1255.11], [125.94, 3019.58], [125.93, 910.25], [125.92, 1270.45], [125.91, 1788.29], [125.9, 3927.41], [125.89, 2815.59], [125.88, 1196.58], [125.87, 896.32], [125.86, 986.79], [125.85, 2767.99], [125.84, 1374.92]], "asks": [[126.04, 1228.43], [126.05, 880.47], [126.06, 752.37], [126.07, 1460.53], [126.08, 2004.16], [126.09, 1679.43], [126.1, 1040.27], [126.11, 1220.48], [126.12, 1387.04], [126.13, 3077.16], [126.14, 924.62], [126.15, 1070.45], [126.16, 1109.36], [126.17, 1007.74], [126.18, 1292.25], [126.19, 1608.37], [126.2, 1183.92], [126.21, 998.75], [126.22, 790.53], [126.23, 1788.19]], "timestamp": "2025-12-16T09:55:54.911641+00:00"}, {"symbol": "SOLUSDT", "bids": [[126.05, 777.58], [126.04, 373.96], [126.03, 998.12], [126.02, 1493.03], [126.01, 1708.48], [126.0, 1838.18], [125.99, 1181.01], [125.98, 1444.63], [125.97, 1612.74], [125.96, 2883.33], [125.95, 904.43], [125.94, 1245.34], [125.93, 931.28], [125.92, 1188.93], [125.91, 1515.89], [125.9, 3539.43], [125.89, 657.79], [125.88, 580.2], [125.87, 876.08], [125.86, 1224.22]], "asks": [[126.06, 964.44], [126.07, 738.32], [126.08, 1452.95], [126.09, 1526.26], [126.1, 1207.78], [126.11, 1489.64], [126.12, 1253.61], [126.13, 1572.28], [126.14, 1500.46], [126.15, 2784.12], [126.16, 1149.06], [126.17, 826.64], [126.18, 1377.61], [126.19, 1810.44], [126.2, 1073.75], [126.21, 1316.78], [126.22, 2457.62], [126.23, 1790.95], [126.24, 1435.08], [126.25, 994.03]], "timestamp": "2025-12-16T09:56:47.254293+00:00"}, {"symbol": "SOLUSDT", "bids": [[126.06, 1246.82], [126.05, 754.07], [126.04, 1173.32], [126.03, 1573.85], [126.02, 1829.33], [126.01, 1428.82], [126.0, 1582.87], [125.99, 796.33], [125.98, 1662.29], [125.97, 3190.21], [125.96, 1089.61], [125.95, 1070.53], [125.94, 2373.38], [125.93, 790.26], [125.92, 819.74], [125.91, 1010.77], [125.9, 2801.16], [125.89, 2149.98], [125.88, 1426.75], [125.87, 2248.97]], "asks": [[126.07, 123.42], [126.08, 401.56], [126.09, 1798.37], [126.1, 791.1], [126.11, 1365.71], [126.12, 1311.03], [126.13, 1388.78], [126.14, 1527.82], [126.15, 1588.01], [126.16, 2439.69], [126.17, 926.18], [126.18, 1707.19], [126.19, 1072.26], [126.2, 1196.27], [126.21, 2486.17], [126.22, 646.5], [126.23, 1387.0], [126.24, 1587.74], [126.25, 2255.68], [126.26, 727.88]], "timestamp": "2025-12-16T09:57:39.304883+00:00"}, {"symbol": "SOLUSDT", "bids": [[126.16, 104.78], [126.15, 384.96], [126.14, 870.07], [126.13, 1416.79], [126.12, 2008.37], [126.11, 2586.58], [126.1, 1641.29], [126.09, 1419.57], [126.08, 2217.0], [126.07, 2153.24], [126.06, 1267.69], [126.05, 3424.08], [126.04, 1064.39], [126.03, 1102.22], [126.02, 798.83], [126.01, 1338.18], [126.0, 2733.32], [125.99, 2164.92], [125.98, 3158.31], [125.97, 3028.13]], "asks": [[126.17, 1380.27], [126.18, 1707.52], [126.19, 1140.7], [126.2, 1416.56], [126.21, 1350.85], [126.22, 1080.43], [126.23, 1134.44], [126.24, 1420.64], [126.25, 1395.86], [126.26, 3057.8], [126.27, 1307.01], [126.28, 928.48], [126.29, 644.99], [126.3, 1337.47], [126.31, 2799.75], [126.32, 1204.79], [126.33, 716.14], [126.34, 817.56], [126.35, 2366.92], [126.36, 566.26]], "timestamp": "2025-12-16T09:58:31.607703+00:00"}, {"symbol": "SOLUSDT", "bids": [[126.15, 2496.76], [126.14, 918.07], [126.13, 1337.6], [126.12, 1491.03], [126.11, 2629.77], [126.1, 1668.87], [126.09, 912.87], [126.08, 1170.1], [126.07, 1173.18], [126.06, 2926.28], [126.05, 1314.25], [126.04, 1285.08], [126.03, 1129.46], [126.02, 1124.92], [126.01, 1368.35], [126.0, 2902.75], [125.99, 2191.83], [125.98, 1410.76], [125.97, 3103.6], [125.96, 2967.74]], "asks": [[126.16, 13.67], [126.17, 207.81], [126.18, 1028.71], [126.19, 1272.13], [126.2, 1485.61], [126.21, 1725.16], [126.22, 2039.21], [126.23, 1074.64], [126.24, 1222.64], [126.25, 2779.92], [126.26, 802.88], [126.27, 1933.06], [126.28, 1007.04], [126.29, 911.36], [126.3, 1863.3], [126.31, 750.74], [126.32, 1218.96], [126.33, 2222.06], [126.34, 627.07], [126.35, 1698.09]], "timestamp": "2025-12-16T09:59:23.892934+00:00"}, {"symbol": "SOLUSDT", "bids": [[126.26, 1256.82], [126.25, 966.59], [126.24, 1014.82], [126.23, 2217.2], [126.22, 3483.41], [126.21, 1483.29], [126.2, 1517.18], [126.19, 1523.52], [126.18, 972.49], [126.17, 3387.03], [126.16, 1086.07], [126.15, 982.25], [126.14, 1423.49], [126.13, 1467.93], [126.12, 2280.38], [126.11, 1303.68], [126.1, 2665.78], [126.09, 2167.4], [126.08, 2872.72], [126.07, 829.47]], "asks": [[126.27, 690.57], [126.28, 1270.21], [126.29, 829.4], [126.3, 1436.86], [126.31, 1486.21], [126.32, 1249.82], [126.33, 2204.73], [126.34, 1111.91], [126.35, 1225.28], [126.36, 3203.34], [126.37, 834.93], [126.38, 646.66], [126.39, 1297.4], [126.4, 1185.29], [126.41, 1914.76], [126.42, 584.08], [126.43, 521.76], [126.44, 1054.38], [126.45, 3394.23], [126.46, 832.33]], "timestamp": "2025-12-16T10:00:16.338179+00:00"}, {"symbol": "SOLUSDT", "bids": [[126.21, 2162.34], [126.2, 887.42], [126.19, 1047.13], [126.18, 835.61], [126.17, 1666.69], [126.16, 1290.18], [126.15, 1218.21], [126.14, 2056.77], [126.13, 1466.94], [126.12, 3214.06], [126.11, 1357.44], [126.1, 1022.96], [126.09, 1119.21], [126.08, 2049.89], [126.07, 1164.12], [126.06, 604.92], [126.05, 951.58], [126.04, 1053.39], [126.03, 2777.79], [126.02, 2270.94]], "asks": [[126.22, 46.49], [126.23, 207.13], [126.24, 846.09], [126.25, 1496.16], [126.26, 1782.75], [126.27, 2148.13], [126.28, 1817.91], [126.29, 875.42], [126.3, 1170.53], [126.31, 1613.7], [126.32, 2450.94], [126.33, 1530.61], [126.34, 1268.83], [126.35, 774.52], [126.36, 1432.26], [126.37, 1831.4], [126.38, 816.92], [126.39, 1227.03], [126.4, 2954.97], [126.41, 750.95]], "timestamp": "2025-12-16T10:01:09.193106+00:00"}, {"symbol": "SOLUSDT", "bids": [[126.06, 538.29], [126.05, 754.87], [126.04, 1805.41], [126.03, 1554.35], [126.02, 1627.98], [126.01, 1003.25], [126.0, 1442.48], [125.99, 1473.14], [125.98, 1115.95], [125.97, 3368.6], [125.96, 936.19], [125.95, 1314.21], [125.94, 770.45], [125.93, 590.64], [125.92, 937.09], [125.91, 1973.49], [125.9, 5908.12], [125.89, 627.17], [125.88, 742.44], [125.87, 811.74]], "asks": [[126.07, 1373.35], [126.08, 1098.77], [126.09, 1024.66], [126.1, 1608.65], [126.11, 1626.09], [126.12, 2010.52], [126.13, 1797.17], [126.14, 1614.5], [126.15, 2407.29], [126.16, 1928.11], [126.17, 3033.76], [126.18, 647.21], [126.19, 1244.65], [126.2, 847.27], [126.21, 578.57], [126.22, 1199.09], [126.23, 1224.11], [126.24, 769.52], [126.25, 1844.27], [126.26, 1332.77]], "timestamp": "2025-12-16T10:02:02.270807+00:00"}, {"symbol": "SOLUSDT", "bids": [[126.26, 2658.36], [126.25, 916.41], [126.24, 1798.31], [126.23, 1584.93], [126.22, 1725.99], [126.21, 1617.96], [126.2, 2058.82], [126.19, 2193.36], [126.18, 3590.92], [126.17, 1185.36], [126.16, 1261.24], [126.15, 1143.74], [126.14, 1316.66], [126.13, 1322.76], [126.12, 1996.53], [126.11, 555.93], [126.1, 624.24], [126.09, 1348.79], [126.08, 3667.87], [126.07, 938.13]], "asks": [[126.27, 168.92], [126.28, 140.02], [126.29, 706.45], [126.3, 828.93], [126.31, 2343.03], [126.32, 980.48], [126.33, 1509.28], [126.34, 1135.25], [126.35, 1015.63], [126.36, 1517.7], [126.37, 2558.42], [126.38, 595.92], [126.39, 1269.4], [126.4, 2129.6], [126.41, 1054.5], [126.42, 1993.47], [126.43, 832.39], [126.44, 794.68], [126.45, 1031.84], [126.46, 2430.39]], "timestamp": "2025-12-16T10:02:54.807002+00:00"}, {"symbol": "SOLUSDT", "bids": [[126.3, 41.99], [126.29, 579.14], [126.28, 2406.0], [126.27, 951.27], [126.26, 1519.52], [126.25, 1161.21], [126.24, 1299.49], [126.23, 1081.25], [126.22, 2635.15], [126.21, 1313.91], [126.2, 1471.26], [126.19, 2033.5], [126.18, 1020.85], [126.17, 1118.96], [126.16, 1140.75], [126.15, 1129.6], [126.14, 1051.43], [126.13, 1523.32], [126.12, 5427.11], [126.11, 396.06]], "asks": [[126.31, 1155.59], [126.32, 1170.21], [126.33, 1476.29], [126.34, 1339.19], [126.35, 1851.04], [126.36, 2382.63], [126.37, 1649.73], [126.38, 1305.21], [126.39, 1823.6], [126.4, 2586.22], [126.41, 2889.42], [126.42, 1067.67], [126.43, 1192.95], [126.44, 858.06], [126.45, 2028.68], [126.46, 1056.66], [126.47, 1048.79], [126.48, 1883.92], [126.49, 3837.13], [126.5, 1702.71]], "timestamp": "2025-12-16T10:03:46.978574+00:00"}, {"symbol": "SOLUSDT", "bids": [[126.36, 1316.77], [126.35, 797.96], [126.34, 1145.58], [126.33, 2413.53], [126.32, 1840.26], [126.31, 2000.41], [126.3, 1573.42], [126.29, 1291.66], [126.28, 2174.44], [126.27, 3034.65], [126.26, 1038.4], [126.25, 1201.37], [126.24, 1041.48], [126.23, 1015.1], [126.22, 1846.87], [126.21, 1001.67], [126.2, 1084.42], [126.19, 2628.55], [126.18, 2486.69], [126.17, 1164.36]], "asks": [[126.37, 57.53], [126.38, 955.66], [126.39, 980.81], [126.4, 2546.35], [126.41, 1197.95], [126.42, 1320.2], [126.43, 1113.26], [126.44, 1268.1], [126.45, 1409.61], [126.46, 1107.13], [126.47, 2933.12], [126.48, 1793.98], [126.49, 1164.62], [126.5, 2228.4], [126.51, 1373.7], [126.52, 971.15], [126.53, 2078.35], [126.54, 770.33], [126.55, 2340.63], [126.56, 1404.18]], "timestamp": "2025-12-16T10:04:39.199595+00:00"}, {"symbol": "SOLUSDT", "bids": [[126.27, 1139.52], [126.26, 679.65], [126.25, 1046.84], [126.24, 1374.02], [126.23, 1858.93], [126.22, 1781.2], [126.21, 1350.4], [126.2, 1246.65], [126.19, 1587.43], [126.18, 3134.8], [126.17, 954.94], [126.16, 1560.08], [126.15, 2108.93], [126.14, 1252.85], [126.13, 1153.11], [126.12, 2555.75], [126.11, 1906.6], [126.1, 928.55], [126.09, 3055.3], [126.08, 1048.32]], "asks": [[126.28, 415.52], [126.29, 636.71], [126.3, 805.81], [126.31, 1622.85], [126.32, 2019.26], [126.33, 1967.32], [126.34, 1804.65], [126.35, 1460.51], [126.36, 1512.05], [126.37, 1786.27], [126.38, 1576.72], [126.39, 3896.59], [126.4, 1820.45], [126.41, 870.9], [126.42, 1645.56], [126.43, 1533.79], [126.44, 1229.03], [126.45, 2459.44], [126.46, 2355.76], [126.47, 1222.5]], "timestamp": "2025-12-16T10:05:32.004728+00:00"}, {"symbol": "SOLUSDT", "bids": [[126.38, 1429.12], [126.37, 828.41], [126.36, 1605.18], [126.35, 1605.84], [126.34, 2961.54], [126.33, 1645.47], [126.32, 2267.55], [126.31, 2450.95], [126.3, 2691.27], [126.29, 5485.69], [126.28, 1174.6], [126.27, 1640.97], [126.26, 731.78], [126.25, 911.94], [126.24, 2203.83], [126.23, 1104.62], [126.22, 769.61], [126.21, 2575.57], [126.2, 1055.95], [126.19, 2981.49]], "asks": [[126.39, 270.83], [126.4, 2317.08], [126.41, 958.02], [126.42, 1074.49], [126.43, 1356.25], [126.44, 1344.11], [126.45, 1539.44], [126.46, 899.74], [126.47, 1395.31], [126.48, 1593.71], [126.49, 1627.99], [126.5, 4423.04], [126.51, 1724.39], [126.52, 886.82], [126.53, 1187.72], [126.54, 2129.58], [126.55, 1086.79], [126.56, 2693.55], [126.57, 777.23], [126.58, 1102.65]], "timestamp": "2025-12-16T10:06:24.194051+00:00"}, {"symbol": "SOLUSDT", "bids": [[126.38, 585.04], [126.37, 120.18], [126.36, 369.94], [126.35, 704.79], [126.34, 1765.84], [126.33, 1517.28], [126.32, 1500.55], [126.31, 1459.97], [126.3, 2491.51], [126.29, 616.55], [126.28, 1230.05], [126.27, 1831.19], [126.26, 3216.92], [126.25, 713.4], [126.24, 1371.36], [126.23, 2387.56], [126.22, 1294.64], [126.21, 2887.58], [126.2, 943.43], [126.19, 713.16]], "asks": [[126.39, 1482.12], [126.4, 1102.65], [126.41, 1194.76], [126.42, 1633.27], [126.43, 3074.24], [126.44, 2443.28], [126.45, 885.16], [126.46, 1551.45], [126.47, 1468.66], [126.48, 1182.54], [126.49, 4188.2], [126.5, 2205.67], [126.51, 1884.27], [126.52, 1076.55], [126.53, 1066.17], [126.54, 890.02], [126.55, 1870.97], [126.56, 1319.79], [126.57, 1436.85], [126.58, 2167.68]], "timestamp": "2025-12-16T10:07:16.859946+00:00"}, {"symbol": "SOLUSDT", "bids": [[126.38, 511.81], [126.37, 696.09], [126.36, 652.28], [126.35, 1224.96], [126.34, 1565.47], [126.33, 1318.8], [126.32, 1289.66], [126.31, 1059.1], [126.3, 1281.63], [126.29, 2651.71], [126.28, 1091.28], [126.27, 1493.92], [126.26, 1507.59], [126.25, 976.43], [126.24, 1263.25], [126.23, 1264.4], [126.22, 2370.57], [126.21, 1273.69], [126.2, 2789.09], [126.19, 2509.44]], "asks": [[126.39, 994.52], [126.4, 916.34], [126.41, 1613.17], [126.42, 1757.59], [126.43, 2235.44], [126.44, 2466.53], [126.45, 1248.71], [126.46, 1612.33], [126.47, 1704.99], [126.48, 1691.13], [126.49, 4048.19], [126.5, 2037.64], [126.51, 1842.45], [126.52, 1403.09], [126.53, 1153.44], [126.54, 973.98], [126.55, 1999.76], [126.56, 1525.82], [126.57, 3035.58], [126.58, 618.94]], "timestamp": "2025-12-16T10:08:09.830644+00:00"}, {"symbol": "SOLUSDT", "bids": [[126.38, 800.37], [126.37, 1238.07], [126.36, 1960.67], [126.35, 1368.49], [126.34, 2425.68], [126.33, 1424.89], [126.32, 2273.39], [126.31, 2490.62], [126.3, 2190.94], [126.29, 3123.11], [126.28, 1146.53], [126.27, 1090.24], [126.26, 802.95], [126.25, 2210.16], [126.24, 1462.48], [126.23, 1102.68], [126.22, 635.19], [126.21, 1082.66], [126.2, 1238.21], [126.19, 2455.03]], "asks": [[126.39, 848.94], [126.4, 452.63], [126.41, 965.8], [126.42, 1172.45], [126.43, 1412.08], [126.44, 1334.57], [126.45, 1056.84], [126.46, 1396.84], [126.47, 1935.67], [126.48, 3454.47], [126.49, 1375.59], [126.5, 2002.37], [126.51, 1608.21], [126.52, 2322.53], [126.53, 1813.69], [126.54, 2425.08], [126.55, 753.42], [126.56, 1095.39], [126.57, 992.69], [126.58, 691.15]], "timestamp": "2025-12-16T10:09:02.141914+00:00"}, {"symbol": "SOLUSDT", "bids": [[126.38, 867.41], [126.37, 803.95], [126.36, 1515.15], [126.35, 1626.58], [126.34, 1680.0], [126.33, 2566.06], [126.32, 1892.06], [126.31, 1503.17], [126.3, 4181.7], [126.29, 797.71], [126.28, 1361.09], [126.27, 1206.39], [126.26, 917.39], [126.25, 1050.22], [126.24, 2323.37], [126.23, 1144.19], [126.22, 835.08], [126.21, 2628.84], [126.2, 1138.96], [126.19, 2623.94]], "asks": [[126.39, 670.17], [126.4, 560.32], [126.41, 1205.95], [126.42, 1260.37], [126.43, 1432.41], [126.44, 1227.81], [126.45, 1261.92], [126.46, 1511.61], [126.47, 2060.84], [126.48, 1322.2], [126.49, 2040.94], [126.5, 4240.49], [126.51, 1378.39], [126.52, 2368.46], [126.53, 898.81], [126.54, 1664.93], [126.55, 739.98], [126.56, 1305.2], [126.57, 2517.67], [126.58, 874.85]], "timestamp": "2025-12-16T10:09:54.835132+00:00"}, {"symbol": "SOLUSDT", "bids": [[126.39, 1734.11], [126.38, 1125.28], [126.37, 896.14], [126.36, 1648.56], [126.35, 1528.47], [126.34, 1367.64], [126.33, 2252.13], [126.32, 1831.13], [126.31, 1781.03], [126.3, 3104.45], [126.29, 942.48], [126.28, 943.25], [126.27, 1397.66], [126.26, 778.35], [126.25, 1111.13], [126.24, 2461.44], [126.23, 1045.47], [126.22, 1330.6], [126.21, 5915.15], [126.2, 759.58]], "asks": [[126.4, 948.96], [126.41, 951.68], [126.42, 434.58], [126.43, 870.79], [126.44, 1377.23], [126.45, 1472.42], [126.46, 1290.5], [126.47, 1898.58], [126.48, 1293.4], [126.49, 1569.6], [126.5, 3979.7], [126.51, 1281.05], [126.52, 975.94], [126.53, 1272.98], [126.54, 2887.94], [126.55, 757.58], [126.56, 1094.78], [126.57, 1018.9], [126.58, 2347.39], [126.59, 841.34]], "timestamp": "2025-12-16T10:10:46.819681+00:00"}, {"symbol": "SOLUSDT", "bids": [[126.43, 504.25], [126.42, 404.03], [126.41, 1464.79], [126.4, 2393.32], [126.39, 1616.05], [126.38, 1258.78], [126.37, 1643.11], [126.36, 1910.91], [126.35, 1284.99], [126.34, 2710.52], [126.33, 1293.09], [126.32, 707.04], [126.31, 1162.66], [126.3, 1944.51], [126.29, 816.34], [126.28, 955.41], [126.27, 999.82], [126.26, 920.82], [126.25, 2244.19], [126.24, 2815.65]], "asks": [[126.44, 2009.79], [126.45, 774.59], [126.46, 843.95], [126.47, 1800.1], [126.48, 2062.72], [126.49, 1400.35], [126.5, 3115.92], [126.51, 1314.7], [126.52, 1514.64], [126.53, 1249.51], [126.54, 3372.49], [126.55, 1541.13], [126.56, 1521.63], [126.57, 508.23], [126.58, 1221.06], [126.59, 3232.89], [126.6, 1089.01], [126.61, 1012.09], [126.62, 1779.71], [126.63, 1092.44]], "timestamp": "2025-12-16T10:11:38.422550+00:00"}, {"symbol": "SOLUSDT", "bids": [[126.41, 283.26], [126.4, 503.43], [126.39, 823.11], [126.38, 1302.67], [126.37, 2200.29], [126.36, 2067.96], [126.35, 1203.35], [126.34, 891.45], [126.33, 1768.65], [126.32, 2458.38], [126.31, 815.34], [126.3, 2312.53], [126.29, 1000.61], [126.28, 1306.71], [126.27, 2921.34], [126.26, 692.98], [126.25, 1984.2], [126.24, 1136.8], [126.23, 1118.87], [126.22, 2696.87]], "asks": [[126.42, 2009.15], [126.43, 1170.5], [126.44, 1856.54], [126.45, 1718.92], [126.46, 2277.55], [126.47, 1818.56], [126.48, 1753.37], [126.49, 1352.25], [126.5, 2454.44], [126.51, 1347.08], [126.52, 4370.14], [126.53, 1147.95], [126.54, 1310.83], [126.55, 1199.26], [126.56, 1659.41], [126.57, 511.21], [126.58, 839.16], [126.59, 1749.93], [126.6, 2880.33], [126.61, 2433.75]], "timestamp": "2025-12-16T10:12:30.954001+00:00"}, {"symbol": "SOLUSDT", "bids": [[126.5, 659.27], [126.49, 1057.72], [126.48, 1019.75], [126.47, 1399.39], [126.46, 1619.83], [126.45, 2036.82], [126.44, 1342.38], [126.43, 1559.94], [126.42, 1560.17], [126.41, 2817.21], [126.4, 973.03], [126.39, 1618.53], [126.38, 674.9], [126.37, 1653.79], [126.36, 4093.15], [126.35, 1228.74], [126.34, 990.78], [126.33, 2925.98], [126.32, 2624.08], [126.31, 542.98]], "asks": [[126.51, 569.58], [126.52, 491.21], [126.53, 1096.42], [126.54, 1598.11], [126.55, 2096.6], [126.56, 2724.02], [126.57, 1198.1], [126.58, 953.95], [126.59, 1623.1], [126.6, 1824.7], [126.61, 3004.1], [126.62, 1681.37], [126.63, 1636.88], [126.64, 1109.02], [126.65, 1944.2], [126.66, 1205.89], [126.67, 1165.86], [126.68, 1339.74], [126.69, 3096.7], [126.7, 2756.15]], "timestamp": "2025-12-16T10:13:23.439428+00:00"}, {"symbol": "SOLUSDT", "bids": [[126.55, 568.58], [126.54, 800.72], [126.53, 355.1], [126.52, 818.8], [126.51, 1836.73], [126.5, 1082.22], [126.49, 1422.2], [126.48, 1647.29], [126.47, 1364.57], [126.46, 886.1], [126.45, 2867.44], [126.44, 883.51], [126.43, 915.78], [126.42, 1563.34], [126.41, 1049.09], [126.4, 2024.22], [126.39, 1320.84], [126.38, 303.63], [126.37, 2561.25], [126.36, 3123.92]], "asks": [[126.56, 1189.54], [126.57, 1007.67], [126.58, 2510.41], [126.59, 2220.92], [126.6, 2832.77], [126.61, 3434.36], [126.62, 3158.3], [126.63, 1242.86], [126.64, 1655.09], [126.65, 2001.03], [126.66, 4091.72], [126.67, 957.05], [126.68, 1641.89], [126.69, 1351.89], [126.7, 1954.95], [126.71, 3361.58], [126.72, 998.44], [126.73, 1235.25], [126.74, 1363.26], [126.75, 2524.77]], "timestamp": "2025-12-16T10:14:15.335153+00:00"}, {"symbol": "SOLUSDT", "bids": [[126.57, 704.45], [126.56, 1230.8], [126.55, 1529.56], [126.54, 1582.31], [126.53, 1865.47], [126.52, 1686.54], [126.51, 1903.67], [126.5, 1114.19], [126.49, 2929.04], [126.48, 1545.47], [126.47, 801.27], [126.46, 1287.69], [126.45, 1595.13], [126.44, 983.9], [126.43, 2032.95], [126.42, 1529.12], [126.41, 836.29], [126.4, 974.44], [126.39, 2505.19], [126.38, 1184.51]], "asks": [[126.58, 968.9], [126.59, 966.75], [126.6, 2247.51], [126.61, 3413.08], [126.62, 1559.11], [126.63, 1402.78], [126.64, 1229.21], [126.65, 1207.15], [126.66, 1770.45], [126.67, 1519.11], [126.68, 4183.8], [126.69, 1387.98], [126.7, 2065.96], [126.71, 2958.82], [126.72, 1792.34], [126.73, 874.43], [126.74, 1529.43], [126.75, 3132.5], [126.76, 982.79], [126.77, 1309.98]], "timestamp": "2025-12-16T10:15:08.992687+00:00"}, {"symbol": "SOLUSDT", "bids": [[126.56, 799.68], [126.55, 704.46], [126.54, 1189.8], [126.53, 1324.52], [126.52, 2141.41], [126.51, 1427.77], [126.5, 1259.31], [126.49, 1125.29], [126.48, 1682.26], [126.47, 2559.92], [126.46, 1288.6], [126.45, 1151.74], [126.44, 1042.87], [126.43, 1188.03], [126.42, 2588.11], [126.41, 765.46], [126.4, 1024.39], [126.39, 3093.6], [126.38, 4208.49], [126.37, 647.47]], "asks": [[126.57, 767.08], [126.58, 1305.9], [126.59, 1359.33], [126.6, 2815.25], [126.61, 3379.27], [126.62, 1704.8], [126.63, 1321.89], [126.64, 1189.74], [126.65, 1284.7], [126.66, 4162.71], [126.67, 1599.35], [126.68, 1847.85], [126.69, 1288.33], [126.7, 1863.38], [126.71, 1716.22], [126.72, 3197.97], [126.73, 1015.89], [126.74, 1345.84], [126.75, 2517.38], [126.76, 867.34]], "timestamp": "2025-12-16T10:16:01.006350+00:00"}, {"symbol": "SOLUSDT", "bids": [[126.7, 204.05], [126.69, 368.03], [126.68, 573.23], [126.67, 1111.68], [126.66, 2285.21], [126.65, 1615.79], [126.64, 1314.42], [126.63, 1698.66], [126.62, 1357.8], [126.61, 3237.53], [126.6, 983.49], [126.59, 1016.22], [126.58, 1318.61], [126.57, 2164.53], [126.56, 1236.86], [126.55, 942.51], [126.54, 1135.23], [126.53, 1012.44], [126.52, 731.31], [126.51, 1169.41]], "asks": [[126.71, 1493.25], [126.72, 1404.7], [126.73, 1845.86], [126.74, 2274.64], [126.75, 1592.38], [126.76, 1886.38], [126.77, 1104.92], [126.78, 1583.57], [126.79, 3671.99], [126.8, 3427.72], [126.81, 1419.42], [126.82, 1629.52], [126.83, 1204.23], [126.84, 1307.36], [126.85, 1196.77], [126.86, 2172.37], [126.87, 3692.68], [126.88, 988.93], [126.89, 909.74], [126.9, 878.35]], "timestamp": "2025-12-16T10:16:53.193629+00:00"}, {"symbol": "SOLUSDT", "bids": [[126.57, 502.93], [126.56, 329.76], [126.55, 1010.89], [126.54, 715.63], [126.53, 1762.21], [126.52, 1338.59], [126.51, 1136.07], [126.5, 1220.94], [126.49, 1250.5], [126.48, 1996.35], [126.47, 3094.83], [126.46, 1105.55], [126.45, 1548.32], [126.44, 1373.81], [126.43, 5563.07], [126.42, 1204.39], [126.41, 935.51], [126.4, 2096.68], [126.39, 949.38], [126.38, 514.83]], "asks": [[126.58, 1680.75], [126.59, 1372.72], [126.6, 1485.92], [126.61, 1647.43], [126.62, 1769.92], [126.63, 1919.96], [126.64, 1653.4], [126.65, 2399.1], [126.66, 3815.68], [126.67, 3845.37], [126.68, 1594.4], [126.69, 1679.1], [126.7, 1206.4], [126.71, 1008.64], [126.72, 1122.08], [126.73, 1024.66], [126.74, 1477.62], [126.75, 1289.48], [126.76, 2476.07], [126.77, 1249.52]], "timestamp": "2025-12-16T10:17:44.830913+00:00"}, {"symbol": "SOLUSDT", "bids": [[126.71, 713.28], [126.7, 979.8], [126.69, 810.63], [126.68, 853.0], [126.67, 1795.95], [126.66, 2040.0], [126.65, 2129.29], [126.64, 1617.39], [126.63, 1396.4], [126.62, 3419.16], [126.61, 1424.69], [126.6, 1246.56], [126.59, 1056.77], [126.58, 1566.79], [126.57, 875.7], [126.56, 1873.08], [126.55, 917.19], [126.54, 868.92], [126.53, 548.85], [126.52, 893.22]], "asks": [[126.72, 702.74], [126.73, 1630.51], [126.74, 1948.81], [126.75, 678.85], [126.76, 1630.88], [126.77, 1714.3], [126.78, 1496.02], [126.79, 1862.32], [126.8, 2474.28], [126.81, 3361.69], [126.82, 2335.39], [126.83, 897.61], [126.84, 1110.48], [126.85, 1217.47], [126.86, 1145.05], [126.87, 1621.45], [126.88, 1285.16], [126.89, 2856.92], [126.9, 863.6], [126.91, 1588.38]], "timestamp": "2025-12-16T10:18:36.480969+00:00"}, {"symbol": "SOLUSDT", "bids": [[126.7, 592.24], [126.69, 495.18], [126.68, 1100.11], [126.67, 1427.43], [126.66, 1560.86], [126.65, 1034.57], [126.64, 1539.59], [126.63, 1067.53], [126.62, 1630.63], [126.61, 3170.18], [126.6, 1339.61], [126.59, 972.36], [126.58, 1677.34], [126.57, 995.46], [126.56, 2230.48], [126.55, 990.7], [126.54, 2684.61], [126.53, 2609.63], [126.52, 2686.04], [126.51, 1156.29]], "asks": [[126.71, 726.11], [126.72, 1324.18], [126.73, 1128.42], [126.74, 1707.36], [126.75, 1963.34], [126.76, 1241.3], [126.77, 1557.47], [126.78, 1190.69], [126.79, 1393.87], [126.8, 3900.91], [126.81, 892.26], [126.82, 1265.84], [126.83, 1674.95], [126.84, 1635.36], [126.85, 1031.99], [126.86, 1175.41], [126.87, 2159.23], [126.88, 2045.68], [126.89, 3691.69], [126.9, 896.18]], "timestamp": "2025-12-16T10:19:28.085529+00:00"}, {"symbol": "SOLUSDT", "bids": [[126.52, 1182.12], [126.51, 911.29], [126.5, 1087.55], [126.49, 1567.86], [126.48, 1185.32], [126.47, 1114.31], [126.46, 1038.45], [126.45, 1507.67], [126.44, 1155.72], [126.43, 2561.93], [126.42, 1322.08], [126.41, 763.19], [126.4, 995.21], [126.39, 1087.15], [126.38, 1762.2], [126.37, 762.44], [126.36, 1036.97], [126.35, 2974.63], [126.34, 3370.81], [126.33, 940.5]], "asks": [[126.53, 738.68], [126.54, 935.89], [126.55, 1120.67], [126.56, 1342.57], [126.57, 2462.65], [126.58, 2427.22], [126.59, 1510.21], [126.6, 1909.7], [126.61, 2940.06], [126.62, 4079.5], [126.63, 1178.35], [126.64, 896.36], [126.65, 944.42], [126.66, 752.71], [126.67, 1166.08], [126.68, 1693.54], [126.69, 1336.26], [126.7, 819.45], [126.71, 1143.74], [126.72, 940.12]], "timestamp": "2025-12-16T10:20:19.678283+00:00"}, {"symbol": "SOLUSDT", "bids": [[126.47, 1341.74], [126.46, 1107.74], [126.45, 957.31], [126.44, 1745.88], [126.43, 1232.17], [126.42, 825.23], [126.41, 1422.44], [126.4, 2239.1], [126.39, 1731.79], [126.38, 2434.18], [126.37, 1040.15], [126.36, 1460.44], [126.35, 1566.24], [126.34, 1173.42], [126.33, 2463.57], [126.32, 618.18], [126.31, 882.5], [126.3, 1334.2], [126.29, 2911.92], [126.28, 3060.34]], "asks": [[126.48, 320.07], [126.49, 610.65], [126.5, 1126.49], [126.51, 1209.58], [126.52, 1547.96], [126.53, 1927.81], [126.54, 1643.9], [126.55, 1647.53], [126.56, 2674.2], [126.57, 1479.51], [126.58, 1353.64], [126.59, 1088.09], [126.6, 1141.27], [126.61, 1796.17], [126.62, 2187.2], [126.63, 1295.55], [126.64, 2254.33], [126.65, 851.95], [126.66, 1020.67], [126.67, 2646.07]], "timestamp": "2025-12-16T10:21:11.973161+00:00"}, {"symbol": "SOLUSDT", "bids": [[126.63, 1199.75], [126.62, 616.33], [126.61, 1433.59], [126.6, 1052.53], [126.59, 1590.83], [126.58, 1089.98], [126.57, 1680.7], [126.56, 1596.29], [126.55, 1804.85], [126.54, 3383.69], [126.53, 958.26], [126.52, 1309.96], [126.51, 1092.38], [126.5, 1358.96], [126.49, 1143.72], [126.48, 1915.54], [126.47, 825.55], [126.46, 868.41], [126.45, 1195.84], [126.44, 2665.4]], "asks": [[126.64, 828.46], [126.65, 408.45], [126.66, 741.87], [126.67, 1539.26], [126.68, 1263.95], [126.69, 1377.04], [126.7, 1610.67], [126.71, 881.51], [126.72, 1339.71], [126.73, 1543.6], [126.74, 2374.25], [126.75, 980.71], [126.76, 1206.42], [126.77, 1505.37], [126.78, 3289.14], [126.79, 1245.78], [126.8, 3458.77], [126.81, 846.18], [126.82, 870.66], [126.83, 968.56]], "timestamp": "2025-12-16T10:22:04.968959+00:00"}, {"symbol": "SOLUSDT", "bids": [[126.61, 666.18], [126.6, 532.85], [126.59, 1095.43], [126.58, 1531.3], [126.57, 1515.52], [126.56, 1583.06], [126.55, 1515.74], [126.54, 1404.54], [126.53, 1484.33], [126.52, 1138.04], [126.51, 2607.97], [126.5, 1329.58], [126.49, 1196.25], [126.48, 1208.08], [126.47, 868.04], [126.46, 2251.31], [126.45, 2558.51], [126.44, 901.27], [126.43, 2788.06], [126.42, 2380.26]], "asks": [[126.62, 1188.78], [126.63, 296.75], [126.64, 1209.13], [126.65, 1542.36], [126.66, 1615.7], [126.67, 1404.01], [126.68, 1514.7], [126.69, 1782.82], [126.7, 3683.84], [126.71, 1112.28], [126.72, 1584.74], [126.73, 1222.85], [126.74, 1863.04], [126.75, 914.19], [126.76, 1251.81], [126.77, 2465.63], [126.78, 970.05], [126.79, 1282.07], [126.8, 3470.84], [126.81, 812.39]], "timestamp": "2025-12-16T10:22:56.691034+00:00"}, {"symbol": "SOLUSDT", "bids": [[126.65, 1015.32], [126.64, 794.84], [126.63, 1325.0], [126.62, 758.96], [126.61, 1644.27], [126.6, 1288.42], [126.59, 2025.0], [126.58, 1474.25], [126.57, 1178.54], [126.56, 1437.47], [126.55, 1228.84], [126.54, 2652.81], [126.53, 1763.91], [126.52, 817.46], [126.51, 1161.35], [126.5, 2130.61], [126.49, 954.28], [126.48, 1136.22], [126.47, 888.32], [126.46, 2273.09]], "asks": [[126.66, 574.24], [126.67, 982.5], [126.68, 1202.49], [126.69, 1430.83], [126.7, 2298.49], [126.71, 1843.5], [126.72, 1200.71], [126.73, 1595.79], [126.74, 1540.79], [126.75, 3296.04], [126.76, 1845.97], [126.77, 2859.51], [126.78, 2133.61], [126.79, 1010.47], [126.8, 3456.62], [126.81, 1063.89], [126.82, 981.65], [126.83, 1167.52], [126.84, 1196.3], [126.85, 1099.53]], "timestamp": "2025-12-16T10:23:48.452586+00:00"}, {"symbol": "SOLUSDT", "bids": [[126.73, 400.24], [126.72, 1194.47], [126.71, 1564.32], [126.7, 899.57], [126.69, 1892.75], [126.68, 1318.71], [126.67, 1102.02], [126.66, 1100.21], [126.65, 1401.82], [126.64, 583.56], [126.63, 807.69], [126.62, 1422.27], [126.61, 2815.9], [126.6, 1357.77], [126.59, 764.31], [126.58, 998.54], [126.57, 2140.74], [126.56, 1118.39], [126.55, 764.14], [126.54, 731.92]], "asks": [[126.74, 307.24], [126.75, 578.85], [126.76, 498.01], [126.77, 519.03], [126.78, 1178.07], [126.79, 2004.47], [126.8, 2038.58], [126.81, 1617.81], [126.82, 904.69], [126.83, 1397.15], [126.84, 2196.25], [126.85, 2622.47], [126.86, 822.98], [126.87, 959.42], [126.88, 1175.16], [126.89, 1660.28], [126.9, 2868.65], [126.91, 950.95], [126.92, 1685.54], [126.93, 3809.68]], "timestamp": "2025-12-16T10:24:40.192879+00:00"}, {"symbol": "SOLUSDT", "bids": [[126.71, 243.26], [126.7, 818.52], [126.69, 1947.37], [126.68, 985.39], [126.67, 1635.77], [126.66, 978.17], [126.65, 1341.17], [126.64, 904.14], [126.63, 1338.79], [126.62, 2773.82], [126.61, 1539.67], [126.6, 2202.64], [126.59, 892.64], [126.58, 1108.74], [126.57, 1247.39], [126.56, 2887.42], [126.55, 2268.21], [126.54, 891.07], [126.53, 2787.29], [126.52, 1244.47]], "asks": [[126.72, 1355.87], [126.73, 1268.87], [126.74, 1019.61], [126.75, 1178.92], [126.76, 1503.7], [126.77, 1504.74], [126.78, 1082.4], [126.79, 2356.54], [126.8, 4370.63], [126.81, 1415.45], [126.82, 1810.48], [126.83, 1450.34], [126.84, 1238.79], [126.85, 1115.24], [126.86, 775.83], [126.87, 817.93], [126.88, 2533.35], [126.89, 2090.75], [126.9, 1945.18], [126.91, 865.38]], "timestamp": "2025-12-16T10:25:31.837789+00:00"}, {"symbol": "SOLUSDT", "bids": [[126.83, 280.0], [126.82, 558.69], [126.81, 1280.88], [126.8, 2875.6], [126.79, 2526.78], [126.78, 1266.39], [126.77, 1185.42], [126.76, 1004.79], [126.75, 1210.96], [126.74, 2848.88], [126.73, 1114.61], [126.72, 1039.89], [126.71, 1359.78], [126.7, 1116.45], [126.69, 2358.26], [126.68, 828.5], [126.67, 1321.86], [126.66, 2384.57], [126.65, 1260.12], [126.64, 2759.13]], "asks": [[126.84, 1189.69], [126.85, 489.94], [126.86, 535.99], [126.87, 1256.76], [126.88, 1917.3], [126.89, 2177.01], [126.9, 1921.91], [126.91, 1325.87], [126.92, 2811.0], [126.93, 6604.75], [126.94, 2113.79], [126.95, 904.48], [126.96, 1737.42], [126.97, 1704.73], [126.98, 1791.01], [126.99, 2045.86], [127.0, 7030.25], [127.01, 787.5], [127.02, 1305.07], [127.03, 2833.29]], "timestamp": "2025-12-16T10:26:23.956459+00:00"}, {"symbol": "SOLUSDT", "bids": [[126.88, 657.11], [126.87, 687.14], [126.86, 1017.25], [126.85, 2058.46], [126.84, 1909.82], [126.83, 2473.96], [126.82, 1647.1], [126.81, 1373.13], [126.8, 1554.26], [126.79, 2028.81], [126.78, 3680.27], [126.77, 1478.28], [126.76, 2563.94], [126.75, 974.18], [126.74, 796.27], [126.73, 1305.79], [126.72, 2692.99], [126.71, 2890.22], [126.7, 1201.03], [126.69, 2416.75]], "asks": [[126.89, 852.94], [126.9, 689.99], [126.91, 1393.08], [126.92, 2078.09], [126.93, 4038.55], [126.94, 723.79], [126.95, 1089.3], [126.96, 1531.14], [126.97, 1214.85], [126.98, 1325.52], [126.99, 5957.57], [127.0, 7011.37], [127.01, 882.42], [127.02, 1459.6], [127.03, 1748.11], [127.04, 1082.12], [127.05, 1502.23], [127.06, 1097.42], [127.07, 2490.03], [127.08, 1054.85]], "timestamp": "2025-12-16T10:27:15.637741+00:00"}, {"symbol": "SOLUSDT", "bids": [[126.88, 1010.23], [126.87, 830.86], [126.86, 1420.66], [126.85, 1576.0], [126.84, 1996.6], [126.83, 2506.91], [126.82, 1709.16], [126.81, 1235.84], [126.8, 1809.44], [126.79, 3739.91], [126.78, 1432.57], [126.77, 1157.9], [126.76, 1440.33], [126.75, 967.73], [126.74, 995.78], [126.73, 2450.08], [126.72, 1086.86], [126.71, 3020.72], [126.7, 2659.03], [126.69, 914.66]], "asks": [[126.89, 226.69], [126.9, 594.68], [126.91, 1290.64], [126.92, 2153.7], [126.93, 4151.99], [126.94, 721.69], [126.95, 968.33], [126.96, 1322.12], [126.97, 1246.1], [126.98, 1894.38], [126.99, 5525.33], [127.0, 7228.51], [127.01, 1119.07], [127.02, 1438.37], [127.03, 1794.64], [127.04, 1068.49], [127.05, 1502.23], [127.06, 1070.46], [127.07, 2307.34], [127.08, 1054.88]], "timestamp": "2025-12-16T10:28:07.195696+00:00"}, {"symbol": "SOLUSDT", "bids": [[126.7, 562.06], [126.69, 516.91], [126.68, 1088.64], [126.67, 1196.06], [126.66, 2005.56], [126.65, 1065.53], [126.64, 992.56], [126.63, 1266.28], [126.62, 1445.98], [126.61, 3065.17], [126.6, 1265.09], [126.59, 801.69], [126.58, 969.31], [126.57, 1328.81], [126.56, 1125.1], [126.55, 2262.19], [126.54, 2188.15], [126.53, 855.93], [126.52, 2924.52], [126.51, 822.19]], "asks": [[126.71, 848.09], [126.72, 640.31], [126.73, 663.08], [126.74, 1325.76], [126.75, 1504.7], [126.76, 2355.58], [126.77, 982.01], [126.78, 968.33], [126.79, 1888.15], [126.8, 1014.71], [126.81, 3200.07], [126.82, 1157.3], [126.83, 1829.95], [126.84, 915.81], [126.85, 1452.19], [126.86, 815.86], [126.87, 601.96], [126.88, 879.58], [126.89, 1708.79], [126.9, 3575.77]], "timestamp": "2025-12-16T10:28:59.566821+00:00"}, {"symbol": "SOLUSDT", "bids": [[126.71, 1086.38], [126.7, 1056.81], [126.69, 1099.05], [126.68, 1574.82], [126.67, 2055.54], [126.66, 1494.88], [126.65, 1159.42], [126.64, 1518.27], [126.63, 2735.38], [126.62, 852.58], [126.61, 1030.45], [126.6, 1398.53], [126.59, 1372.16], [126.58, 2014.17], [126.57, 1325.97], [126.56, 2610.13], [126.55, 766.52], [126.54, 945.64], [126.53, 3084.45], [126.52, 2706.23]], "asks": [[126.72, 1273.04], [126.73, 833.6], [126.74, 891.13], [126.75, 635.81], [126.76, 2031.73], [126.77, 952.83], [126.78, 934.74], [126.79, 1298.36], [126.8, 1251.13], [126.81, 1427.58], [126.82, 3228.67], [126.83, 1330.06], [126.84, 1347.82], [126.85, 1066.53], [126.86, 856.92], [126.87, 1768.99], [126.88, 1184.85], [126.89, 2551.44], [126.9, 787.01], [126.91, 2608.25]], "timestamp": "2025-12-16T10:29:52.762138+00:00"}, {"symbol": "SOLUSDT", "bids": [[126.74, 604.67], [126.73, 1075.07], [126.72, 1894.44], [126.71, 937.24], [126.7, 1207.4], [126.69, 1183.43], [126.68, 1275.97], [126.67, 2492.62], [126.66, 772.55], [126.65, 1072.32], [126.64, 1438.46], [126.63, 1205.89], [126.62, 2372.29], [126.61, 1110.68], [126.6, 1470.21], [126.59, 1108.85], [126.58, 941.66], [126.57, 1356.92], [126.56, 2465.61], [126.55, 667.96]], "asks": [[126.75, 1533.71], [126.76, 1186.28], [126.77, 1991.92], [126.78, 990.52], [126.79, 2576.22], [126.8, 1680.71], [126.81, 1352.98], [126.82, 1727.92], [126.83, 830.18], [126.84, 1130.71], [126.85, 1513.72], [126.86, 3475.58], [126.87, 742.18], [126.88, 1171.11], [126.89, 1353.01], [126.9, 848.73], [126.91, 1106.08], [126.92, 2996.23], [126.93, 4138.56], [126.94, 1229.15]], "timestamp": "2025-12-16T10:30:45.587613+00:00"}, {"symbol": "SOLUSDT", "bids": [[126.8, 407.18], [126.79, 110.8], [126.78, 390.46], [126.77, 1390.48], [126.76, 1734.23], [126.75, 1440.54], [126.74, 932.0], [126.73, 1073.48], [126.72, 1190.27], [126.71, 1323.62], [126.7, 2586.43], [126.69, 1079.67], [126.68, 1069.2], [126.67, 1385.12], [126.66, 1193.12], [126.65, 2325.36], [126.64, 2532.38], [126.63, 638.68], [126.62, 1339.18], [126.61, 3083.95]], "asks": [[126.81, 2653.66], [126.82, 1218.6], [126.83, 1028.24], [126.84, 1339.4], [126.85, 1375.35], [126.86, 1455.26], [126.87, 1877.81], [126.88, 1729.94], [126.89, 3560.22], [126.9, 1650.21], [126.91, 1112.23], [126.92, 1878.38], [126.93, 4472.71], [126.94, 688.3], [126.95, 1735.61], [126.96, 1275.94], [126.97, 1977.78], [126.98, 1569.29], [126.99, 3855.53], [127.0, 7971.99]], "timestamp": "2025-12-16T10:31:38.582156+00:00"}, {"symbol": "SOLUSDT", "bids": [[126.79, 759.42], [126.78, 400.01], [126.77, 837.92], [126.76, 2021.45], [126.75, 1995.53], [126.74, 1134.15], [126.73, 995.46], [126.72, 1170.99], [126.71, 1288.94], [126.7, 2792.48], [126.69, 952.56], [126.68, 899.39], [126.67, 1037.76], [126.66, 1367.45], [126.65, 2274.76], [126.64, 1215.33], [126.63, 2361.43], [126.62, 1214.52], [126.61, 2943.97], [126.6, 1225.73]], "asks": [[126.8, 1090.84], [126.81, 407.65], [126.82, 1404.51], [126.83, 1200.99], [126.84, 1758.59], [126.85, 1369.84], [126.86, 1578.05], [126.87, 1721.42], [126.88, 1227.78], [126.89, 3550.75], [126.9, 1570.58], [126.91, 1141.49], [126.92, 1839.32], [126.93, 4427.7], [126.94, 886.77], [126.95, 1721.3], [126.96, 2196.77], [126.97, 1023.7], [126.98, 2699.39], [126.99, 1987.43]], "timestamp": "2025-12-16T10:32:31.611371+00:00"}, {"symbol": "SOLUSDT", "bids": [[126.81, 1360.56], [126.8, 707.92], [126.79, 1071.4], [126.78, 892.56], [126.77, 1286.1], [126.76, 1662.91], [126.75, 2346.74], [126.74, 957.25], [126.73, 1328.53], [126.72, 3155.99], [126.71, 1164.31], [126.7, 931.24], [126.69, 1163.83], [126.68, 2251.96], [126.67, 911.66], [126.66, 893.54], [126.65, 1409.61], [126.64, 3041.29], [126.63, 3788.91], [126.62, 816.8]], "asks": [[126.82, 66.71], [126.83, 915.27], [126.84, 994.17], [126.85, 930.62], [126.86, 1711.94], [126.87, 1674.7], [126.88, 1125.39], [126.89, 1255.2], [126.9, 1583.24], [126.91, 2546.38], [126.92, 4471.87], [126.93, 4789.19], [126.94, 767.45], [126.95, 1025.3], [126.96, 2453.59], [126.97, 1009.89], [126.98, 1402.28], [126.99, 2789.93], [127.0, 9429.12], [127.01, 549.26]], "timestamp": "2025-12-16T10:33:23.794294+00:00"}, {"symbol": "SOLUSDT", "bids": [[126.84, 892.82], [126.83, 484.87], [126.82, 1220.0], [126.81, 1300.85], [126.8, 2150.61], [126.79, 1248.41], [126.78, 973.48], [126.77, 1038.38], [126.76, 1205.47], [126.75, 1385.47], [126.74, 2599.74], [126.73, 988.29], [126.72, 2413.86], [126.71, 964.74], [126.7, 1282.9], [126.69, 2474.81], [126.68, 1093.03], [126.67, 2782.43], [126.66, 2555.14], [126.65, 1033.98]], "asks": [[126.85, 1304.49], [126.86, 706.44], [126.87, 813.99], [126.88, 1786.92], [126.89, 2243.64], [126.9, 2110.53], [126.91, 1398.87], [126.92, 2166.42], [126.93, 4715.71], [126.94, 1607.48], [126.95, 3455.99], [126.96, 1830.77], [126.97, 1413.11], [126.98, 985.92], [126.99, 2709.13], [127.0, 10650.28], [127.01, 629.87], [127.02, 635.25], [127.03, 793.66], [127.04, 2380.51]], "timestamp": "2025-12-16T10:34:16.563407+00:00"}, {"symbol": "SOLUSDT", "bids": [[126.92, 748.83], [126.91, 854.07], [126.9, 1541.48], [126.89, 1124.12], [126.88, 1626.03], [126.87, 1767.53], [126.86, 2399.59], [126.85, 1625.59], [126.84, 1313.15], [126.83, 1864.53], [126.82, 3036.61], [126.81, 1445.67], [126.8, 1357.46], [126.79, 1345.28], [126.78, 1921.66], [126.77, 1082.15], [126.76, 1080.05], [126.75, 2767.61], [126.74, 2474.56], [126.73, 694.85]], "asks": [[126.93, 3393.28], [126.94, 364.71], [126.95, 1091.78], [126.96, 584.19], [126.97, 1388.12], [126.98, 1642.83], [126.99, 2434.01], [127.0, 6633.76], [127.01, 1895.64], [127.02, 1138.83], [127.03, 1061.3], [127.04, 3731.69], [127.05, 2398.47], [127.06, 694.31], [127.07, 782.12], [127.08, 894.07], [127.09, 1971.47], [127.1, 1308.79], [127.11, 1990.93], [127.12, 2874.22]], "timestamp": "2025-12-16T10:35:09.576899+00:00"}, {"symbol": "SOLUSDT", "bids": [[126.95, 1339.16], [126.94, 903.14], [126.93, 1049.39], [126.92, 882.36], [126.91, 1629.01], [126.9, 1559.76], [126.89, 977.02], [126.88, 1390.32], [126.87, 1173.74], [126.86, 1179.18], [126.85, 2755.64], [126.84, 1006.15], [126.83, 720.46], [126.82, 1024.58], [126.81, 1530.65], [126.8, 2735.56], [126.79, 2677.93], [126.78, 792.12], [126.77, 902.15], [126.76, 1060.99]], "asks": [[126.96, 625.62], [126.97, 1251.24], [126.98, 1916.57], [126.99, 2262.91], [127.0, 6122.48], [127.01, 1098.63], [127.02, 1434.67], [127.03, 978.6], [127.04, 1667.1], [127.05, 1282.98], [127.06, 3752.05], [127.07, 759.54], [127.08, 1431.86], [127.09, 855.58], [127.1, 1893.04], [127.11, 3105.16], [127.12, 4138.28], [127.13, 491.81], [127.14, 843.53], [127.15, 513.41]], "timestamp": "2025-12-16T10:36:01.629807+00:00"}, {"symbol": "SOLUSDT", "bids": [[127.06, 385.41], [127.05, 907.27], [127.04, 1380.91], [127.03, 1815.63], [127.02, 2431.7], [127.01, 2437.77], [127.0, 2623.64], [126.99, 1598.01], [126.98, 2030.9], [126.97, 4288.12], [126.96, 982.42], [126.95, 1171.37], [126.94, 1433.96], [126.93, 1282.05], [126.92, 1850.3], [126.91, 995.98], [126.9, 1233.04], [126.89, 611.75], [126.88, 874.5], [126.87, 1043.74]], "asks": [[127.07, 978.05], [127.08, 581.5], [127.09, 2016.27], [127.1, 2288.33], [127.11, 2172.35], [127.12, 958.17], [127.13, 791.58], [127.14, 1437.44], [127.15, 1682.71], [127.16, 3232.31], [127.17, 1412.41], [127.18, 1061.78], [127.19, 2493.02], [127.2, 4033.71], [127.21, 499.12], [127.22, 1123.88], [127.23, 2920.66], [127.24, 628.13], [127.25, 869.51], [127.26, 981.14]], "timestamp": "2025-12-16T10:36:54.208530+00:00"}, {"symbol": "SOLUSDT", "bids": [[127.0, 2556.44], [126.99, 1162.1], [126.98, 1158.93], [126.97, 1290.2], [126.96, 2275.93], [126.95, 1383.79], [126.94, 1011.83], [126.93, 1199.36], [126.92, 861.42], [126.91, 791.88], [126.9, 1068.38], [126.89, 2280.89], [126.88, 1054.36], [126.87, 2382.44], [126.86, 932.68], [126.85, 1151.98], [126.84, 1310.47], [126.83, 631.92], [126.82, 779.66], [126.81, 1643.98]], "asks": [[127.01, 71.84], [127.02, 266.44], [127.03, 639.07], [127.04, 1569.73], [127.05, 2356.31], [127.06, 1114.45], [127.07, 1537.11], [127.08, 1098.12], [127.09, 1112.25], [127.1, 2469.38], [127.11, 2262.95], [127.12, 1296.45], [127.13, 1167.17], [127.14, 3329.47], [127.15, 1049.34], [127.16, 2149.83], [127.17, 2931.95], [127.18, 1075.26], [127.19, 2726.21], [127.2, 2995.88]], "timestamp": "2025-12-16T10:37:46.386970+00:00"}, {"symbol": "SOLUSDT", "bids": [[127.21, 898.71], [127.2, 986.99], [127.19, 1071.75], [127.18, 1444.16], [127.17, 2281.16], [127.16, 1797.63], [127.15, 2728.76], [127.14, 2309.06], [127.13, 2978.54], [127.12, 1031.97], [127.11, 1210.65], [127.1, 896.6], [127.09, 943.0], [127.08, 1093.77], [127.07, 2071.08], [127.06, 877.36], [127.05, 1005.42], [127.04, 2017.94], [127.03, 683.47], [127.02, 1009.35]], "asks": [[127.22, 53.91], [127.23, 537.72], [127.24, 760.68], [127.25, 1290.58], [127.26, 2000.06], [127.27, 1413.35], [127.28, 1425.31], [127.29, 1743.92], [127.3, 1743.8], [127.31, 845.55], [127.32, 3461.13], [127.33, 1831.69], [127.34, 1611.66], [127.35, 2459.38], [127.36, 801.08], [127.37, 806.09], [127.38, 3445.52], [127.39, 1107.84], [127.4, 1779.95], [127.41, 632.92]], "timestamp": "2025-12-16T10:38:39.142961+00:00"}, {"symbol": "SOLUSDT", "bids": [[127.55, 365.74], [127.54, 430.23], [127.53, 514.58], [127.52, 1931.13], [127.51, 1298.06], [127.5, 1237.26], [127.49, 1590.93], [127.48, 1054.95], [127.47, 2742.99], [127.46, 1231.66], [127.45, 2581.39], [127.44, 945.5], [127.43, 1183.89], [127.42, 2121.11], [127.41, 750.69], [127.4, 409.44], [127.39, 474.48], [127.38, 479.76], [127.37, 1106.75], [127.36, 2562.06]], "asks": [[127.56, 317.54], [127.57, 1965.68], [127.58, 1208.43], [127.59, 264.67], [127.6, 704.87], [127.61, 1723.57], [127.62, 1431.15], [127.63, 1881.84], [127.64, 924.45], [127.65, 1327.7], [127.66, 1112.52], [127.67, 1211.0], [127.68, 1148.03], [127.69, 2660.1], [127.7, 1117.73], [127.71, 1774.86], [127.72, 631.12], [127.73, 753.61], [127.74, 700.3], [127.75, 1082.3]], "timestamp": "2025-12-16T10:39:32.263097+00:00"}, {"symbol": "SOLUSDT", "bids": [[127.48, 1034.66], [127.47, 515.03], [127.46, 948.87], [127.45, 1593.79], [127.44, 1180.31], [127.43, 1257.91], [127.42, 932.98], [127.41, 1155.44], [127.4, 1530.37], [127.39, 2813.07], [127.38, 697.32], [127.37, 2229.44], [127.36, 986.43], [127.35, 826.85], [127.34, 2160.8], [127.33, 1047.6], [127.32, 3880.02], [127.31, 611.83], [127.3, 528.34], [127.29, 920.78]], "asks": [[127.49, 690.24], [127.5, 341.52], [127.51, 1055.92], [127.52, 1188.68], [127.53, 2604.55], [127.54, 1674.24], [127.55, 1141.92], [127.56, 1487.14], [127.57, 2662.91], [127.58, 1588.65], [127.59, 2978.31], [127.6, 1730.49], [127.61, 917.61], [127.62, 783.08], [127.63, 680.06], [127.64, 1069.51], [127.65, 1132.47], [127.66, 1968.93], [127.67, 748.81], [127.68, 1848.97]], "timestamp": "2025-12-16T10:40:24.136353+00:00"}, {"symbol": "SOLUSDT", "bids": [[127.49, 796.14], [127.48, 1588.15], [127.47, 809.16], [127.46, 886.27], [127.45, 2194.59], [127.44, 1276.02], [127.43, 1450.9], [127.42, 864.25], [127.41, 1126.07], [127.4, 1302.98], [127.39, 2120.85], [127.38, 640.64], [127.37, 1264.99], [127.36, 1784.57], [127.35, 689.68], [127.34, 1354.32], [127.33, 940.11], [127.32, 2637.25], [127.31, 1157.97], [127.3, 2116.88]], "asks": [[127.5, 335.95], [127.51, 152.53], [127.52, 750.14], [127.53, 1112.63], [127.54, 3399.88], [127.55, 1114.09], [127.56, 1046.16], [127.57, 1510.92], [127.58, 947.34], [127.59, 1390.29], [127.6, 2542.32], [127.61, 980.63], [127.62, 1415.48], [127.63, 792.17], [127.64, 1243.49], [127.65, 1020.59], [127.66, 2552.79], [127.67, 1071.53], [127.68, 2699.17], [127.69, 786.91]], "timestamp": "2025-12-16T10:41:16.136867+00:00"}, {"symbol": "SOLUSDT", "bids": [[127.8, 1428.2], [127.79, 732.46], [127.78, 629.64], [127.77, 1216.59], [127.76, 1436.79], [127.75, 1669.55], [127.74, 1057.91], [127.73, 1309.51], [127.72, 944.01], [127.71, 1237.71], [127.7, 2619.19], [127.69, 932.77], [127.68, 559.77], [127.67, 969.84], [127.66, 806.82], [127.65, 1253.0], [127.64, 3655.78], [127.63, 486.72], [127.62, 1482.99], [127.61, 852.74]], "asks": [[127.81, 274.33], [127.82, 261.58], [127.83, 739.23], [127.84, 1157.73], [127.85, 1126.04], [127.86, 1999.01], [127.87, 1157.41], [127.88, 812.42], [127.89, 1025.92], [127.9, 1275.13], [127.91, 2816.02], [127.92, 1917.81], [127.93, 958.14], [127.94, 751.02], [127.95, 1060.05], [127.96, 1266.66], [127.97, 1703.72], [127.98, 2733.79], [127.99, 2425.13], [128.0, 6536.39]], "timestamp": "2025-12-16T10:42:08.052108+00:00"}, {"symbol": "SOLUSDT", "bids": [[127.89, 527.32], [127.88, 357.94], [127.87, 1089.59], [127.86, 1061.65], [127.85, 1919.6], [127.84, 1309.01], [127.83, 935.27], [127.82, 1079.73], [127.81, 1094.34], [127.8, 1027.5], [127.79, 912.69], [127.78, 2627.3], [127.77, 2017.99], [127.76, 1230.66], [127.75, 2300.63], [127.74, 781.5], [127.73, 2974.13], [127.72, 556.97], [127.71, 703.36], [127.7, 1146.44]], "asks": [[127.9, 1465.64], [127.91, 377.23], [127.92, 594.75], [127.93, 1139.38], [127.94, 1604.91], [127.95, 1278.77], [127.96, 1320.69], [127.97, 1211.17], [127.98, 1087.73], [127.99, 5016.12], [128.0, 7500.18], [128.01, 1720.86], [128.02, 1026.49], [128.03, 1027.79], [128.04, 1198.03], [128.05, 789.26], [128.06, 1351.87], [128.07, 2270.75], [128.08, 866.94], [128.09, 1480.14]], "timestamp": "2025-12-16T10:42:59.793415+00:00"}, {"symbol": "SOLUSDT", "bids": [[128.27, 523.71], [128.26, 219.56], [128.25, 476.21], [128.24, 1110.65], [128.23, 1213.33], [128.22, 1413.94], [128.21, 1791.47], [128.2, 1106.2], [128.19, 2048.76], [128.18, 2002.8], [128.17, 2972.94], [128.16, 851.12], [128.15, 1124.4], [128.14, 827.09], [128.13, 772.61], [128.12, 2226.39], [128.11, 633.54], [128.1, 1052.09], [128.09, 2605.33], [128.08, 919.46]], "asks": [[128.28, 888.97], [128.29, 1064.81], [128.3, 3307.6], [128.31, 921.65], [128.32, 2360.28], [128.33, 1717.45], [128.34, 1578.53], [128.35, 1210.9], [128.36, 1448.91], [128.37, 1999.4], [128.38, 3615.38], [128.39, 2337.25], [128.4, 1559.33], [128.41, 1715.68], [128.42, 933.06], [128.43, 1573.37], [128.44, 1955.63], [128.45, 1341.39], [128.46, 2846.13], [128.47, 675.6]], "timestamp": "2025-12-16T10:43:52.062738+00:00"}, {"symbol": "SOLUSDT", "bids": [[128.08, 1350.04], [128.07, 336.34], [128.06, 303.88], [128.05, 571.94], [128.04, 1119.19], [128.03, 1735.85], [128.02, 1243.93], [128.01, 1741.6], [128.0, 1722.07], [127.99, 1158.59], [127.98, 1149.56], [127.97, 2562.27], [127.96, 1044.49], [127.95, 925.29], [127.94, 996.73], [127.93, 1958.76], [127.92, 1223.37], [127.91, 2240.58], [127.9, 659.15], [127.89, 1168.32]], "asks": [[128.09, 753.61], [128.1, 728.79], [128.11, 815.68], [128.12, 1017.0], [128.13, 1603.81], [128.14, 1249.57], [128.15, 1266.04], [128.16, 1357.39], [128.17, 2816.92], [128.18, 671.64], [128.19, 1236.17], [128.2, 1698.87], [128.21, 792.44], [128.22, 1278.35], [128.23, 3109.91], [128.24, 454.29], [128.25, 1075.02], [128.26, 2399.96], [128.27, 606.72], [128.28, 515.18]], "timestamp": "2025-12-16T10:44:44.952542+00:00"}, {"symbol": "SOLUSDT", "bids": [[128.15, 1243.85], [128.14, 1056.24], [128.13, 1976.03], [128.12, 1489.75], [128.11, 1678.19], [128.1, 2171.71], [128.09, 1764.64], [128.08, 2074.01], [128.07, 2414.16], [128.06, 1131.85], [128.05, 1098.74], [128.04, 1078.97], [128.03, 960.42], [128.02, 1814.01], [128.01, 1197.87], [128.0, 810.68], [127.99, 530.34], [127.98, 1080.33], [127.97, 846.22], [127.96, 1338.85]], "asks": [[128.16, 93.93], [128.17, 188.61], [128.18, 713.31], [128.19, 1150.43], [128.2, 1338.7], [128.21, 1628.58], [128.22, 1407.94], [128.23, 1448.49], [128.24, 1633.48], [128.25, 1662.63], [128.26, 1653.78], [128.27, 3532.59], [128.28, 919.83], [128.29, 1429.94], [128.3, 2691.05], [128.31, 1531.08], [128.32, 817.6], [128.33, 693.74], [128.34, 953.57], [128.35, 811.47]], "timestamp": "2025-12-16T10:45:37.898439+00:00"}, {"symbol": "SOLUSDT", "bids": [[128.7, 1661.45], [128.69, 2083.24], [128.68, 1280.73], [128.67, 935.34], [128.66, 666.78], [128.65, 1385.26], [128.64, 1628.58], [128.63, 4053.78], [128.62, 942.99], [128.61, 1264.5], [128.6, 941.51], [128.59, 731.44], [128.58, 1867.45], [128.57, 890.56], [128.56, 1141.51], [128.55, 602.36], [128.54, 1503.59], [128.53, 3909.84], [128.52, 776.95], [128.51, 784.66]], "asks": [[128.71, 623.66], [128.72, 234.06], [128.73, 470.71], [128.74, 1172.31], [128.75, 2220.58], [128.76, 1867.77], [128.77, 1592.11], [128.78, 1438.77], [128.79, 1272.56], [128.8, 2849.42], [128.81, 1179.36], [128.82, 1129.15], [128.83, 2173.29], [128.84, 3674.42], [128.85, 1669.76], [128.86, 936.19], [128.87, 1860.08], [128.88, 1112.99], [128.89, 813.13], [128.9, 1088.76]], "timestamp": "2025-12-16T10:46:30.566125+00:00"}, {"symbol": "SOLUSDT", "bids": [[128.51, 820.81], [128.5, 1240.17], [128.49, 1497.85], [128.48, 4134.45], [128.47, 1064.74], [128.46, 1343.95], [128.45, 754.31], [128.44, 1129.15], [128.43, 1815.78], [128.42, 2815.12], [128.41, 922.23], [128.4, 2378.11], [128.39, 3143.84], [128.38, 941.5], [128.37, 939.72], [128.36, 511.74], [128.35, 527.22], [128.34, 877.77], [128.33, 1339.23], [128.32, 3839.16]], "asks": [[128.52, 528.93], [128.53, 473.67], [128.54, 1220.65], [128.55, 1687.47], [128.56, 1679.1], [128.57, 1777.59], [128.58, 1417.98], [128.59, 1610.95], [128.6, 1621.83], [128.61, 1653.48], [128.62, 3216.54], [128.63, 1113.11], [128.64, 989.45], [128.65, 500.54], [128.66, 772.62], [128.67, 1705.5], [128.68, 891.81], [128.69, 783.23], [128.7, 614.32], [128.71, 803.85]], "timestamp": "2025-12-16T10:47:22.705394+00:00"}, {"symbol": "SOLUSDT", "bids": [[128.35, 118.34], [128.34, 128.51], [128.33, 391.54], [128.32, 980.92], [128.31, 502.05], [128.3, 1140.8], [128.29, 3140.84], [128.28, 960.2], [128.27, 827.53], [128.26, 1260.38], [128.25, 1086.92], [128.24, 1739.14], [128.23, 988.56], [128.22, 1439.98], [128.21, 1221.79], [128.2, 4336.06], [128.19, 843.59], [128.18, 710.4], [128.17, 2325.44], [128.16, 1128.21]], "asks": [[128.36, 1763.71], [128.37, 3832.47], [128.38, 361.39], [128.39, 527.58], [128.4, 1928.91], [128.41, 1002.8], [128.42, 876.27], [128.43, 1679.87], [128.44, 1761.31], [128.45, 780.74], [128.46, 1502.6], [128.47, 1411.08], [128.48, 3048.37], [128.49, 1297.64], [128.5, 853.55], [128.51, 1588.89], [128.52, 1443.63], [128.53, 718.18], [128.54, 2601.42], [128.55, 1993.06]], "timestamp": "2025-12-16T10:48:14.906257+00:00"}, {"symbol": "SOLUSDT", "bids": [[128.27, 543.52], [128.26, 1838.38], [128.25, 1287.99], [128.24, 2005.76], [128.23, 2185.51], [128.22, 2499.15], [128.21, 2196.88], [128.2, 1779.02], [128.19, 1054.02], [128.18, 836.57], [128.17, 1234.14], [128.16, 2863.25], [128.15, 1290.29], [128.14, 2182.14], [128.13, 669.24], [128.12, 966.97], [128.11, 1198.55], [128.1, 2450.72], [128.09, 870.48], [128.08, 1457.89]], "asks": [[128.28, 1146.63], [128.29, 799.15], [128.3, 1439.31], [128.31, 1237.63], [128.32, 975.91], [128.33, 1020.12], [128.34, 1913.42], [128.35, 3561.4], [128.36, 1241.61], [128.37, 1283.9], [128.38, 2604.75], [128.39, 1275.83], [128.4, 1623.25], [128.41, 968.87], [128.42, 1194.47], [128.43, 1007.96], [128.44, 2599.32], [128.45, 1577.13], [128.46, 965.68], [128.47, 1962.27]], "timestamp": "2025-12-16T10:49:06.838646+00:00"}, {"symbol": "SOLUSDT", "bids": [[128.22, 935.57], [128.21, 2180.48], [128.2, 870.64], [128.19, 734.11], [128.18, 1434.15], [128.17, 2428.67], [128.16, 1321.77], [128.15, 1381.71], [128.14, 643.83], [128.13, 1438.43], [128.12, 2798.77], [128.11, 709.62], [128.1, 1351.54], [128.09, 1184.33], [128.08, 2784.02], [128.07, 2777.24], [128.06, 832.7], [128.05, 539.28], [128.04, 967.45], [128.03, 2334.39]], "asks": [[128.23, 331.42], [128.24, 540.22], [128.25, 1029.67], [128.26, 1194.69], [128.27, 1360.35], [128.28, 1841.11], [128.29, 2084.56], [128.3, 2069.16], [128.31, 1827.57], [128.32, 3060.24], [128.33, 667.8], [128.34, 1542.07], [128.35, 3399.22], [128.36, 780.68], [128.37, 1130.35], [128.38, 1022.43], [128.39, 1219.46], [128.4, 1321.14], [128.41, 2040.4], [128.42, 2520.65]], "timestamp": "2025-12-16T10:49:59.080370+00:00"}, {"symbol": "SOLUSDT", "bids": [[128.1, 1843.3], [128.09, 410.36], [128.08, 1286.92], [128.07, 489.77], [128.06, 1000.07], [128.05, 1644.46], [128.04, 1727.71], [128.03, 1310.41], [128.02, 1761.73], [128.01, 3820.66], [128.0, 2443.15], [127.99, 752.47], [127.98, 1288.82], [127.97, 2015.34], [127.96, 1479.63], [127.95, 649.62], [127.94, 1417.46], [127.93, 2435.43], [127.92, 2456.09], [127.91, 2805.76]], "asks": [[128.11, 1044.49], [128.12, 959.22], [128.13, 1719.98], [128.14, 1859.82], [128.15, 2109.49], [128.16, 1522.06], [128.17, 2194.64], [128.18, 1719.53], [128.19, 1381.73], [128.2, 3385.46], [128.21, 469.1], [128.22, 968.58], [128.23, 1807.72], [128.24, 1128.17], [128.25, 1285.64], [128.26, 1525.78], [128.27, 846.91], [128.28, 2288.84], [128.29, 970.44], [128.3, 2681.67]], "timestamp": "2025-12-16T10:50:52.079784+00:00"}, {"symbol": "SOLUSDT", "bids": [[127.9, 123.37], [127.89, 188.74], [127.88, 1174.25], [127.87, 850.92], [127.86, 1730.01], [127.85, 1407.72], [127.84, 1106.08], [127.83, 1060.85], [127.82, 1378.4], [127.81, 970.06], [127.8, 1207.77], [127.79, 3543.75], [127.78, 3017.26], [127.77, 1021.92], [127.76, 1496.16], [127.75, 2179.49], [127.74, 1080.78], [127.73, 2594.08], [127.72, 1119.49], [127.71, 708.07]], "asks": [[127.91, 1425.28], [127.92, 742.15], [127.93, 1432.09], [127.94, 1184.27], [127.95, 3043.59], [127.96, 2023.11], [127.97, 1476.26], [127.98, 1041.3], [127.99, 1295.56], [128.0, 4000.48], [128.01, 1114.79], [128.02, 1225.82], [128.03, 497.3], [128.04, 882.95], [128.05, 1327.04], [128.06, 1162.61], [128.07, 989.62], [128.08, 1431.16], [128.09, 1043.66], [128.1, 1038.95]], "timestamp": "2025-12-16T10:51:44.251659+00:00"}, {"symbol": "SOLUSDT", "bids": [[128.19, 751.03], [128.18, 273.17], [128.17, 887.45], [128.16, 1289.5], [128.15, 1622.39], [128.14, 1450.68], [128.13, 972.87], [128.12, 924.26], [128.11, 1481.65], [128.1, 2702.08], [128.09, 768.25], [128.08, 1433.61], [128.07, 1327.97], [128.06, 3283.19], [128.05, 1341.12], [128.04, 2727.56], [128.03, 726.43], [128.02, 1241.82], [128.01, 2465.7], [128.0, 1084.59]], "asks": [[128.2, 735.58], [128.21, 1059.95], [128.22, 2646.55], [128.23, 2028.55], [128.24, 1952.58], [128.25, 2589.79], [128.26, 2461.1], [128.27, 1303.57], [128.28, 1558.53], [128.29, 1571.2], [128.3, 4573.8], [128.31, 3573.63], [128.32, 862.77], [128.33, 1935.95], [128.34, 1831.38], [128.35, 2630.6], [128.36, 2043.33], [128.37, 1658.05], [128.38, 748.23], [128.39, 708.77]], "timestamp": "2025-12-16T10:52:35.888616+00:00"}, {"symbol": "SOLUSDT", "bids": [[128.21, 490.69], [128.2, 518.54], [128.19, 801.68], [128.18, 1109.58], [128.17, 1643.87], [128.16, 1474.55], [128.15, 1859.42], [128.14, 1842.73], [128.13, 727.58], [128.12, 1458.54], [128.11, 2894.93], [128.1, 927.24], [128.09, 1721.39], [128.08, 1423.64], [128.07, 773.99], [128.06, 751.29], [128.05, 1492.4], [128.04, 3203.56], [128.03, 3726.67], [128.02, 921.94]], "asks": [[128.22, 1870.11], [128.23, 2558.35], [128.24, 816.72], [128.25, 1090.94], [128.26, 1318.2], [128.27, 1545.67], [128.28, 1781.84], [128.29, 1983.88], [128.3, 3097.64], [128.31, 3205.84], [128.32, 642.95], [128.33, 898.54], [128.34, 1892.58], [128.35, 2805.06], [128.36, 833.93], [128.37, 2080.12], [128.38, 1177.97], [128.39, 2988.27], [128.4, 2808.65], [128.41, 1315.81]], "timestamp": "2025-12-16T10:53:27.934310+00:00"}, {"symbol": "SOLUSDT", "bids": [[128.35, 928.38], [128.34, 488.56], [128.33, 862.45], [128.32, 1519.75], [128.31, 1329.89], [128.3, 1657.43], [128.29, 1005.66], [128.28, 1920.1], [128.27, 833.59], [128.26, 1165.36], [128.25, 3047.29], [128.24, 1462.12], [128.23, 3296.77], [128.22, 1041.97], [128.21, 685.58], [128.2, 1002.81], [128.19, 999.89], [128.18, 1497.74], [128.17, 4368.49], [128.16, 1416.11]], "asks": [[128.36, 1677.77], [128.37, 416.35], [128.38, 826.79], [128.39, 1776.05], [128.4, 1695.62], [128.41, 1113.0], [128.42, 1381.46], [128.43, 1385.06], [128.44, 2238.78], [128.45, 3253.58], [128.46, 1283.12], [128.47, 1219.67], [128.48, 2457.24], [128.49, 1285.21], [128.5, 1948.3], [128.51, 1580.53], [128.52, 2103.88], [128.53, 476.18], [128.54, 965.38], [128.55, 2573.63]], "timestamp": "2025-12-16T10:54:20.041251+00:00"}, {"symbol": "SOLUSDT", "bids": [[128.4, 2152.77], [128.39, 218.99], [128.38, 530.02], [128.37, 963.36], [128.36, 1954.06], [128.35, 1987.3], [128.34, 2085.59], [128.33, 1249.64], [128.32, 935.87], [128.31, 3218.92], [128.3, 1393.3], [128.29, 2633.58], [128.28, 933.92], [128.27, 1660.44], [128.26, 890.31], [128.25, 1359.6], [128.24, 3660.79], [128.23, 821.44], [128.22, 1669.86], [128.21, 748.37]], "asks": [[128.41, 110.05], [128.42, 892.6], [128.43, 889.83], [128.44, 1864.25], [128.45, 2194.29], [128.46, 1524.01], [128.47, 1371.21], [128.48, 2118.22], [128.49, 2115.28], [128.5, 7243.7], [128.51, 2072.86], [128.52, 3960.92], [128.53, 1138.27], [128.54, 562.27], [128.55, 1281.54], [128.56, 1541.84], [128.57, 2979.64], [128.58, 566.92], [128.59, 1551.93], [128.6, 699.86]], "timestamp": "2025-12-16T10:55:12.150515+00:00"}, {"symbol": "SOLUSDT", "bids": [[128.37, 2092.71], [128.36, 490.93], [128.35, 1142.08], [128.34, 1022.53], [128.33, 1505.82], [128.32, 1608.28], [128.31, 2378.94], [128.3, 2338.74], [128.29, 2441.75], [128.28, 712.38], [128.27, 2855.28], [128.26, 1148.05], [128.25, 807.36], [128.24, 1888.84], [128.23, 748.68], [128.22, 1339.79], [128.21, 732.25], [128.2, 908.95], [128.19, 1307.3], [128.18, 2621.04]], "asks": [[128.38, 569.92], [128.39, 849.76], [128.4, 1672.71], [128.41, 812.45], [128.42, 1746.0], [128.43, 2157.77], [128.44, 1672.96], [128.45, 1191.99], [128.46, 1633.49], [128.47, 2027.71], [128.48, 3475.94], [128.49, 2078.27], [128.5, 2729.18], [128.51, 1133.27], [128.52, 1780.93], [128.53, 812.15], [128.54, 1727.71], [128.55, 1545.69], [128.56, 3306.4], [128.57, 1837.66]], "timestamp": "2025-12-16T10:56:03.558947+00:00"}, {"symbol": "SOLUSDT", "bids": [[128.44, 611.12], [128.43, 1084.32], [128.42, 2702.34], [128.41, 1088.29], [128.4, 1333.29], [128.39, 2742.34], [128.38, 3229.82], [128.37, 2491.38], [128.36, 1689.79], [128.35, 1959.34], [128.34, 1379.23], [128.33, 2992.09], [128.32, 983.96], [128.31, 1231.08], [128.3, 2298.29], [128.29, 2153.24], [128.28, 825.76], [128.27, 921.83], [128.26, 1511.8], [128.25, 2241.09]], "asks": [[128.45, 539.64], [128.46, 645.89], [128.47, 1374.88], [128.48, 1709.81], [128.49, 1958.97], [128.5, 3609.0], [128.51, 1268.05], [128.52, 2104.03], [128.53, 1478.8], [128.54, 3495.38], [128.55, 1528.63], [128.56, 1801.21], [128.57, 1204.51], [128.58, 2238.69], [128.59, 1343.01], [128.6, 1139.6], [128.61, 1994.54], [128.62, 2561.21], [128.63, 2207.01], [128.64, 836.72]], "timestamp": "2025-12-16T10:56:55.747342+00:00"}, {"symbol": "SOLUSDT", "bids": [[128.63, 951.69], [128.62, 3066.76], [128.61, 475.52], [128.6, 1084.3], [128.59, 2513.43], [128.58, 1855.95], [128.57, 2612.72], [128.56, 5199.15], [128.55, 1145.83], [128.54, 958.35], [128.53, 1320.6], [128.52, 3283.65], [128.51, 1414.55], [128.5, 1082.01], [128.49, 836.43], [128.48, 2008.19], [128.47, 1185.3], [128.46, 2437.03], [128.45, 5443.82], [128.44, 2483.52]], "asks": [[128.64, 82.3], [128.65, 397.57], [128.66, 822.55], [128.67, 1152.37], [128.68, 2482.56], [128.69, 1841.89], [128.7, 1736.72], [128.71, 903.74], [128.72, 1989.13], [128.73, 3822.63], [128.74, 1580.32], [128.75, 1044.0], [128.76, 1284.08], [128.77, 1464.51], [128.78, 1364.26], [128.79, 2482.49], [128.8, 3326.75], [128.81, 1420.9], [128.82, 998.64], [128.83, 867.31]], "timestamp": "2025-12-16T10:57:48.549464+00:00"}, {"symbol": "SOLUSDT", "bids": [[128.48, 1399.34], [128.47, 2150.62], [128.46, 1929.27], [128.45, 1889.06], [128.44, 2057.17], [128.43, 2010.83], [128.42, 1270.89], [128.41, 1255.46], [128.4, 1353.4], [128.39, 1560.83], [128.38, 1817.66], [128.37, 3081.25], [128.36, 1575.86], [128.35, 863.21], [128.34, 1915.24], [128.33, 1054.47], [128.32, 895.3], [128.31, 1386.11], [128.3, 2608.64], [128.29, 1226.22]], "asks": [[128.49, 712.98], [128.5, 1001.86], [128.51, 913.39], [128.52, 1638.45], [128.53, 1401.47], [128.54, 1255.49], [128.55, 1497.39], [128.56, 1585.84], [128.57, 2928.61], [128.58, 778.38], [128.59, 756.12], [128.6, 1542.8], [128.61, 1139.35], [128.62, 1555.95], [128.63, 2148.62], [128.64, 903.52], [128.65, 618.61], [128.66, 1203.37], [128.67, 1945.52], [128.68, 1485.8]], "timestamp": "2025-12-16T10:58:41.635525+00:00"}, {"symbol": "SOLUSDT", "bids": [[128.47, 536.01], [128.46, 310.85], [128.45, 911.28], [128.44, 1399.94], [128.43, 1159.85], [128.42, 1694.69], [128.41, 1231.53], [128.4, 992.27], [128.39, 1244.09], [128.38, 1513.4], [128.37, 2739.47], [128.36, 1465.13], [128.35, 1084.3], [128.34, 3432.32], [128.33, 1209.49], [128.32, 1275.06], [128.31, 2780.47], [128.3, 3213.86], [128.29, 1203.55], [128.28, 914.4]], "asks": [[128.48, 1323.12], [128.49, 624.78], [128.5, 1178.22], [128.51, 1017.89], [128.52, 2122.88], [128.53, 1440.32], [128.54, 1191.95], [128.55, 1917.83], [128.56, 1972.56], [128.57, 2696.52], [128.58, 2999.34], [128.59, 974.13], [128.6, 1215.7], [128.61, 2080.85], [128.62, 1197.73], [128.63, 1930.19], [128.64, 1997.2], [128.65, 981.48], [128.66, 2224.11], [128.67, 1124.17]], "timestamp": "2025-12-16T10:59:34.099896+00:00"}, {"symbol": "SOLUSDT", "bids": [[128.49, 1092.22], [128.48, 649.01], [128.47, 1077.6], [128.46, 1212.26], [128.45, 1849.91], [128.44, 2388.5], [128.43, 927.02], [128.42, 1793.28], [128.41, 3456.09], [128.4, 1141.57], [128.39, 962.23], [128.38, 1088.42], [128.37, 916.07], [128.36, 2435.92], [128.35, 1024.22], [128.34, 2466.04], [128.33, 1353.27], [128.32, 1281.81], [128.31, 3011.71], [128.3, 3486.12]], "asks": [[128.5, 765.89], [128.51, 559.82], [128.52, 890.9], [128.53, 2719.07], [128.54, 2296.97], [128.55, 1411.52], [128.56, 1145.79], [128.57, 1909.4], [128.58, 857.96], [128.59, 1158.62], [128.6, 3407.49], [128.61, 2361.29], [128.62, 1282.26], [128.63, 1429.92], [128.64, 1503.58], [128.65, 907.68], [128.66, 2254.31], [128.67, 658.49], [128.68, 1785.71], [128.69, 3108.33]], "timestamp": "2025-12-16T11:00:25.864629+00:00"}, {"symbol": "SOLUSDT", "bids": [[128.36, 2310.42], [128.35, 2211.09], [128.34, 1944.36], [128.33, 1172.73], [128.32, 1932.32], [128.31, 2766.34], [128.3, 1384.27], [128.29, 1086.44], [128.28, 1098.22], [128.27, 1008.8], [128.26, 716.64], [128.25, 763.67], [128.24, 3166.15], [128.23, 1022.76], [128.22, 2423.09], [128.21, 762.04], [128.2, 2420.22], [128.19, 1015.54], [128.18, 681.87], [128.17, 2370.3]], "asks": [[128.37, 36.69], [128.38, 664.55], [128.39, 1380.0], [128.4, 1068.3], [128.41, 1205.14], [128.42, 1494.28], [128.43, 1541.84], [128.44, 1308.7], [128.45, 1662.38], [128.46, 1089.49], [128.47, 1492.18], [128.48, 1363.55], [128.49, 4738.06], [128.5, 2710.76], [128.51, 890.94], [128.52, 1121.56], [128.53, 1290.2], [128.54, 733.24], [128.55, 2788.27], [128.56, 762.94]], "timestamp": "2025-12-16T11:01:17.521103+00:00"}, {"symbol": "SOLUSDT", "bids": [[128.37, 663.61], [128.36, 982.46], [128.35, 845.04], [128.34, 1141.27], [128.33, 1459.82], [128.32, 1515.71], [128.31, 1952.12], [128.3, 1639.62], [128.29, 3804.25], [128.28, 1387.05], [128.27, 1150.12], [128.26, 948.73], [128.25, 1445.08], [128.24, 1046.29], [128.23, 2061.56], [128.22, 1583.17], [128.21, 1241.0], [128.2, 3928.38], [128.19, 1305.74], [128.18, 2323.26]], "asks": [[128.38, 1948.0], [128.39, 1291.87], [128.4, 2497.86], [128.41, 967.94], [128.42, 1382.16], [128.43, 2309.66], [128.44, 1462.25], [128.45, 1049.33], [128.46, 1205.26], [128.47, 1941.11], [128.48, 3221.0], [128.49, 1088.58], [128.5, 1182.62], [128.51, 853.29], [128.52, 982.35], [128.53, 1591.32], [128.54, 3256.07], [128.55, 1610.28], [128.56, 2058.09], [128.57, 1588.43]], "timestamp": "2025-12-16T11:02:09.577588+00:00"}, {"symbol": "SOLUSDT", "bids": [[128.09, 1071.56], [128.08, 1164.96], [128.07, 1618.1], [128.06, 2985.76], [128.05, 2756.6], [128.04, 1380.47], [128.03, 1752.25], [128.02, 837.16], [128.01, 1598.39], [128.0, 3328.39], [127.99, 837.98], [127.98, 778.64], [127.97, 858.75], [127.96, 1184.39], [127.95, 2208.1], [127.94, 891.41], [127.93, 1590.95], [127.92, 2894.98], [127.91, 663.3], [127.9, 1342.47]], "asks": [[128.1, 615.15], [128.11, 258.47], [128.12, 763.26], [128.13, 1249.11], [128.14, 1941.14], [128.15, 1941.75], [128.16, 3348.46], [128.17, 10597.12], [128.18, 1279.75], [128.19, 1146.67], [128.2, 1416.72], [128.21, 768.3], [128.22, 1283.29], [128.23, 3411.23], [128.24, 1940.65], [128.25, 1156.84], [128.26, 989.49], [128.27, 1861.43], [128.28, 2905.51], [128.29, 938.11]], "timestamp": "2025-12-16T11:03:02.067562+00:00"}, {"symbol": "SOLUSDT", "bids": [[128.26, 306.23], [128.25, 278.26], [128.24, 809.13], [128.23, 1665.17], [128.22, 2208.97], [128.21, 2739.7], [128.2, 1675.03], [128.19, 1617.63], [128.18, 1099.54], [128.17, 2635.27], [128.16, 1298.98], [128.15, 1145.56], [128.14, 871.38], [128.13, 1008.06], [128.12, 1305.24], [128.11, 1240.84], [128.1, 2655.55], [128.09, 3036.01], [128.08, 2504.31], [128.07, 687.15]], "asks": [[128.27, 1637.69], [128.28, 580.44], [128.29, 1093.69], [128.3, 1326.13], [128.31, 1412.87], [128.32, 1359.49], [128.33, 1717.7], [128.34, 1540.53], [128.35, 1326.17], [128.36, 2506.47], [128.37, 2670.09], [128.38, 788.84], [128.39, 2233.49], [128.4, 1968.41], [128.41, 1252.22], [128.42, 969.46], [128.43, 1027.47], [128.44, 2071.52], [128.45, 3297.17], [128.46, 925.26]], "timestamp": "2025-12-16T11:03:54.372643+00:00"}, {"symbol": "SOLUSDT", "bids": [[128.54, 1090.21], [128.53, 840.08], [128.52, 1667.3], [128.51, 1265.63], [128.5, 1496.98], [128.49, 1184.97], [128.48, 2125.83], [128.47, 1676.08], [128.46, 1302.05], [128.45, 2674.55], [128.44, 1172.09], [128.43, 929.26], [128.42, 1950.26], [128.41, 678.26], [128.4, 982.67], [128.39, 936.43], [128.38, 1852.35], [128.37, 2605.97], [128.36, 3756.95], [128.35, 862.15]], "asks": [[128.55, 507.61], [128.56, 416.9], [128.57, 1093.39], [128.58, 1707.76], [128.59, 1985.16], [128.6, 2378.02], [128.61, 1947.07], [128.62, 1535.39], [128.63, 1369.38], [128.64, 2101.53], [128.65, 1536.24], [128.66, 4119.77], [128.67, 1243.64], [128.68, 2175.81], [128.69, 1099.26], [128.7, 1308.85], [128.71, 1559.72], [128.72, 3206.66], [128.73, 936.04], [128.74, 1187.23]], "timestamp": "2025-12-16T11:04:47.371005+00:00"}, {"symbol": "SOLUSDT", "bids": [[128.3, 918.93], [128.29, 651.72], [128.28, 308.41], [128.27, 775.77], [128.26, 1115.23], [128.25, 2067.06], [128.24, 1813.7], [128.23, 1011.81], [128.22, 1505.49], [128.21, 1263.27], [128.2, 2266.91], [128.19, 1179.9], [128.18, 2359.0], [128.17, 1033.76], [128.16, 2223.65], [128.15, 798.2], [128.14, 957.79], [128.13, 1337.69], [128.12, 3431.76], [128.11, 1045.52]], "asks": [[128.31, 313.34], [128.32, 968.05], [128.33, 1519.43], [128.34, 952.58], [128.35, 2571.18], [128.36, 2130.88], [128.37, 2856.23], [128.38, 1142.4], [128.39, 1939.48], [128.4, 1928.01], [128.41, 4078.51], [128.42, 1393.76], [128.43, 1132.77], [128.44, 680.17], [128.45, 1258.3], [128.46, 2039.48], [128.47, 1598.69], [128.48, 1066.02], [128.49, 952.29], [128.5, 813.22]], "timestamp": "2025-12-16T11:05:41.059498+00:00"}, {"symbol": "SOLUSDT", "bids": [[128.17, 707.23], [128.16, 235.99], [128.15, 733.46], [128.14, 1170.78], [128.13, 1603.21], [128.12, 1679.59], [128.11, 2311.73], [128.1, 2502.98], [128.09, 1400.57], [128.08, 3386.05], [128.07, 930.35], [128.06, 1273.09], [128.05, 1935.89], [128.04, 884.01], [128.03, 1798.58], [128.02, 1215.9], [128.01, 3091.26], [128.0, 3608.87], [127.99, 2405.74], [127.98, 882.98]], "asks": [[128.18, 587.23], [128.19, 716.1], [128.2, 1539.75], [128.21, 1470.25], [128.22, 1789.1], [128.23, 1506.06], [128.24, 1650.71], [128.25, 1215.29], [128.26, 1497.45], [128.27, 3496.94], [128.28, 1035.2], [128.29, 836.29], [128.3, 1194.74], [128.31, 924.38], [128.32, 1552.81], [128.33, 1850.2], [128.34, 1085.88], [128.35, 2122.72], [128.36, 3277.48], [128.37, 811.18]], "timestamp": "2025-12-16T11:06:33.801243+00:00"}, {"symbol": "SOLUSDT", "bids": [[128.24, 716.24], [128.23, 400.8], [128.22, 657.12], [128.21, 1083.95], [128.2, 1736.76], [128.19, 1566.45], [128.18, 1586.87], [128.17, 1071.79], [128.16, 2063.57], [128.15, 2442.06], [128.14, 810.73], [128.13, 1080.55], [128.12, 995.13], [128.11, 1170.42], [128.1, 876.02], [128.09, 2216.67], [128.08, 2545.12], [128.07, 1690.47], [128.06, 3940.44], [128.05, 1013.75]], "asks": [[128.25, 1340.69], [128.26, 970.36], [128.27, 1638.94], [128.28, 1154.49], [128.29, 1891.4], [128.3, 1504.13], [128.31, 972.42], [128.32, 1417.22], [128.33, 1431.64], [128.34, 1622.03], [128.35, 3586.84], [128.36, 1273.61], [128.37, 859.71], [128.38, 1296.04], [128.39, 1811.59], [128.4, 1995.31], [128.41, 1145.96], [128.42, 2023.86], [128.43, 1081.78], [128.44, 2230.53]], "timestamp": "2025-12-16T11:07:25.529676+00:00"}, {"symbol": "SOLUSDT", "bids": [[128.26, 1843.33], [128.25, 1127.65], [128.24, 921.28], [128.23, 606.9], [128.22, 1325.68], [128.21, 1381.03], [128.2, 1862.64], [128.19, 871.51], [128.18, 989.59], [128.17, 2628.12], [128.16, 939.98], [128.15, 1105.29], [128.14, 1098.89], [128.13, 1836.39], [128.12, 971.44], [128.11, 1195.55], [128.1, 715.26], [128.09, 1088.2], [128.08, 2449.72], [128.07, 1715.52]], "asks": [[128.27, 99.02], [128.28, 466.87], [128.29, 570.41], [128.3, 1025.05], [128.31, 1932.8], [128.32, 2329.52], [128.33, 1703.63], [128.34, 1281.44], [128.35, 1654.77], [128.36, 1581.08], [128.37, 3718.1], [128.38, 1182.17], [128.39, 2510.22], [128.4, 1302.64], [128.41, 1252.49], [128.42, 1596.17], [128.43, 808.35], [128.44, 695.04], [128.45, 877.71], [128.46, 815.36]], "timestamp": "2025-12-16T11:08:18.040199+00:00"}, {"symbol": "SOLUSDT", "bids": [[128.26, 727.31], [128.25, 398.99], [128.24, 528.75], [128.23, 903.92], [128.22, 879.77], [128.21, 1355.03], [128.2, 1318.4], [128.19, 1189.77], [128.18, 969.25], [128.17, 1110.32], [128.16, 2471.09], [128.15, 1487.76], [128.14, 3613.92], [128.13, 996.22], [128.12, 1124.59], [128.11, 2813.21], [128.1, 1559.2], [128.09, 859.6], [128.08, 2729.85], [128.07, 1200.86]], "asks": [[128.27, 1929.56], [128.28, 1308.45], [128.29, 1125.72], [128.3, 2509.74], [128.31, 3475.7], [128.32, 2471.96], [128.33, 2536.41], [128.34, 4099.56], [128.35, 2639.12], [128.36, 1978.21], [128.37, 1391.18], [128.38, 3486.33], [128.39, 1411.47], [128.4, 1753.84], [128.41, 629.87], [128.42, 1283.2], [128.43, 972.31], [128.44, 1111.26], [128.45, 2629.98], [128.46, 1467.7]], "timestamp": "2025-12-16T11:09:10.376393+00:00"}, {"symbol": "SOLUSDT", "bids": [[128.28, 1194.47], [128.27, 1172.29], [128.26, 983.67], [128.25, 1430.16], [128.24, 1492.92], [128.23, 1284.46], [128.22, 1286.15], [128.21, 1198.29], [128.2, 3161.45], [128.19, 915.06], [128.18, 870.19], [128.17, 1880.66], [128.16, 1181.83], [128.15, 2809.86], [128.14, 1317.17], [128.13, 1059.51], [128.12, 2465.0], [128.11, 2494.21], [128.1, 1573.98], [128.09, 913.02]], "asks": [[128.29, 79.94], [128.3, 266.26], [128.31, 1017.94], [128.32, 1297.63], [128.33, 2089.89], [128.34, 3938.82], [128.35, 3144.41], [128.36, 1387.18], [128.37, 1297.57], [128.38, 965.95], [128.39, 1936.5], [128.4, 4114.11], [128.41, 1332.7], [128.42, 1560.34], [128.43, 801.1], [128.44, 901.56], [128.45, 1388.72], [128.46, 2418.28], [128.47, 774.73], [128.48, 1968.99]], "timestamp": "2025-12-16T11:10:02.120537+00:00"}