[{"id": "1012952524", "price": 128.47, "amount": 0.11, "side": "buy", "timestamp": 1765928563115}, {"id": "1012952525", "price": 128.47, "amount": 0.18, "side": "buy", "timestamp": 1765928563787}, {"id": "1012952526", "price": 128.46, "amount": 0.11, "side": "sell", "timestamp": 1765928564114}, {"id": "1012952527", "price": 128.46, "amount": 2.24, "side": "sell", "timestamp": 1765928564978}, {"id": "1012952528", "price": 128.47, "amount": 0.11, "side": "buy", "timestamp": 1765928565161}, {"id": "1012952529", "price": 128.47, "amount": 0.11, "side": "buy", "timestamp": 1765928567207}, {"id": "1012952530", "price": 128.46, "amount": 0.11, "side": "sell", "timestamp": 1765928567211}, {"id": "1012952531", "price": 128.46, "amount": 123.61, "side": "sell", "timestamp": 1765928567562}, {"id": "1012952532", "price": 128.45, "amount": 3.08, "side": "sell", "timestamp": 1765928567722}, {"id": "1012952533", "price": 128.45, "amount": 0.05, "side": "buy", "timestamp": 1765928567857}, {"id": "1012952534", "price": 128.44, "amount": 15.56, "side": "sell", "timestamp": 1765928567922}, {"id": "1012952535", "price": 128.45, "amount": 7.77, "side": "buy", "timestamp": 1765928568183}, {"id": "1012952536", "price": 128.45, "amount": 80.19, "side": "buy", "timestamp": 1765928568918}, {"id": "1012952537", "price": 128.46, "amount": 2.64, "side": "buy", "timestamp": 1765928569034}, {"id": "1012952538", "price": 128.47, "amount": 0.86, "side": "buy", "timestamp": 1765928569095}, {"id": "1012952539", "price": 128.46, "amount": 0.11, "side": "sell", "timestamp": 1765928570096}, {"id": "1012952540", "price": 128.46, "amount": 1.57, "side": "sell", "timestamp": 1765928570343}, {"id": "1012952541", "price": 128.47, "amount": 0.11, "side": "buy", "timestamp": 1765928571195}, {"id": "1012952542", "price": 128.47, "amount": 0.04, "side": "buy", "timestamp": 1765928571361}, {"id": "1012952543", "price": 128.47, "amount": 0.06, "side": "buy", "timestamp": 1765928572184}, {"id": "1012952544", "price": 128.46, "amount": 3.88, "side": "sell", "timestamp": 1765928572313}, {"id": "1012952545", "price": 128.47, "amount": 3.89, "side": "buy", "timestamp": 1765928572496}, {"id": "1012952546", "price": 128.47, "amount": 0.11, "side": "buy", "timestamp": 1765928573006}, {"id": "1012952547", "price": 128.46, "amount": 0.11, "side": "sell", "timestamp": 1765928573135}, {"id": "1012952548", "price": 128.47, "amount": 0.11, "side": "buy", "timestamp": 1765928575049}, {"id": "1012952549", "price": 128.46, "amount": 0.06, "side": "sell", "timestamp": 1765928575425}, {"id": "1012952550", "price": 128.46, "amount": 0.11, "side": "sell", "timestamp": 1765928576160}, {"id": "1012952551", "price": 128.47, "amount": 0.11, "side": "buy", "timestamp": 1765928577078}, {"id": "1012952552", "price": 128.47, "amount": 0.22, "side": "buy", "timestamp": 1765928577713}, {"id": "1012952553", "price": 128.47, "amount": 120.3, "side": "buy", "timestamp": 1765928577951}, {"id": "1012952554", "price": 128.48, "amount": 0.95, "side": "buy", "timestamp": 1765928577960}, {"id": "1012952555", "price": 128.48, "amount": 23.35, "side": "buy", "timestamp": 1765928579035}, {"id": "1012952556", "price": 128.48, "amount": 3.9, "side": "buy", "timestamp": 1765928579161}, {"id": "1012952557", "price": 128.47, "amount": 0.11, "side": "sell", "timestamp": 1765928579192}, {"id": "1012952558", "price": 128.47, "amount": 16.24, "side": "sell", "timestamp": 1765928580484}, {"id": "1012952559", "price": 128.47, "amount": 39.83, "side": "buy", "timestamp": 1765928580495}, {"id": "1012952560", "price": 128.47, "amount": 1.67, "side": "buy", "timestamp": 1765928580877}, {"id": "1012952561", "price": 128.46, "amount": 0.55, "side": "sell", "timestamp": 1765928580987}, {"id": "1012952562", "price": 128.46, "amount": 0.24, "side": "sell", "timestamp": 1765928581152}, {"id": "1012952563", "price": 128.47, "amount": 0.23, "side": "buy", "timestamp": 1765928581313}, {"id": "1012952564", "price": 128.46, "amount": 0.11, "side": "sell", "timestamp": 1765928582008}, {"id": "1012952565", "price": 128.47, "amount": 0.11, "side": "buy", "timestamp": 1765928582015}, {"id": "1012952566", "price": 128.46, "amount": 0.62, "side": "sell", "timestamp": 1765928583394}, {"id": "1012952567", "price": 128.47, "amount": 0.11, "side": "buy", "timestamp": 1765928583447}, {"id": "1012952568", "price": 128.47, "amount": 0.11, "side": "buy", "timestamp": 1765928584045}, {"id": "1012952569", "price": 128.46, "amount": 0.11, "side": "sell", "timestamp": 1765928585050}, {"id": "1012952570", "price": 128.46, "amount": 80.89, "side": "sell", "timestamp": 1765928585893}, {"id": "1012952571", "price": 128.47, "amount": 0.42, "side": "buy", "timestamp": 1765928585929}, {"id": "1012952572", "price": 128.47, "amount": 0.11, "side": "buy", "timestamp": 1765928586074}, {"id": "1012952573", "price": 128.46, "amount": 0.09, "side": "sell", "timestamp": 1765928586459}, {"id": "1012952651", "price": 128.49, "amount": 0.02, "side": "buy", "timestamp": 1765928614989}, {"id": "1012952652", "price": 128.48, "amount": 0.11, "side": "sell", "timestamp": 1765928615085}, {"id": "1012952653", "price": 128.49, "amount": 0.72, "side": "buy", "timestamp": 1765928615211}, {"id": "1012952654", "price": 128.49, "amount": 0.32, "side": "buy", "timestamp": 1765928615820}, {"id": "1012952655", "price": 128.49, "amount": 0.86, "side": "buy", "timestamp": 1765928616215}, {"id": "1012952656", "price": 128.49, "amount": 0.07, "side": "buy", "timestamp": 1765928616506}, {"id": "1012952657", "price": 128.48, "amount": 2.44, "side": "sell", "timestamp": 1765928616897}, {"id": "1012952658", "price": 128.48, "amount": 3.37, "side": "sell", "timestamp": 1765928617212}, {"id": "1012952659", "price": 128.49, "amount": 2.52, "side": "buy", "timestamp": 1765928617550}, {"id": "1012952660", "price": 128.48, "amount": 0.11, "side": "sell", "timestamp": 1765928618126}, {"id": "1012952661", "price": 128.49, "amount": 0.1, "side": "buy", "timestamp": 1765928618211}, {"id": "1012952662", "price": 128.49, "amount": 0.09, "side": "buy", "timestamp": 1765928619792}, {"id": "1012952663", "price": 128.48, "amount": 10.35, "side": "sell", "timestamp": 1765928620261}, {"id": "1012952664", "price": 128.49, "amount": 27.27, "side": "buy", "timestamp": 1765928620416}, {"id": "1012952665", "price": 128.5, "amount": 0.95, "side": "buy", "timestamp": 1765928620486}, {"id": "1012952666", "price": 128.49, "amount": 0.11, "side": "sell", "timestamp": 1765928621031}, {"id": "1012952667", "price": 128.5, "amount": 26.13, "side": "buy", "timestamp": 1765928621866}, {"id": "1012952668", "price": 128.5, "amount": 2.52, "side": "sell", "timestamp": 1765928621950}, {"id": "1012952669", "price": 128.5, "amount": 6.8, "side": "sell", "timestamp": 1765928622645}, {"id": "1012952670", "price": 128.51, "amount": 2.91, "side": "buy", "timestamp": 1765928623300}, {"id": "1012952671", "price": 128.5, "amount": 5.65, "side": "sell", "timestamp": 1765928624063}, {"id": "1012952672", "price": 128.5, "amount": 33.18, "side": "sell", "timestamp": 1765928624842}, {"id": "1012952673", "price": 128.51, "amount": 1.0, "side": "buy", "timestamp": 1765928626462}, {"id": "1012952674", "price": 128.5, "amount": 468.03, "side": "sell", "timestamp": 1765928626510}, {"id": "1012952675", "price": 128.5, "amount": 0.9, "side": "buy", "timestamp": 1765928626571}, {"id": "1012952676", "price": 128.5, "amount": 0.02, "side": "buy", "timestamp": 1765928626764}, {"id": "1012952677", "price": 128.49, "amount": 0.11, "side": "sell", "timestamp": 1765928627111}, {"id": "1012952678", "price": 128.5, "amount": 0.09, "side": "buy", "timestamp": 1765928627683}, {"id": "1012952679", "price": 128.5, "amount": 94.66, "side": "buy", "timestamp": 1765928628184}, {"id": "1012952680", "price": 128.51, "amount": 571.64, "side": "buy", "timestamp": 1765928628580}, {"id": "1012952681", "price": 128.52, "amount": 29.35, "side": "buy", "timestamp": 1765928628580}, {"id": "1012952682", "price": 128.52, "amount": 3.9, "side": "buy", "timestamp": 1765928629162}, {"id": "1012952683", "price": 128.51, "amount": 0.11, "side": "sell", "timestamp": 1765928630027}, {"id": "1012952684", "price": 128.52, "amount": 0.07, "side": "buy", "timestamp": 1765928630272}, {"id": "1012952685", "price": 128.52, "amount": 10.47, "side": "buy", "timestamp": 1765928630911}, {"id": "1012952686", "price": 128.52, "amount": 0.01, "side": "buy", "timestamp": 1765928633011}, {"id": "1012952687", "price": 128.51, "amount": 46.71, "side": "sell", "timestamp": 1765928633056}, {"id": "1012952688", "price": 128.5, "amount": 0.08, "side": "sell", "timestamp": 1765928633189}, {"id": "1012952689", "price": 128.51, "amount": 0.05, "side": "buy", "timestamp": 1765928633346}, {"id": "1012952690", "price": 128.51, "amount": 3.9, "side": "buy", "timestamp": 1765928634551}, {"id": "1012952691", "price": 128.51, "amount": 0.04, "side": "buy", "timestamp": 1765928634726}, {"id": "1012952692", "price": 128.51, "amount": 194.53, "side": "buy", "timestamp": 1765928635022}, {"id": "1012952693", "price": 128.5, "amount": 0.1, "side": "sell", "timestamp": 1765928635172}, {"id": "1012952694", "price": 128.51, "amount": 1.44, "side": "buy", "timestamp": 1765928635252}, {"id": "1012952695", "price": 128.5, "amount": 0.25, "side": "sell", "timestamp": 1765928635296}, {"id": "1012952696", "price": 128.51, "amount": 10.11, "side": "buy", "timestamp": 1765928635468}, {"id": "1012952697", "price": 128.5, "amount": 0.11, "side": "sell", "timestamp": 1765928636085}, {"id": "1012952698", "price": 128.51, "amount": 0.05, "side": "buy", "timestamp": 1765928636611}, {"id": "1012952699", "price": 128.51, "amount": 0.03, "side": "buy", "timestamp": 1765928636938}, {"id": "1012952700", "price": 128.5, "amount": 19.25, "side": "sell", "timestamp": 1765928637850}, {"id": "1012952760", "price": 128.53, "amount": 0.42, "side": "sell", "timestamp": 1765928666168}, {"id": "1012952761", "price": 128.53, "amount": 0.57, "side": "sell", "timestamp": 1765928666509}, {"id": "1012952762", "price": 128.54, "amount": 1.03, "side": "buy", "timestamp": 1765928666948}, {"id": "1012952763", "price": 128.54, "amount": 0.11, "side": "buy", "timestamp": 1765928667178}, {"id": "1012952764", "price": 128.54, "amount": 0.32, "side": "buy", "timestamp": 1765928667871}, {"id": "1012952765", "price": 128.53, "amount": 20.0, "side": "sell", "timestamp": 1765928668339}, {"id": "1012952766", "price": 128.54, "amount": 102.36, "side": "buy", "timestamp": 1765928668504}, {"id": "1012952767", "price": 128.54, "amount": 0.4, "side": "sell", "timestamp": 1765928668550}, {"id": "1012952768", "price": 128.54, "amount": 0.11, "side": "sell", "timestamp": 1765928669038}, {"id": "1012952769", "price": 128.55, "amount": 50.0, "side": "buy", "timestamp": 1765928670856}, {"id": "1012952770", "price": 128.55, "amount": 0.01, "side": "buy", "timestamp": 1765928671580}, {"id": "1012952771", "price": 128.54, "amount": 3.87, "side": "sell", "timestamp": 1765928671659}, {"id": "1012952772", "price": 128.54, "amount": 0.11, "side": "sell", "timestamp": 1765928672096}, {"id": "1012952773", "price": 128.55, "amount": 0.03, "side": "buy", "timestamp": 1765928672962}, {"id": "1012952774", "price": 128.55, "amount": 1.41, "side": "buy", "timestamp": 1765928674868}, {"id": "1012952775", "price": 128.54, "amount": 0.11, "side": "sell", "timestamp": 1765928675135}, {"id": "1012952776", "price": 128.55, "amount": 0.03, "side": "buy", "timestamp": 1765928676315}, {"id": "1012952777", "price": 128.55, "amount": 24.34, "side": "buy", "timestamp": 1765928676469}, {"id": "1012952778", "price": 128.55, "amount": 15.62, "side": "buy", "timestamp": 1765928677190}, {"id": "1012952779", "price": 128.55, "amount": 0.03, "side": "buy", "timestamp": 1765928677647}, {"id": "1012952780", "price": 128.54, "amount": 0.11, "side": "sell", "timestamp": 1765928678180}, {"id": "1012952781", "price": 128.54, "amount": 1.13, "side": "sell", "timestamp": 1765928679770}, {"id": "1012952782", "price": 128.54, "amount": 1.07, "side": "sell", "timestamp": 1765928679919}, {"id": "1012952783", "price": 128.55, "amount": 3.68, "side": "buy", "timestamp": 1765928680008}, {"id": "1012952784", "price": 128.54, "amount": 0.42, "side": "sell", "timestamp": 1765928680038}, {"id": "1012952785", "price": 128.55, "amount": 1.13, "side": "buy", "timestamp": 1765928680903}, {"id": "1012952786", "price": 128.54, "amount": 0.11, "side": "sell", "timestamp": 1765928681205}, {"id": "1012952787", "price": 128.55, "amount": 3.9, "side": "buy", "timestamp": 1765928682132}, {"id": "1012952788", "price": 128.55, "amount": 0.88, "side": "buy", "timestamp": 1765928682794}, {"id": "1012952789", "price": 128.55, "amount": 0.04, "side": "buy", "timestamp": 1765928683414}, {"id": "1012952790", "price": 128.54, "amount": 0.11, "side": "sell", "timestamp": 1765928684049}, {"id": "1012952791", "price": 128.54, "amount": 0.11, "side": "sell", "timestamp": 1765928684708}, {"id": "1012952792", "price": 128.54, "amount": 1.58, "side": "sell", "timestamp": 1765928684843}, {"id": "1012952793", "price": 128.54, "amount": 1.12, "side": "sell", "timestamp": 1765928684944}, {"id": "1012952794", "price": 128.55, "amount": 25.0, "side": "buy", "timestamp": 1765928685119}, {"id": "1012952795", "price": 128.55, "amount": 58.36, "side": "buy", "timestamp": 1765928685605}, {"id": "1012952796", "price": 128.55, "amount": 1.0, "side": "sell", "timestamp": 1765928685661}, {"id": "1012952797", "price": 128.55, "amount": 0.05, "side": "sell", "timestamp": 1765928685788}, {"id": "1012952798", "price": 128.55, "amount": 0.11, "side": "sell", "timestamp": 1765928687061}, {"id": "1012952799", "price": 128.56, "amount": 0.21, "side": "buy", "timestamp": 1765928687433}, {"id": "1012952800", "price": 128.55, "amount": 0.28, "side": "sell", "timestamp": 1765928688638}, {"id": "1012952801", "price": 128.56, "amount": 112.78, "side": "buy", "timestamp": 1765928689028}, {"id": "1012952802", "price": 128.57, "amount": 64.87, "side": "buy", "timestamp": 1765928689038}, {"id": "1012952803", "price": 128.58, "amount": 0.1, "side": "buy", "timestamp": 1765928689224}, {"id": "1012952804", "price": 128.57, "amount": 15.69, "side": "sell", "timestamp": 1765928689511}, {"id": "1012952805", "price": 128.58, "amount": 1.39, "side": "buy", "timestamp": 1765928690040}, {"id": "1012952806", "price": 128.57, "amount": 0.11, "side": "sell", "timestamp": 1765928690136}, {"id": "1012952807", "price": 128.58, "amount": 0.25, "side": "buy", "timestamp": 1765928690896}, {"id": "1012952808", "price": 128.58, "amount": 200.0, "side": "buy", "timestamp": 1765928691103}, {"id": "1012952809", "price": 128.58, "amount": 75.03, "side": "buy", "timestamp": 1765928691640}, {"id": "1012952909", "price": 128.59, "amount": 49.71, "side": "buy", "timestamp": 1765928731508}, {"id": "1012952910", "price": 128.59, "amount": 0.16, "side": "sell", "timestamp": 1765928731642}, {"id": "1012952911", "price": 128.59, "amount": 20.79, "side": "sell", "timestamp": 1765928731904}, {"id": "1012952912", "price": 128.6, "amount": 0.05, "side": "buy", "timestamp": 1765928731931}, {"id": "1012952913", "price": 128.59, "amount": 0.26, "side": "sell", "timestamp": 1765928732023}, {"id": "1012952914", "price": 128.6, "amount": 23.31, "side": "buy", "timestamp": 1765928732515}, {"id": "1012952915", "price": 128.6, "amount": 0.46, "side": "buy", "timestamp": 1765928733239}, {"id": "1012952916", "price": 128.6, "amount": 4.06, "side": "buy", "timestamp": 1765928734133}, {"id": "1012952917", "price": 128.6, "amount": 0.05, "side": "buy", "timestamp": 1765928734303}, {"id": "1012952918", "price": 128.6, "amount": 2.8, "side": "buy", "timestamp": 1765928734862}, {"id": "1012952919", "price": 128.6, "amount": 1.96, "side": "buy", "timestamp": 1765928735019}, {"id": "1012952920", "price": 128.59, "amount": 0.11, "side": "sell", "timestamp": 1765928735086}, {"id": "1012952921", "price": 128.6, "amount": 0.19, "side": "buy", "timestamp": 1765928735109}, {"id": "1012952922", "price": 128.59, "amount": 0.09, "side": "sell", "timestamp": 1765928735689}, {"id": "1012952923", "price": 128.6, "amount": 0.36, "side": "buy", "timestamp": 1765928736031}, {"id": "1012952924", "price": 128.6, "amount": 810.87, "side": "buy", "timestamp": 1765928737626}, {"id": "1012952925", "price": 128.61, "amount": 81.94, "side": "buy", "timestamp": 1765928737671}, {"id": "1012952926", "price": 128.61, "amount": 0.44, "side": "sell", "timestamp": 1765928737746}, {"id": "1012952927", "price": 128.62, "amount": 0.1, "side": "buy", "timestamp": 1765928737886}, {"id": "1012952928", "price": 128.61, "amount": 15.1, "side": "sell", "timestamp": 1765928737922}, {"id": "1012952929", "price": 128.62, "amount": 0.11, "side": "buy", "timestamp": 1765928737955}, {"id": "1012952930", "price": 128.61, "amount": 0.11, "side": "sell", "timestamp": 1765928738187}, {"id": "1012952931", "price": 128.61, "amount": 7.31, "side": "sell", "timestamp": 1765928738456}, {"id": "1012952932", "price": 128.62, "amount": 0.05, "side": "buy", "timestamp": 1765928738696}, {"id": "1012952933", "price": 128.62, "amount": 0.95, "side": "buy", "timestamp": 1765928739039}, {"id": "1012952934", "price": 128.62, "amount": 0.11, "side": "buy", "timestamp": 1765928739189}, {"id": "1012952935", "price": 128.62, "amount": 75.64, "side": "buy", "timestamp": 1765928739353}, {"id": "1012952936", "price": 128.63, "amount": 56.76, "side": "buy", "timestamp": 1765928739357}, {"id": "1012952937", "price": 128.64, "amount": 1.27, "side": "buy", "timestamp": 1765928739817}, {"id": "1012952938", "price": 128.64, "amount": 3.65, "side": "buy", "timestamp": 1765928739937}, {"id": "1012952939", "price": 128.64, "amount": 0.22, "side": "buy", "timestamp": 1765928740072}, {"id": "1012952940", "price": 128.64, "amount": 41.08, "side": "buy", "timestamp": 1765928740306}, {"id": "1012952941", "price": 128.64, "amount": 1.0, "side": "buy", "timestamp": 1765928740982}, {"id": "1012952942", "price": 128.63, "amount": 0.11, "side": "sell", "timestamp": 1765928741084}, {"id": "1012952943", "price": 128.64, "amount": 10.98, "side": "buy", "timestamp": 1765928741181}, {"id": "1012952944", "price": 128.63, "amount": 10.0, "side": "sell", "timestamp": 1765928741233}, {"id": "1012952945", "price": 128.64, "amount": 33.72, "side": "buy", "timestamp": 1765928741266}, {"id": "1012952946", "price": 128.65, "amount": 19.55, "side": "buy", "timestamp": 1765928741266}, {"id": "1012952947", "price": 128.65, "amount": 0.28, "side": "buy", "timestamp": 1765928741851}, {"id": "1012952948", "price": 128.65, "amount": 9.43, "side": "buy", "timestamp": 1765928742037}, {"id": "1012952949", "price": 128.65, "amount": 0.02, "side": "buy", "timestamp": 1765928742771}, {"id": "1012952950", "price": 128.65, "amount": 13.25, "side": "buy", "timestamp": 1765928743203}, {"id": "1012952951", "price": 128.65, "amount": 8.41, "side": "buy", "timestamp": 1765928743305}, {"id": "1012952952", "price": 128.65, "amount": 171.39, "side": "buy", "timestamp": 1765928743649}, {"id": "1012952953", "price": 128.65, "amount": 0.07, "side": "sell", "timestamp": 1765928743704}, {"id": "1012952954", "price": 128.65, "amount": 0.05, "side": "sell", "timestamp": 1765928743864}, {"id": "1012952955", "price": 128.66, "amount": 40.0, "side": "buy", "timestamp": 1765928744115}, {"id": "1012952956", "price": 128.65, "amount": 0.11, "side": "sell", "timestamp": 1765928744140}, {"id": "1012952957", "price": 128.65, "amount": 0.07, "side": "sell", "timestamp": 1765928744681}, {"id": "1012952958", "price": 128.66, "amount": 2.05, "side": "buy", "timestamp": 1765928744722}, {"id": "1012953105", "price": 128.52, "amount": 50.05, "side": "buy", "timestamp": 1765928788246}, {"id": "1012953106", "price": 128.51, "amount": 7.33, "side": "sell", "timestamp": 1765928788837}, {"id": "1012953107", "price": 128.51, "amount": 0.11, "side": "sell", "timestamp": 1765928789166}, {"id": "1012953108", "price": 128.52, "amount": 0.05, "side": "buy", "timestamp": 1765928789215}, {"id": "1012953109", "price": 128.52, "amount": 0.05, "side": "buy", "timestamp": 1765928789711}, {"id": "1012953110", "price": 128.51, "amount": 173.42, "side": "sell", "timestamp": 1765928790024}, {"id": "1012953111", "price": 128.51, "amount": 4.0, "side": "buy", "timestamp": 1765928790054}, {"id": "1012953112", "price": 128.51, "amount": 0.04, "side": "buy", "timestamp": 1765928790206}, {"id": "1012953113", "price": 128.51, "amount": 0.05, "side": "buy", "timestamp": 1765928790366}, {"id": "1012953114", "price": 128.5, "amount": 196.79, "side": "sell", "timestamp": 1765928790423}, {"id": "1012953115", "price": 128.5, "amount": 0.97, "side": "buy", "timestamp": 1765928790452}, {"id": "1012953116", "price": 128.5, "amount": 0.2, "side": "buy", "timestamp": 1765928790556}, {"id": "1012953117", "price": 128.5, "amount": 0.05, "side": "buy", "timestamp": 1765928790672}, {"id": "1012953118", "price": 128.49, "amount": 42.8, "side": "sell", "timestamp": 1765928790824}, {"id": "1012953119", "price": 128.48, "amount": 0.93, "side": "sell", "timestamp": 1765928791108}, {"id": "1012953120", "price": 128.48, "amount": 7.09, "side": "sell", "timestamp": 1765928791373}, {"id": "1012953121", "price": 128.48, "amount": 83.41, "side": "sell", "timestamp": 1765928791672}, {"id": "1012953122", "price": 128.47, "amount": 0.04, "side": "sell", "timestamp": 1765928791703}, {"id": "1012953123", "price": 128.47, "amount": 0.46, "side": "sell", "timestamp": 1765928791953}, {"id": "1012953124", "price": 128.48, "amount": 63.6, "side": "buy", "timestamp": 1765928792077}, {"id": "1012953125", "price": 128.49, "amount": 8.12, "side": "buy", "timestamp": 1765928792081}, {"id": "1012953126", "price": 128.5, "amount": 0.84, "side": "buy", "timestamp": 1765928792090}, {"id": "1012953127", "price": 128.5, "amount": 54.48, "side": "buy", "timestamp": 1765928792245}, {"id": "1012953128", "price": 128.51, "amount": 0.11, "side": "buy", "timestamp": 1765928792254}, {"id": "1012953129", "price": 128.5, "amount": 0.39, "side": "sell", "timestamp": 1765928792263}, {"id": "1012953130", "price": 128.5, "amount": 0.11, "side": "sell", "timestamp": 1765928792420}, {"id": "1012953131", "price": 128.5, "amount": 0.07, "side": "sell", "timestamp": 1765928792674}, {"id": "1012953132", "price": 128.51, "amount": 0.09, "side": "buy", "timestamp": 1765928792752}, {"id": "1012953133", "price": 128.51, "amount": 0.11, "side": "buy", "timestamp": 1765928793340}, {"id": "1012953134", "price": 128.5, "amount": 4.52, "side": "sell", "timestamp": 1765928793396}, {"id": "1012953135", "price": 128.51, "amount": 3.55, "side": "buy", "timestamp": 1765928793569}, {"id": "1012953136", "price": 128.51, "amount": 0.11, "side": "buy", "timestamp": 1765928794109}, {"id": "1012953137", "price": 128.51, "amount": 0.05, "side": "buy", "timestamp": 1765928794215}, {"id": "1012953138", "price": 128.51, "amount": 0.04, "side": "buy", "timestamp": 1765928794706}, {"id": "1012953139", "price": 128.5, "amount": 0.17, "side": "sell", "timestamp": 1765928794907}, {"id": "1012953140", "price": 128.5, "amount": 0.11, "side": "sell", "timestamp": 1765928795071}, {"id": "1012953141", "price": 128.51, "amount": 0.05, "side": "buy", "timestamp": 1765928795409}, {"id": "1012953142", "price": 128.51, "amount": 81.72, "side": "buy", "timestamp": 1765928795577}, {"id": "1012953143", "price": 128.51, "amount": 77.97, "side": "sell", "timestamp": 1765928795674}, {"id": "1012953144", "price": 128.52, "amount": 0.11, "side": "buy", "timestamp": 1765928796125}, {"id": "1012953145", "price": 128.51, "amount": 0.03, "side": "sell", "timestamp": 1765928796200}, {"id": "1012953146", "price": 128.52, "amount": 0.01, "side": "buy", "timestamp": 1765928796515}, {"id": "1012953147", "price": 128.51, "amount": 87.88, "side": "sell", "timestamp": 1765928796560}, {"id": "1012953148", "price": 128.52, "amount": 0.03, "side": "buy", "timestamp": 1765928796799}, {"id": "1012953149", "price": 128.51, "amount": 361.87, "side": "sell", "timestamp": 1765928796953}, {"id": "1012953150", "price": 128.51, "amount": 1.77, "side": "buy", "timestamp": 1765928797130}, {"id": "1012953151", "price": 128.51, "amount": 0.22, "side": "buy", "timestamp": 1765928797240}, {"id": "1012953152", "price": 128.5, "amount": 1.0, "side": "sell", "timestamp": 1765928797241}, {"id": "1012953153", "price": 128.51, "amount": 0.99, "side": "buy", "timestamp": 1765928797310}, {"id": "1012953154", "price": 128.51, "amount": 1.14, "side": "buy", "timestamp": 1765928797520}, {"id": "1012953283", "price": 128.51, "amount": 65.34, "side": "sell", "timestamp": 1765928835892}, {"id": "1012953284", "price": 128.51, "amount": 0.11, "side": "sell", "timestamp": 1765928836022}, {"id": "1012953285", "price": 128.52, "amount": 36.8, "side": "buy", "timestamp": 1765928836532}, {"id": "1012953286", "price": 128.53, "amount": 7.5, "side": "buy", "timestamp": 1765928836608}, {"id": "1012953287", "price": 128.53, "amount": 6.1, "side": "buy", "timestamp": 1765928836892}, {"id": "1012953288", "price": 128.53, "amount": 1.64, "side": "buy", "timestamp": 1765928838350}, {"id": "1012953289", "price": 128.54, "amount": 73.5, "side": "buy", "timestamp": 1765928838404}, {"id": "1012953290", "price": 128.54, "amount": 0.16, "side": "buy", "timestamp": 1765928838724}, {"id": "1012953291", "price": 128.54, "amount": 8.24, "side": "buy", "timestamp": 1765928838826}, {"id": "1012953292", "price": 128.54, "amount": 0.11, "side": "sell", "timestamp": 1765928839074}, {"id": "1012953293", "price": 128.55, "amount": 0.28, "side": "buy", "timestamp": 1765928839162}, {"id": "1012953294", "price": 128.55, "amount": 1.21, "side": "buy", "timestamp": 1765928839735}, {"id": "1012953295", "price": 128.55, "amount": 2.95, "side": "buy", "timestamp": 1765928839861}, {"id": "1012953296", "price": 128.55, "amount": 0.69, "side": "buy", "timestamp": 1765928840069}, {"id": "1012953297", "price": 128.55, "amount": 3.9, "side": "buy", "timestamp": 1765928840505}, {"id": "1012953298", "price": 128.54, "amount": 0.11, "side": "sell", "timestamp": 1765928842120}, {"id": "1012953299", "price": 128.55, "amount": 3.99, "side": "buy", "timestamp": 1765928842528}, {"id": "1012953300", "price": 128.54, "amount": 1.4, "side": "sell", "timestamp": 1765928842579}, {"id": "1012953301", "price": 128.55, "amount": 30.56, "side": "buy", "timestamp": 1765928842845}, {"id": "1012953302", "price": 128.55, "amount": 0.15, "side": "sell", "timestamp": 1765928842950}, {"id": "1012953303", "price": 128.56, "amount": 2.27, "side": "buy", "timestamp": 1765928842977}, {"id": "1012953304", "price": 128.55, "amount": 0.05, "side": "sell", "timestamp": 1765928842984}, {"id": "1012953305", "price": 128.56, "amount": 2.27, "side": "buy", "timestamp": 1765928842989}, {"id": "1012953306", "price": 128.55, "amount": 0.1, "side": "sell", "timestamp": 1765928842991}, {"id": "1012953307", "price": 128.56, "amount": 113.68, "side": "buy", "timestamp": 1765928842999}, {"id": "1012953308", "price": 128.56, "amount": 0.05, "side": "sell", "timestamp": 1765928843005}, {"id": "1012953309", "price": 128.57, "amount": 6.91, "side": "buy", "timestamp": 1765928843009}, {"id": "1012953310", "price": 128.57, "amount": 2.96, "side": "sell", "timestamp": 1765928843012}, {"id": "1012953311", "price": 128.57, "amount": 0.09, "side": "sell", "timestamp": 1765928843682}, {"id": "1012953312", "price": 128.58, "amount": 17.95, "side": "buy", "timestamp": 1765928844160}, {"id": "1012953313", "price": 128.59, "amount": 7.25, "side": "buy", "timestamp": 1765928844322}, {"id": "1012953314", "price": 128.58, "amount": 3.96, "side": "sell", "timestamp": 1765928844333}, {"id": "1012953315", "price": 128.59, "amount": 0.11, "side": "buy", "timestamp": 1765928844589}, {"id": "1012953316", "price": 128.59, "amount": 2.42, "side": "buy", "timestamp": 1765928844887}, {"id": "1012953317", "price": 128.59, "amount": 2.25, "side": "buy", "timestamp": 1765928845000}, {"id": "1012953318", "price": 128.59, "amount": 0.04, "side": "buy", "timestamp": 1765928845118}, {"id": "1012953319", "price": 128.58, "amount": 0.11, "side": "sell", "timestamp": 1765928845172}, {"id": "1012953320", "price": 128.59, "amount": 0.05, "side": "buy", "timestamp": 1765928845323}, {"id": "1012953321", "price": 128.59, "amount": 0.11, "side": "buy", "timestamp": 1765928846020}, {"id": "1012953322", "price": 128.58, "amount": 3.87, "side": "sell", "timestamp": 1765928846105}, {"id": "1012953323", "price": 128.59, "amount": 0.11, "side": "buy", "timestamp": 1765928848062}, {"id": "1012953324", "price": 128.58, "amount": 0.11, "side": "sell", "timestamp": 1765928848188}, {"id": "1012953325", "price": 128.59, "amount": 0.88, "side": "buy", "timestamp": 1765928848305}, {"id": "1012953326", "price": 128.59, "amount": 0.06, "side": "buy", "timestamp": 1765928848496}, {"id": "1012953327", "price": 128.59, "amount": 0.22, "side": "buy", "timestamp": 1765928848623}, {"id": "1012953328", "price": 128.59, "amount": 24.03, "side": "buy", "timestamp": 1765928849149}, {"id": "1012953329", "price": 128.6, "amount": 0.06, "side": "buy", "timestamp": 1765928849213}, {"id": "1012953330", "price": 128.59, "amount": 121.98, "side": "sell", "timestamp": 1765928849392}, {"id": "1012953331", "price": 128.6, "amount": 1.74, "side": "buy", "timestamp": 1765928849708}, {"id": "1012953332", "price": 128.6, "amount": 2.89, "side": "buy", "timestamp": 1765928849877}, {"id": "1012953437", "price": 128.61, "amount": 0.17, "side": "buy", "timestamp": 1765928882057}, {"id": "1012953438", "price": 128.6, "amount": 0.25, "side": "sell", "timestamp": 1765928882093}, {"id": "1012953439", "price": 128.61, "amount": 0.05, "side": "buy", "timestamp": 1765928882423}, {"id": "1012953440", "price": 128.6, "amount": 0.41, "side": "sell", "timestamp": 1765928882562}, {"id": "1012953441", "price": 128.6, "amount": 3.18, "side": "sell", "timestamp": 1765928882861}, {"id": "1012953442", "price": 128.6, "amount": 0.21, "side": "sell", "timestamp": 1765928883253}, {"id": "1012953443", "price": 128.61, "amount": 0.07, "side": "buy", "timestamp": 1765928883961}, {"id": "1012953444", "price": 128.6, "amount": 7.28, "side": "sell", "timestamp": 1765928883969}, {"id": "1012953445", "price": 128.6, "amount": 0.28, "side": "sell", "timestamp": 1765928884104}, {"id": "1012953446", "price": 128.61, "amount": 0.23, "side": "buy", "timestamp": 1765928884305}, {"id": "1012953447", "price": 128.6, "amount": 0.19, "side": "sell", "timestamp": 1765928884588}, {"id": "1012953448", "price": 128.61, "amount": 0.22, "side": "buy", "timestamp": 1765928884821}, {"id": "1012953449", "price": 128.6, "amount": 0.16, "side": "sell", "timestamp": 1765928885946}, {"id": "1012953450", "price": 128.6, "amount": 0.11, "side": "sell", "timestamp": 1765928887065}, {"id": "1012953451", "price": 128.6, "amount": 13.0, "side": "sell", "timestamp": 1765928887256}, {"id": "1012953452", "price": 128.61, "amount": 0.17, "side": "buy", "timestamp": 1765928887766}, {"id": "1012953453", "price": 128.6, "amount": 0.74, "side": "sell", "timestamp": 1765928888254}, {"id": "1012953454", "price": 128.61, "amount": 12.26, "side": "buy", "timestamp": 1765928888322}, {"id": "1012953455", "price": 128.6, "amount": 0.61, "side": "sell", "timestamp": 1765928888716}, {"id": "1012953456", "price": 128.61, "amount": 0.66, "side": "buy", "timestamp": 1765928889773}, {"id": "1012953457", "price": 128.61, "amount": 1.1, "side": "buy", "timestamp": 1765928889956}, {"id": "1012953458", "price": 128.6, "amount": 0.11, "side": "sell", "timestamp": 1765928890076}, {"id": "1012953459", "price": 128.6, "amount": 0.04, "side": "sell", "timestamp": 1765928890194}, {"id": "1012953460", "price": 128.61, "amount": 2.17, "side": "buy", "timestamp": 1765928890615}, {"id": "1012953461", "price": 128.61, "amount": 0.09, "side": "buy", "timestamp": 1765928890807}, {"id": "1012953462", "price": 128.61, "amount": 0.08, "side": "buy", "timestamp": 1765928891474}, {"id": "1012953463", "price": 128.6, "amount": 0.07, "side": "sell", "timestamp": 1765928891961}, {"id": "1012953464", "price": 128.61, "amount": 23.65, "side": "buy", "timestamp": 1765928892263}, {"id": "1012953465", "price": 128.6, "amount": 1.57, "side": "sell", "timestamp": 1765928892881}, {"id": "1012953466", "price": 128.6, "amount": 0.11, "side": "sell", "timestamp": 1765928893088}, {"id": "1012953467", "price": 128.61, "amount": 0.04, "side": "buy", "timestamp": 1765928893501}, {"id": "1012953468", "price": 128.6, "amount": 0.14, "side": "sell", "timestamp": 1765928893532}, {"id": "1012953469", "price": 128.61, "amount": 0.02, "side": "buy", "timestamp": 1765928893894}, {"id": "1012953470", "price": 128.61, "amount": 0.68, "side": "buy", "timestamp": 1765928894710}, {"id": "1012953471", "price": 128.61, "amount": 0.94, "side": "buy", "timestamp": 1765928894863}, {"id": "1012953472", "price": 128.61, "amount": 20.4, "side": "buy", "timestamp": 1765928895395}, {"id": "1012953473", "price": 128.6, "amount": 3.87, "side": "sell", "timestamp": 1765928895568}, {"id": "1012953474", "price": 128.61, "amount": 3.89, "side": "buy", "timestamp": 1765928895997}, {"id": "1012953475", "price": 128.6, "amount": 0.11, "side": "sell", "timestamp": 1765928896137}, {"id": "1012953476", "price": 128.6, "amount": 7.26, "side": "sell", "timestamp": 1765928896281}, {"id": "1012953477", "price": 128.61, "amount": 7.77, "side": "buy", "timestamp": 1765928896379}, {"id": "1012953478", "price": 128.6, "amount": 0.24, "side": "sell", "timestamp": 1765928898125}, {"id": "1012953479", "price": 128.6, "amount": 128.84, "side": "sell", "timestamp": 1765928898717}, {"id": "1012953480", "price": 128.61, "amount": 3.9, "side": "buy", "timestamp": 1765928899059}, {"id": "1012953481", "price": 128.6, "amount": 0.11, "side": "sell", "timestamp": 1765928899164}, {"id": "1012953482", "price": 128.61, "amount": 21.03, "side": "buy", "timestamp": 1765928900871}, {"id": "1012953483", "price": 128.61, "amount": 59.61, "side": "buy", "timestamp": 1765928902127}, {"id": "1012953484", "price": 128.61, "amount": 0.66, "side": "sell", "timestamp": 1765928902158}, {"id": "1012953485", "price": 128.62, "amount": 13.48, "side": "buy", "timestamp": 1765928902213}, {"id": "1012953486", "price": 128.62, "amount": 0.05, "side": "sell", "timestamp": 1765928902217}, {"id": "1012953569", "price": 128.56, "amount": 0.09, "side": "buy", "timestamp": 1765928931266}, {"id": "1012953570", "price": 128.56, "amount": 0.05, "side": "buy", "timestamp": 1765928931458}, {"id": "1012953571", "price": 128.55, "amount": 0.62, "side": "sell", "timestamp": 1765928931545}, {"id": "1012953572", "price": 128.56, "amount": 0.11, "side": "buy", "timestamp": 1765928932121}, {"id": "1012953573", "price": 128.56, "amount": 3.94, "side": "buy", "timestamp": 1765928933039}, {"id": "1012953574", "price": 128.56, "amount": 0.11, "side": "buy", "timestamp": 1765928934164}, {"id": "1012953575", "price": 128.56, "amount": 3.21, "side": "buy", "timestamp": 1765928935534}, {"id": "1012953576", "price": 128.56, "amount": 0.08, "side": "buy", "timestamp": 1765928935648}, {"id": "1012953577", "price": 128.56, "amount": 0.11, "side": "buy", "timestamp": 1765928936179}, {"id": "1012953578", "price": 128.56, "amount": 0.11, "side": "buy", "timestamp": 1765928938194}, {"id": "1012953579", "price": 128.56, "amount": 0.6, "side": "buy", "timestamp": 1765928938973}, {"id": "1012953580", "price": 128.56, "amount": 39.52, "side": "buy", "timestamp": 1765928940009}, {"id": "1012953581", "price": 128.55, "amount": 96.65, "side": "sell", "timestamp": 1765928941007}, {"id": "1012953582", "price": 128.54, "amount": 242.05, "side": "sell", "timestamp": 1765928941026}, {"id": "1012953583", "price": 128.53, "amount": 0.23, "side": "sell", "timestamp": 1765928941345}, {"id": "1012953584", "price": 128.54, "amount": 0.6, "side": "buy", "timestamp": 1765928941365}, {"id": "1012953585", "price": 128.53, "amount": 50.49, "side": "sell", "timestamp": 1765928941688}, {"id": "1012953586", "price": 128.53, "amount": 0.07, "side": "buy", "timestamp": 1765928941935}, {"id": "1012953587", "price": 128.53, "amount": 0.41, "side": "buy", "timestamp": 1765928942068}, {"id": "1012953588", "price": 128.52, "amount": 1.47, "side": "sell", "timestamp": 1765928942148}, {"id": "1012953589", "price": 128.52, "amount": 19.2, "side": "sell", "timestamp": 1765928942356}, {"id": "1012953590", "price": 128.52, "amount": 0.08, "side": "buy", "timestamp": 1765928942618}, {"id": "1012953591", "price": 128.51, "amount": 22.28, "side": "sell", "timestamp": 1765928943325}, {"id": "1012953592", "price": 128.51, "amount": 3.96, "side": "buy", "timestamp": 1765928943426}, {"id": "1012953593", "price": 128.5, "amount": 0.11, "side": "sell", "timestamp": 1765928943633}, {"id": "1012953594", "price": 128.51, "amount": 0.11, "side": "buy", "timestamp": 1765928944124}, {"id": "1012953595", "price": 128.51, "amount": 0.15, "side": "buy", "timestamp": 1765928944272}, {"id": "1012953596", "price": 128.51, "amount": 3.41, "side": "buy", "timestamp": 1765928944819}, {"id": "1012953597", "price": 128.51, "amount": 0.39, "side": "buy", "timestamp": 1765928944920}, {"id": "1012953598", "price": 128.5, "amount": 63.53, "side": "sell", "timestamp": 1765928945892}, {"id": "1012953599", "price": 128.5, "amount": 0.11, "side": "sell", "timestamp": 1765928946068}, {"id": "1012953600", "price": 128.51, "amount": 0.11, "side": "buy", "timestamp": 1765928946149}, {"id": "1012953601", "price": 128.51, "amount": 0.2, "side": "buy", "timestamp": 1765928946810}, {"id": "1012953602", "price": 128.51, "amount": 3.9, "side": "buy", "timestamp": 1765928947351}, {"id": "1012953603", "price": 128.51, "amount": 0.14, "side": "buy", "timestamp": 1765928947744}, {"id": "1012953604", "price": 128.51, "amount": 1.73, "side": "buy", "timestamp": 1765928948122}, {"id": "1012953605", "price": 128.5, "amount": 12.8, "side": "sell", "timestamp": 1765928948225}, {"id": "1012953606", "price": 128.5, "amount": 0.9, "side": "buy", "timestamp": 1765928948278}, {"id": "1012953607", "price": 128.49, "amount": 10.4, "side": "sell", "timestamp": 1765928948351}, {"id": "1012953608", "price": 128.49, "amount": 0.1, "side": "buy", "timestamp": 1765928948355}, {"id": "1012953609", "price": 128.49, "amount": 19.47, "side": "buy", "timestamp": 1765928948666}, {"id": "1012953610", "price": 128.49, "amount": 49.54, "side": "buy", "timestamp": 1765928948877}, {"id": "1012953611", "price": 128.49, "amount": 0.11, "side": "buy", "timestamp": 1765928950027}, {"id": "1012953612", "price": 128.48, "amount": 27.29, "side": "sell", "timestamp": 1765928950548}, {"id": "1012953613", "price": 128.48, "amount": 0.04, "side": "sell", "timestamp": 1765928950668}, {"id": "1012953614", "price": 128.49, "amount": 0.09, "side": "buy", "timestamp": 1765928951678}, {"id": "1012953615", "price": 128.49, "amount": 0.11, "side": "buy", "timestamp": 1765928952039}, {"id": "1012953616", "price": 128.49, "amount": 2.38, "side": "buy", "timestamp": 1765928953970}, {"id": "1012953617", "price": 128.49, "amount": 0.11, "side": "buy", "timestamp": 1765928954095}, {"id": "1012953618", "price": 128.49, "amount": 0.17, "side": "buy", "timestamp": 1765928954730}, {"id": "1012953734", "price": 128.37, "amount": 0.11, "side": "sell", "timestamp": 1765928997107}, {"id": "1012953735", "price": 128.38, "amount": 7.77, "side": "buy", "timestamp": 1765928997165}, {"id": "1012953736", "price": 128.37, "amount": 0.28, "side": "sell", "timestamp": 1765928997366}, {"id": "1012953737", "price": 128.38, "amount": 98.65, "side": "buy", "timestamp": 1765928997841}, {"id": "1012953738", "price": 128.39, "amount": 0.84, "side": "buy", "timestamp": 1765928997881}, {"id": "1012953739", "price": 128.38, "amount": 6.99, "side": "sell", "timestamp": 1765928998132}, {"id": "1012953740", "price": 128.39, "amount": 0.11, "side": "buy", "timestamp": 1765928998136}, {"id": "1012953741", "price": 128.39, "amount": 3.9, "side": "buy", "timestamp": 1765928998368}, {"id": "1012953742", "price": 128.38, "amount": 5.84, "side": "sell", "timestamp": 1765928998535}, {"id": "1012953743", "price": 128.39, "amount": 9.82, "side": "buy", "timestamp": 1765928998664}, {"id": "1012953744", "price": 128.4, "amount": 0.9, "side": "buy", "timestamp": 1765928998670}, {"id": "1012953745", "price": 128.4, "amount": 0.01, "side": "buy", "timestamp": 1765928999069}, {"id": "1012953746", "price": 128.39, "amount": 0.04, "side": "sell", "timestamp": 1765928999105}, {"id": "1012953747", "price": 128.4, "amount": 1.46, "side": "buy", "timestamp": 1765928999110}, {"id": "1012953748", "price": 128.39, "amount": 0.11, "side": "sell", "timestamp": 1765929000137}, {"id": "1012953749", "price": 128.4, "amount": 0.11, "side": "buy", "timestamp": 1765929000170}, {"id": "1012953750", "price": 128.39, "amount": 18.6, "side": "sell", "timestamp": 1765929000379}, {"id": "1012953751", "price": 128.4, "amount": 0.62, "side": "buy", "timestamp": 1765929000457}, {"id": "1012953752", "price": 128.39, "amount": 0.23, "side": "sell", "timestamp": 1765929000514}, {"id": "1012953753", "price": 128.4, "amount": 0.06, "side": "buy", "timestamp": 1765929000777}, {"id": "1012953754", "price": 128.39, "amount": 0.08, "side": "sell", "timestamp": 1765929001264}, {"id": "1012953755", "price": 128.4, "amount": 157.93, "side": "buy", "timestamp": 1765929001342}, {"id": "1012953756", "price": 128.41, "amount": 10.33, "side": "buy", "timestamp": 1765929001516}, {"id": "1012953757", "price": 128.41, "amount": 0.17, "side": "sell", "timestamp": 1765929001829}, {"id": "1012953758", "price": 128.42, "amount": 0.11, "side": "buy", "timestamp": 1765929002008}, {"id": "1012953759", "price": 128.41, "amount": 3.23, "side": "sell", "timestamp": 1765929002470}, {"id": "1012953760", "price": 128.41, "amount": 4.06, "side": "buy", "timestamp": 1765929002516}, {"id": "1012953761", "price": 128.4, "amount": 0.11, "side": "sell", "timestamp": 1765929003012}, {"id": "1012953762", "price": 128.41, "amount": 33.18, "side": "buy", "timestamp": 1765929003159}, {"id": "1012953763", "price": 128.41, "amount": 1.26, "side": "buy", "timestamp": 1765929003341}, {"id": "1012953764", "price": 128.41, "amount": 0.05, "side": "buy", "timestamp": 1765929003553}, {"id": "1012953765", "price": 128.41, "amount": 0.21, "side": "buy", "timestamp": 1765929004047}, {"id": "1012953766", "price": 128.41, "amount": 0.09, "side": "buy", "timestamp": 1765929004251}, {"id": "1012953767", "price": 128.4, "amount": 82.24, "side": "sell", "timestamp": 1765929004402}, {"id": "1012953768", "price": 128.41, "amount": 0.16, "side": "buy", "timestamp": 1765929004611}, {"id": "1012953769", "price": 128.41, "amount": 3.9, "side": "buy", "timestamp": 1765929004906}, {"id": "1012953770", "price": 128.4, "amount": 0.12, "side": "sell", "timestamp": 1765929005028}, {"id": "1012953771", "price": 128.4, "amount": 0.23, "side": "sell", "timestamp": 1765929005238}, {"id": "1012953772", "price": 128.4, "amount": 3.21, "side": "sell", "timestamp": 1765929005447}, {"id": "1012953773", "price": 128.41, "amount": 0.1, "side": "buy", "timestamp": 1765929005632}, {"id": "1012953774", "price": 128.4, "amount": 0.11, "side": "sell", "timestamp": 1765929006076}, {"id": "1012953775", "price": 128.41, "amount": 26.64, "side": "buy", "timestamp": 1765929006130}, {"id": "1012953776", "price": 128.42, "amount": 0.11, "side": "buy", "timestamp": 1765929006149}, {"id": "1012953777", "price": 128.41, "amount": 0.15, "side": "sell", "timestamp": 1765929006213}, {"id": "1012953778", "price": 128.42, "amount": 96.96, "side": "buy", "timestamp": 1765929006468}, {"id": "1012953779", "price": 128.42, "amount": 44.17, "side": "sell", "timestamp": 1765929006491}, {"id": "1012953780", "price": 128.43, "amount": 8.04, "side": "buy", "timestamp": 1765929006573}, {"id": "1012953781", "price": 128.43, "amount": 0.05, "side": "sell", "timestamp": 1765929006681}, {"id": "1012953782", "price": 128.44, "amount": 0.21, "side": "buy", "timestamp": 1765929007294}, {"id": "1012953783", "price": 128.43, "amount": 0.17, "side": "sell", "timestamp": 1765929007716}, {"id": "1012953895", "price": 128.35, "amount": 149.05, "side": "sell", "timestamp": 1765929045794}, {"id": "1012953896", "price": 128.35, "amount": 4.67, "side": "sell", "timestamp": 1765929045928}, {"id": "1012953897", "price": 128.36, "amount": 0.11, "side": "buy", "timestamp": 1765929046093}, {"id": "1012953898", "price": 128.35, "amount": 4.67, "side": "sell", "timestamp": 1765929046191}, {"id": "1012953899", "price": 128.35, "amount": 3.28, "side": "sell", "timestamp": 1765929046724}, {"id": "1012953900", "price": 128.36, "amount": 1.67, "side": "buy", "timestamp": 1765929046788}, {"id": "1012953901", "price": 128.35, "amount": 3.88, "side": "sell", "timestamp": 1765929046810}, {"id": "1012953902", "price": 128.35, "amount": 28.57, "side": "sell", "timestamp": 1765929047003}, {"id": "1012953903", "price": 128.35, "amount": 2.61, "side": "sell", "timestamp": 1765929047108}, {"id": "1012953904", "price": 128.35, "amount": 1.55, "side": "sell", "timestamp": 1765929047813}, {"id": "1012953905", "price": 128.36, "amount": 0.11, "side": "buy", "timestamp": 1765929048108}, {"id": "1012953906", "price": 128.35, "amount": 0.46, "side": "sell", "timestamp": 1765929048356}, {"id": "1012953907", "price": 128.36, "amount": 0.2, "side": "buy", "timestamp": 1765929049256}, {"id": "1012953908", "price": 128.35, "amount": 73.79, "side": "sell", "timestamp": 1765929049342}, {"id": "1012953909", "price": 128.36, "amount": 0.02, "side": "buy", "timestamp": 1765929049411}, {"id": "1012953910", "price": 128.35, "amount": 0.74, "side": "sell", "timestamp": 1765929049826}, {"id": "1012953911", "price": 128.36, "amount": 0.31, "side": "buy", "timestamp": 1765929049869}, {"id": "1012953912", "price": 128.35, "amount": 1.07, "side": "sell", "timestamp": 1765929049938}, {"id": "1012953913", "price": 128.36, "amount": 0.22, "side": "buy", "timestamp": 1765929050102}, {"id": "1012953914", "price": 128.35, "amount": 50.0, "side": "sell", "timestamp": 1765929050109}, {"id": "1012953915", "price": 128.36, "amount": 0.11, "side": "buy", "timestamp": 1765929050137}, {"id": "1012953916", "price": 128.35, "amount": 2.22, "side": "sell", "timestamp": 1765929050392}, {"id": "1012953917", "price": 128.35, "amount": 27.81, "side": "sell", "timestamp": 1765929050735}, {"id": "1012953918", "price": 128.36, "amount": 0.18, "side": "buy", "timestamp": 1765929050982}, {"id": "1012953919", "price": 128.35, "amount": 2.43, "side": "sell", "timestamp": 1765929051083}, {"id": "1012953920", "price": 128.35, "amount": 0.21, "side": "buy", "timestamp": 1765929051629}, {"id": "1012953921", "price": 128.34, "amount": 4.67, "side": "sell", "timestamp": 1765929051829}, {"id": "1012953922", "price": 128.35, "amount": 0.11, "side": "buy", "timestamp": 1765929052162}, {"id": "1012953923", "price": 128.35, "amount": 38.95, "side": "buy", "timestamp": 1765929052515}, {"id": "1012953924", "price": 128.34, "amount": 3.95, "side": "sell", "timestamp": 1765929053155}, {"id": "1012953925", "price": 128.35, "amount": 103.69, "side": "buy", "timestamp": 1765929053580}, {"id": "1012953926", "price": 128.35, "amount": 0.21, "side": "buy", "timestamp": 1765929053887}, {"id": "1012953927", "price": 128.35, "amount": 0.11, "side": "buy", "timestamp": 1765929054185}, {"id": "1012953928", "price": 128.34, "amount": 0.19, "side": "sell", "timestamp": 1765929054475}, {"id": "1012953929", "price": 128.35, "amount": 0.12, "side": "buy", "timestamp": 1765929055189}, {"id": "1012953930", "price": 128.34, "amount": 75.63, "side": "sell", "timestamp": 1765929055892}, {"id": "1012953931", "price": 128.35, "amount": 0.11, "side": "buy", "timestamp": 1765929056195}, {"id": "1012953932", "price": 128.35, "amount": 0.2, "side": "buy", "timestamp": 1765929056825}, {"id": "1012953933", "price": 128.35, "amount": 0.11, "side": "buy", "timestamp": 1765929058006}, {"id": "1012953934", "price": 128.35, "amount": 0.06, "side": "buy", "timestamp": 1765929058179}, {"id": "1012953935", "price": 128.34, "amount": 0.15, "side": "sell", "timestamp": 1765929058450}, {"id": "1012953936", "price": 128.35, "amount": 0.18, "side": "buy", "timestamp": 1765929058823}, {"id": "1012953937", "price": 128.34, "amount": 53.51, "side": "sell", "timestamp": 1765929058947}, {"id": "1012953938", "price": 128.34, "amount": 4.67, "side": "sell", "timestamp": 1765929059098}, {"id": "1012953939", "price": 128.35, "amount": 0.15, "side": "buy", "timestamp": 1765929059381}, {"id": "1012953940", "price": 128.35, "amount": 0.09, "side": "buy", "timestamp": 1765929059680}, {"id": "1012953941", "price": 128.35, "amount": 39.06, "side": "buy", "timestamp": 1765929059944}, {"id": "1012953942", "price": 128.35, "amount": 3.02, "side": "buy", "timestamp": 1765929060162}, {"id": "1012953943", "price": 128.34, "amount": 0.11, "side": "sell", "timestamp": 1765929060190}, {"id": "1012953944", "price": 128.35, "amount": 163.8, "side": "buy", "timestamp": 1765929060203}, {"id": "1012954095", "price": 128.41, "amount": 245.19, "side": "buy", "timestamp": 1765929094935}, {"id": "1012954096", "price": 128.41, "amount": 0.37, "side": "buy", "timestamp": 1765929095074}, {"id": "1012954097", "price": 128.4, "amount": 0.11, "side": "sell", "timestamp": 1765929095199}, {"id": "1012954098", "price": 128.41, "amount": 337.31, "side": "buy", "timestamp": 1765929095315}, {"id": "1012954099", "price": 128.4, "amount": 0.09, "side": "sell", "timestamp": 1765929095681}, {"id": "1012954100", "price": 128.4, "amount": 0.2, "side": "sell", "timestamp": 1765929095784}, {"id": "1012954101", "price": 128.41, "amount": 9.13, "side": "buy", "timestamp": 1765929095958}, {"id": "1012954102", "price": 128.41, "amount": 0.11, "side": "buy", "timestamp": 1765929096116}, {"id": "1012954103", "price": 128.4, "amount": 1.74, "side": "sell", "timestamp": 1765929096325}, {"id": "1012954104", "price": 128.41, "amount": 0.06, "side": "buy", "timestamp": 1765929096633}, {"id": "1012954105", "price": 128.41, "amount": 27.37, "side": "buy", "timestamp": 1765929096894}, {"id": "1012954106", "price": 128.41, "amount": 0.05, "side": "buy", "timestamp": 1765929097164}, {"id": "1012954107", "price": 128.41, "amount": 0.15, "side": "buy", "timestamp": 1765929097856}, {"id": "1012954108", "price": 128.4, "amount": 0.11, "side": "sell", "timestamp": 1765929098009}, {"id": "1012954109", "price": 128.41, "amount": 0.11, "side": "buy", "timestamp": 1765929098152}, {"id": "1012954110", "price": 128.41, "amount": 3.88, "side": "buy", "timestamp": 1765929098742}, {"id": "1012954111", "price": 128.41, "amount": 0.02, "side": "buy", "timestamp": 1765929099022}, {"id": "1012954112", "price": 128.41, "amount": 0.41, "side": "buy", "timestamp": 1765929099712}, {"id": "1012954113", "price": 128.41, "amount": 0.28, "side": "buy", "timestamp": 1765929099888}, {"id": "1012954114", "price": 128.41, "amount": 1.27, "side": "buy", "timestamp": 1765929100011}, {"id": "1012954115", "price": 128.41, "amount": 0.78, "side": "buy", "timestamp": 1765929100464}, {"id": "1012954116", "price": 128.4, "amount": 2.44, "side": "sell", "timestamp": 1765929101044}, {"id": "1012954117", "price": 128.41, "amount": 0.25, "side": "buy", "timestamp": 1765929101482}, {"id": "1012954118", "price": 128.41, "amount": 0.11, "side": "buy", "timestamp": 1765929102051}, {"id": "1012954119", "price": 128.4, "amount": 144.71, "side": "sell", "timestamp": 1765929102141}, {"id": "1012954120", "price": 128.4, "amount": 0.55, "side": "buy", "timestamp": 1765929102198}, {"id": "1012954121", "price": 128.39, "amount": 7.78, "side": "sell", "timestamp": 1765929102241}, {"id": "1012954122", "price": 128.39, "amount": 0.25, "side": "buy", "timestamp": 1765929102244}, {"id": "1012954123", "price": 128.39, "amount": 98.14, "side": "buy", "timestamp": 1765929103754}, {"id": "1012954124", "price": 128.39, "amount": 0.11, "side": "buy", "timestamp": 1765929104082}, {"id": "1012954125", "price": 128.38, "amount": 0.11, "side": "sell", "timestamp": 1765929104111}, {"id": "1012954126", "price": 128.39, "amount": 82.53, "side": "buy", "timestamp": 1765929105543}, {"id": "1012954127", "price": 128.38, "amount": 0.07, "side": "sell", "timestamp": 1765929105656}, {"id": "1012954128", "price": 128.38, "amount": 71.66, "side": "sell", "timestamp": 1765929105892}, {"id": "1012954129", "price": 128.39, "amount": 0.11, "side": "buy", "timestamp": 1765929106111}, {"id": "1012954130", "price": 128.38, "amount": 40.5, "side": "sell", "timestamp": 1765929106377}, {"id": "1012954131", "price": 128.39, "amount": 0.03, "side": "buy", "timestamp": 1765929106781}, {"id": "1012954132", "price": 128.38, "amount": 0.11, "side": "sell", "timestamp": 1765929107134}, {"id": "1012954133", "price": 128.38, "amount": 1.55, "side": "sell", "timestamp": 1765929107466}, {"id": "1012954134", "price": 128.39, "amount": 0.11, "side": "buy", "timestamp": 1765929108143}, {"id": "1012954135", "price": 128.39, "amount": 0.07, "side": "buy", "timestamp": 1765929108329}, {"id": "1012954136", "price": 128.39, "amount": 0.16, "side": "buy", "timestamp": 1765929108887}, {"id": "1012954137", "price": 128.38, "amount": 13.64, "side": "sell", "timestamp": 1765929108897}, {"id": "1012954138", "price": 128.38, "amount": 0.6, "side": "sell", "timestamp": 1765929109148}, {"id": "1012954139", "price": 128.38, "amount": 6.34, "side": "sell", "timestamp": 1765929109686}, {"id": "1012954140", "price": 128.38, "amount": 0.11, "side": "sell", "timestamp": 1765929110148}, {"id": "1012954141", "price": 128.39, "amount": 0.11, "side": "buy", "timestamp": 1765929110164}, {"id": "1012954142", "price": 128.39, "amount": 0.06, "side": "buy", "timestamp": 1765929110368}, {"id": "1012954143", "price": 128.39, "amount": 0.11, "side": "buy", "timestamp": 1765929112175}, {"id": "1012954144", "price": 128.39, "amount": 0.68, "side": "buy", "timestamp": 1765929112397}, {"id": "1012954274", "price": 128.36, "amount": 0.1, "side": "buy", "timestamp": 1765929151937}, {"id": "1012954275", "price": 128.36, "amount": 0.11, "side": "buy", "timestamp": 1765929152080}, {"id": "1012954276", "price": 128.35, "amount": 0.03, "side": "sell", "timestamp": 1765929152209}, {"id": "1012954277", "price": 128.35, "amount": 134.62, "side": "sell", "timestamp": 1765929152487}, {"id": "1012954278", "price": 128.35, "amount": 0.16, "side": "sell", "timestamp": 1765929152973}, {"id": "1012954279", "price": 128.36, "amount": 3.9, "side": "buy", "timestamp": 1765929153133}, {"id": "1012954280", "price": 128.35, "amount": 1.55, "side": "sell", "timestamp": 1765929153354}, {"id": "1012954281", "price": 128.36, "amount": 100.04, "side": "buy", "timestamp": 1765929153655}, {"id": "1012954282", "price": 128.36, "amount": 0.16, "side": "buy", "timestamp": 1765929153949}, {"id": "1012954283", "price": 128.36, "amount": 0.11, "side": "buy", "timestamp": 1765929154090}, {"id": "1012954284", "price": 128.36, "amount": 0.06, "side": "buy", "timestamp": 1765929154317}, {"id": "1012954285", "price": 128.36, "amount": 0.09, "side": "buy", "timestamp": 1765929154432}, {"id": "1012954286", "price": 128.36, "amount": 0.08, "side": "buy", "timestamp": 1765929154568}, {"id": "1012954287", "price": 128.35, "amount": 13.67, "side": "sell", "timestamp": 1765929154711}, {"id": "1012954288", "price": 128.35, "amount": 1.73, "side": "sell", "timestamp": 1765929154849}, {"id": "1012954289", "price": 128.35, "amount": 2.12, "side": "sell", "timestamp": 1765929154969}, {"id": "1012954290", "price": 128.35, "amount": 4.66, "side": "sell", "timestamp": 1765929155465}, {"id": "1012954291", "price": 128.35, "amount": 47.05, "side": "sell", "timestamp": 1765929155662}, {"id": "1012954292", "price": 128.35, "amount": 3.57, "side": "buy", "timestamp": 1765929155707}, {"id": "1012954293", "price": 128.35, "amount": 0.11, "side": "buy", "timestamp": 1765929156118}, {"id": "1012954294", "price": 128.35, "amount": 0.01, "side": "buy", "timestamp": 1765929156451}, {"id": "1012954295", "price": 128.34, "amount": 33.42, "side": "sell", "timestamp": 1765929156716}, {"id": "1012954296", "price": 128.33, "amount": 13.72, "side": "sell", "timestamp": 1765929156820}, {"id": "1012954297", "price": 128.33, "amount": 12.64, "side": "buy", "timestamp": 1765929157007}, {"id": "1012954298", "price": 128.32, "amount": 0.11, "side": "sell", "timestamp": 1765929157228}, {"id": "1012954299", "price": 128.33, "amount": 0.11, "side": "buy", "timestamp": 1765929158151}, {"id": "1012954300", "price": 128.32, "amount": 77.7, "side": "sell", "timestamp": 1765929158529}, {"id": "1012954301", "price": 128.32, "amount": 83.51, "side": "sell", "timestamp": 1765929158646}, {"id": "1012954302", "price": 128.32, "amount": 0.04, "side": "buy", "timestamp": 1765929158796}, {"id": "1012954303", "price": 128.31, "amount": 0.95, "side": "sell", "timestamp": 1765929159764}, {"id": "1012954304", "price": 128.31, "amount": 3.2, "side": "sell", "timestamp": 1765929159903}, {"id": "1012954305", "price": 128.31, "amount": 101.27, "side": "sell", "timestamp": 1765929160042}, {"id": "1012954306", "price": 128.32, "amount": 0.07, "side": "buy", "timestamp": 1765929160113}, {"id": "1012954307", "price": 128.32, "amount": 0.11, "side": "buy", "timestamp": 1765929160230}, {"id": "1012954308", "price": 128.31, "amount": 0.86, "side": "sell", "timestamp": 1765929160308}, {"id": "1012954309", "price": 128.32, "amount": 0.02, "side": "buy", "timestamp": 1765929160469}, {"id": "1012954310", "price": 128.32, "amount": 10.11, "side": "buy", "timestamp": 1765929162040}, {"id": "1012954311", "price": 128.31, "amount": 0.63, "side": "sell", "timestamp": 1765929162286}, {"id": "1012954312", "price": 128.32, "amount": 0.24, "side": "buy", "timestamp": 1765929162288}, {"id": "1012954313", "price": 128.31, "amount": 6.23, "side": "sell", "timestamp": 1765929162298}, {"id": "1012954314", "price": 128.31, "amount": 221.66, "side": "sell", "timestamp": 1765929162618}, {"id": "1012954315", "price": 128.32, "amount": 0.04, "side": "buy", "timestamp": 1765929162740}, {"id": "1012954316", "price": 128.32, "amount": 3.9, "side": "buy", "timestamp": 1765929163284}, {"id": "1012954317", "price": 128.31, "amount": 0.7, "side": "sell", "timestamp": 1765929163303}, {"id": "1012954318", "price": 128.32, "amount": 0.11, "side": "buy", "timestamp": 1765929164057}, {"id": "1012954319", "price": 128.31, "amount": 5.12, "side": "sell", "timestamp": 1765929164712}, {"id": "1012954320", "price": 128.31, "amount": 1.97, "side": "sell", "timestamp": 1765929164923}, {"id": "1012954321", "price": 128.32, "amount": 0.05, "side": "buy", "timestamp": 1765929164965}, {"id": "1012954322", "price": 128.31, "amount": 0.74, "side": "sell", "timestamp": 1765929165022}, {"id": "1012954323", "price": 128.32, "amount": 0.11, "side": "buy", "timestamp": 1765929165329}, {"id": "1012954445", "price": 128.41, "amount": 24.27, "side": "buy", "timestamp": 1765929201856}, {"id": "1012954446", "price": 128.41, "amount": 13.52, "side": "buy", "timestamp": 1765929202080}, {"id": "1012954447", "price": 128.4, "amount": 23.55, "side": "sell", "timestamp": 1765929202483}, {"id": "1012954448", "price": 128.4, "amount": 0.94, "side": "sell", "timestamp": 1765929202728}, {"id": "1012954449", "price": 128.41, "amount": 3.9, "side": "buy", "timestamp": 1765929202808}, {"id": "1012954450", "price": 128.41, "amount": 15.57, "side": "buy", "timestamp": 1765929203444}, {"id": "1012954451", "price": 128.41, "amount": 4.86, "side": "buy", "timestamp": 1765929203569}, {"id": "1012954452", "price": 128.4, "amount": 0.09, "side": "sell", "timestamp": 1765929203681}, {"id": "1012954453", "price": 128.4, "amount": 0.11, "side": "sell", "timestamp": 1765929204105}, {"id": "1012954454", "price": 128.41, "amount": 0.11, "side": "buy", "timestamp": 1765929204183}, {"id": "1012954455", "price": 128.41, "amount": 3.75, "side": "buy", "timestamp": 1765929204581}, {"id": "1012954456", "price": 128.41, "amount": 0.13, "side": "buy", "timestamp": 1765929205887}, {"id": "1012954457", "price": 128.41, "amount": 0.11, "side": "buy", "timestamp": 1765929206196}, {"id": "1012954458", "price": 128.4, "amount": 0.11, "side": "sell", "timestamp": 1765929207129}, {"id": "1012954459", "price": 128.41, "amount": 0.11, "side": "buy", "timestamp": 1765929208006}, {"id": "1012954460", "price": 128.41, "amount": 0.92, "side": "buy", "timestamp": 1765929208201}, {"id": "1012954461", "price": 128.4, "amount": 163.54, "side": "sell", "timestamp": 1765929209160}, {"id": "1012954462", "price": 128.4, "amount": 2.57, "side": "sell", "timestamp": 1765929209740}, {"id": "1012954463", "price": 128.4, "amount": 1.05, "side": "sell", "timestamp": 1765929210025}, {"id": "1012954464", "price": 128.41, "amount": 0.11, "side": "buy", "timestamp": 1765929210033}, {"id": "1012954465", "price": 128.4, "amount": 2.76, "side": "sell", "timestamp": 1765929210050}, {"id": "1012954466", "price": 128.41, "amount": 0.05, "side": "buy", "timestamp": 1765929210181}, {"id": "1012954467", "price": 128.41, "amount": 116.93, "side": "buy", "timestamp": 1765929211243}, {"id": "1012954468", "price": 128.42, "amount": 0.06, "side": "buy", "timestamp": 1765929212659}, {"id": "1012954469", "price": 128.42, "amount": 6.01, "side": "buy", "timestamp": 1765929212974}, {"id": "1012954470", "price": 128.41, "amount": 0.19, "side": "sell", "timestamp": 1765929213178}, {"id": "1012954471", "price": 128.41, "amount": 0.99, "side": "sell", "timestamp": 1765929213676}, {"id": "1012954472", "price": 128.42, "amount": 27.56, "side": "buy", "timestamp": 1765929214493}, {"id": "1012954473", "price": 128.43, "amount": 0.07, "side": "buy", "timestamp": 1765929215717}, {"id": "1012954474", "price": 128.43, "amount": 176.58, "side": "buy", "timestamp": 1765929216093}, {"id": "1012954475", "price": 128.42, "amount": 0.11, "side": "sell", "timestamp": 1765929216191}, {"id": "1012954476", "price": 128.43, "amount": 0.11, "side": "buy", "timestamp": 1765929216757}, {"id": "1012954477", "price": 128.43, "amount": 26.15, "side": "buy", "timestamp": 1765929216968}, {"id": "1012954478", "price": 128.44, "amount": 194.96, "side": "buy", "timestamp": 1765929216970}, {"id": "1012954479", "price": 128.45, "amount": 495.63, "side": "buy", "timestamp": 1765929216970}, {"id": "1012954480", "price": 128.46, "amount": 176.47, "side": "buy", "timestamp": 1765929216983}, {"id": "1012954481", "price": 128.47, "amount": 18.65, "side": "buy", "timestamp": 1765929216983}, {"id": "1012954482", "price": 128.46, "amount": 23.39, "side": "buy", "timestamp": 1765929216984}, {"id": "1012954483", "price": 128.47, "amount": 298.74, "side": "buy", "timestamp": 1765929216985}, {"id": "1012954484", "price": 128.48, "amount": 417.98, "side": "buy", "timestamp": 1765929216990}, {"id": "1012954485", "price": 128.49, "amount": 296.06, "side": "buy", "timestamp": 1765929217003}, {"id": "1012954486", "price": 128.5, "amount": 470.75, "side": "buy", "timestamp": 1765929217051}, {"id": "1012954487", "price": 128.51, "amount": 148.1, "side": "buy", "timestamp": 1765929217075}, {"id": "1012954488", "price": 128.52, "amount": 174.2, "side": "buy", "timestamp": 1765929217093}, {"id": "1012954489", "price": 128.53, "amount": 105.3, "side": "buy", "timestamp": 1765929217135}, {"id": "1012954490", "price": 128.54, "amount": 531.38, "side": "buy", "timestamp": 1765929217155}, {"id": "1012954491", "price": 128.55, "amount": 166.77, "side": "buy", "timestamp": 1765929217187}, {"id": "1012954492", "price": 128.56, "amount": 197.94, "side": "buy", "timestamp": 1765929217218}, {"id": "1012954493", "price": 128.57, "amount": 95.52, "side": "buy", "timestamp": 1765929217261}, {"id": "1012954494", "price": 128.58, "amount": 9.01, "side": "buy", "timestamp": 1765929217281}, {"id": "1012954924", "price": 128.95, "amount": 3.91, "side": "buy", "timestamp": 1765929261452}, {"id": "1012954925", "price": 128.94, "amount": 2.17, "side": "sell", "timestamp": 1765929261976}, {"id": "1012954926", "price": 128.95, "amount": 554.76, "side": "buy", "timestamp": 1765929262041}, {"id": "1012954927", "price": 128.95, "amount": 0.34, "side": "buy", "timestamp": 1765929262271}, {"id": "1012954928", "price": 128.94, "amount": 2.33, "side": "sell", "timestamp": 1765929262491}, {"id": "1012954929", "price": 128.94, "amount": 146.56, "side": "sell", "timestamp": 1765929262683}, {"id": "1012954930", "price": 128.93, "amount": 75.86, "side": "sell", "timestamp": 1765929262692}, {"id": "1012954931", "price": 128.94, "amount": 1.0, "side": "buy", "timestamp": 1765929262888}, {"id": "1012954932", "price": 128.93, "amount": 3.29, "side": "sell", "timestamp": 1765929263089}, {"id": "1012954933", "price": 128.94, "amount": 3.88, "side": "buy", "timestamp": 1765929263649}, {"id": "1012954934", "price": 128.94, "amount": 7.75, "side": "buy", "timestamp": 1765929263951}, {"id": "1012954935", "price": 128.93, "amount": 160.62, "side": "sell", "timestamp": 1765929264075}, {"id": "1012954936", "price": 128.93, "amount": 0.16, "side": "buy", "timestamp": 1765929264077}, {"id": "1012954937", "price": 128.92, "amount": 0.8, "side": "sell", "timestamp": 1765929264080}, {"id": "1012954938", "price": 128.92, "amount": 0.11, "side": "sell", "timestamp": 1765929264205}, {"id": "1012954939", "price": 128.93, "amount": 15.98, "side": "buy", "timestamp": 1765929264248}, {"id": "1012954940", "price": 128.92, "amount": 2.0, "side": "sell", "timestamp": 1765929264346}, {"id": "1012954941", "price": 128.93, "amount": 0.86, "side": "buy", "timestamp": 1765929264360}, {"id": "1012954942", "price": 128.92, "amount": 0.47, "side": "sell", "timestamp": 1765929264391}, {"id": "1012954943", "price": 128.93, "amount": 39.06, "side": "buy", "timestamp": 1765929264739}, {"id": "1012954944", "price": 128.92, "amount": 6.52, "side": "sell", "timestamp": 1765929265256}, {"id": "1012954945", "price": 128.93, "amount": 31.03, "side": "buy", "timestamp": 1765929265386}, {"id": "1012954946", "price": 128.93, "amount": 44.34, "side": "buy", "timestamp": 1765929265643}, {"id": "1012954947", "price": 128.92, "amount": 223.12, "side": "sell", "timestamp": 1765929265970}, {"id": "1012954948", "price": 128.91, "amount": 206.67, "side": "sell", "timestamp": 1765929265972}, {"id": "1012954949", "price": 128.91, "amount": 1.87, "side": "buy", "timestamp": 1765929265989}, {"id": "1012954950", "price": 128.91, "amount": 0.46, "side": "buy", "timestamp": 1765929266145}, {"id": "1012954951", "price": 128.9, "amount": 15.63, "side": "sell", "timestamp": 1765929266630}, {"id": "1012954952", "price": 128.91, "amount": 15.0, "side": "buy", "timestamp": 1765929266651}, {"id": "1012954953", "price": 128.9, "amount": 0.07, "side": "sell", "timestamp": 1765929266903}, {"id": "1012954954", "price": 128.9, "amount": 0.11, "side": "sell", "timestamp": 1765929267069}, {"id": "1012954955", "price": 128.9, "amount": 1.64, "side": "sell", "timestamp": 1765929267359}, {"id": "1012954956", "price": 128.9, "amount": 1.92, "side": "sell", "timestamp": 1765929267520}, {"id": "1012954957", "price": 128.91, "amount": 0.07, "side": "buy", "timestamp": 1765929267834}, {"id": "1012954958", "price": 128.9, "amount": 0.46, "side": "sell", "timestamp": 1765929267868}, {"id": "1012954959", "price": 128.91, "amount": 0.11, "side": "buy", "timestamp": 1765929268124}, {"id": "1012954960", "price": 128.91, "amount": 215.56, "side": "buy", "timestamp": 1765929268320}, {"id": "1012954961", "price": 128.92, "amount": 262.85, "side": "buy", "timestamp": 1765929268320}, {"id": "1012954962", "price": 128.93, "amount": 21.59, "side": "buy", "timestamp": 1765929268320}, {"id": "1012954963", "price": 128.92, "amount": 0.5, "side": "sell", "timestamp": 1765929268351}, {"id": "1012954964", "price": 128.92, "amount": 387.04, "side": "sell", "timestamp": 1765929268549}, {"id": "1012954965", "price": 128.91, "amount": 0.8, "side": "sell", "timestamp": 1765929268561}, {"id": "1012954966", "price": 128.91, "amount": 2.0, "side": "sell", "timestamp": 1765929268694}, {"id": "1012954967", "price": 128.92, "amount": 0.11, "side": "buy", "timestamp": 1765929269188}, {"id": "1012954968", "price": 128.91, "amount": 0.09, "side": "sell", "timestamp": 1765929269220}, {"id": "1012954969", "price": 128.92, "amount": 195.24, "side": "buy", "timestamp": 1765929269539}, {"id": "1012954970", "price": 128.91, "amount": 1.19, "side": "sell", "timestamp": 1765929269678}, {"id": "1012954971", "price": 128.91, "amount": 10.35, "side": "sell", "timestamp": 1765929269860}, {"id": "1012954972", "price": 128.91, "amount": 0.11, "side": "sell", "timestamp": 1765929270095}, {"id": "1012954973", "price": 128.92, "amount": 12.04, "side": "buy", "timestamp": 1765929270138}, {"id": "1012955509", "price": 129.13, "amount": 8.69, "side": "buy", "timestamp": 1765929314913}, {"id": "1012955510", "price": 129.12, "amount": 0.11, "side": "sell", "timestamp": 1765929315200}, {"id": "1012955511", "price": 129.13, "amount": 34.78, "side": "buy", "timestamp": 1765929315202}, {"id": "1012955512", "price": 129.13, "amount": 770.46, "side": "buy", "timestamp": 1765929316009}, {"id": "1012955513", "price": 129.14, "amount": 184.22, "side": "buy", "timestamp": 1765929316013}, {"id": "1012955514", "price": 129.15, "amount": 11.23, "side": "buy", "timestamp": 1765929316019}, {"id": "1012955515", "price": 129.16, "amount": 2.32, "side": "buy", "timestamp": 1765929316167}, {"id": "1012955516", "price": 129.16, "amount": 0.01, "side": "buy", "timestamp": 1765929316336}, {"id": "1012955517", "price": 129.15, "amount": 0.14, "side": "sell", "timestamp": 1765929316501}, {"id": "1012955518", "price": 129.15, "amount": 130.55, "side": "sell", "timestamp": 1765929316617}, {"id": "1012955519", "price": 129.16, "amount": 15.25, "side": "buy", "timestamp": 1765929316652}, {"id": "1012955520", "price": 129.16, "amount": 22.67, "side": "buy", "timestamp": 1765929316864}, {"id": "1012955521", "price": 129.16, "amount": 1.22, "side": "sell", "timestamp": 1765929317335}, {"id": "1012955522", "price": 129.17, "amount": 52.36, "side": "buy", "timestamp": 1765929317517}, {"id": "1012955523", "price": 129.18, "amount": 101.57, "side": "buy", "timestamp": 1765929317527}, {"id": "1012955524", "price": 129.18, "amount": 0.85, "side": "sell", "timestamp": 1765929317552}, {"id": "1012955525", "price": 129.19, "amount": 80.0, "side": "buy", "timestamp": 1765929317720}, {"id": "1012955526", "price": 129.18, "amount": 124.51, "side": "sell", "timestamp": 1765929317826}, {"id": "1012955527", "price": 129.17, "amount": 4.22, "side": "sell", "timestamp": 1765929317833}, {"id": "1012955528", "price": 129.17, "amount": 158.48, "side": "buy", "timestamp": 1765929318047}, {"id": "1012955529", "price": 129.16, "amount": 0.11, "side": "sell", "timestamp": 1765929318049}, {"id": "1012955530", "price": 129.17, "amount": 0.63, "side": "buy", "timestamp": 1765929318139}, {"id": "1012955531", "price": 129.17, "amount": 0.3, "side": "sell", "timestamp": 1765929318193}, {"id": "1012955532", "price": 129.18, "amount": 0.11, "side": "buy", "timestamp": 1765929318256}, {"id": "1012955533", "price": 129.17, "amount": 0.1, "side": "sell", "timestamp": 1765929318262}, {"id": "1012955534", "price": 129.18, "amount": 0.04, "side": "buy", "timestamp": 1765929318350}, {"id": "1012955535", "price": 129.17, "amount": 151.91, "side": "sell", "timestamp": 1765929318369}, {"id": "1012955536", "price": 129.16, "amount": 436.0, "side": "sell", "timestamp": 1765929318403}, {"id": "1012955537", "price": 129.16, "amount": 3.15, "side": "buy", "timestamp": 1765929318404}, {"id": "1012955538", "price": 129.16, "amount": 9.72, "side": "buy", "timestamp": 1765929318530}, {"id": "1012955539", "price": 129.16, "amount": 0.02, "side": "buy", "timestamp": 1765929318827}, {"id": "1012955540", "price": 129.16, "amount": 34.36, "side": "buy", "timestamp": 1765929318945}, {"id": "1012955541", "price": 129.15, "amount": 91.21, "side": "sell", "timestamp": 1765929319007}, {"id": "1012955542", "price": 129.16, "amount": 23.93, "side": "buy", "timestamp": 1765929319161}, {"id": "1012955543", "price": 129.16, "amount": 23.88, "side": "buy", "timestamp": 1765929319510}, {"id": "1012955544", "price": 129.16, "amount": 0.77, "side": "buy", "timestamp": 1765929319637}, {"id": "1012955545", "price": 129.15, "amount": 0.49, "side": "sell", "timestamp": 1765929320038}, {"id": "1012955546", "price": 129.15, "amount": 209.44, "side": "sell", "timestamp": 1765929320264}, {"id": "1012955547", "price": 129.15, "amount": 19.0, "side": "sell", "timestamp": 1765929320603}, {"id": "1012955548", "price": 129.16, "amount": 38.73, "side": "buy", "timestamp": 1765929320623}, {"id": "1012955549", "price": 129.16, "amount": 3.99, "side": "buy", "timestamp": 1765929320744}, {"id": "1012955550", "price": 129.15, "amount": 0.11, "side": "sell", "timestamp": 1765929321155}, {"id": "1012955551", "price": 129.15, "amount": 0.06, "side": "sell", "timestamp": 1765929321392}, {"id": "1012955552", "price": 129.16, "amount": 0.12, "side": "buy", "timestamp": 1765929321457}, {"id": "1012955553", "price": 129.15, "amount": 15.57, "side": "sell", "timestamp": 1765929321837}, {"id": "1012955554", "price": 129.15, "amount": 21.12, "side": "sell", "timestamp": 1765929321962}, {"id": "1012955555", "price": 129.16, "amount": 12.96, "side": "buy", "timestamp": 1765929322426}, {"id": "1012955556", "price": 129.16, "amount": 100.01, "side": "buy", "timestamp": 1765929322567}, {"id": "1012955557", "price": 129.15, "amount": 3.85, "side": "sell", "timestamp": 1765929322809}, {"id": "1012955558", "price": 129.15, "amount": 3.87, "side": "sell", "timestamp": 1765929322985}, {"id": "1012955904", "price": 128.99, "amount": 0.4, "side": "sell", "timestamp": 1765929370527}, {"id": "1012955905", "price": 129.0, "amount": 272.18, "side": "buy", "timestamp": 1765929370579}, {"id": "1012955906", "price": 129.01, "amount": 11.61, "side": "buy", "timestamp": 1765929370602}, {"id": "1012955907", "price": 129.02, "amount": 189.33, "side": "buy", "timestamp": 1765929370623}, {"id": "1012955908", "price": 129.03, "amount": 39.49, "side": "buy", "timestamp": 1765929370626}, {"id": "1012955909", "price": 129.04, "amount": 46.52, "side": "buy", "timestamp": 1765929370626}, {"id": "1012955910", "price": 129.03, "amount": 0.16, "side": "sell", "timestamp": 1765929370633}, {"id": "1012955911", "price": 129.04, "amount": 4.38, "side": "buy", "timestamp": 1765929370652}, {"id": "1012955912", "price": 129.04, "amount": 72.97, "side": "sell", "timestamp": 1765929370893}, {"id": "1012955913", "price": 129.05, "amount": 0.11, "side": "buy", "timestamp": 1765929371086}, {"id": "1012955914", "price": 129.04, "amount": 8.47, "side": "sell", "timestamp": 1765929371574}, {"id": "1012955915", "price": 129.04, "amount": 19.37, "side": "sell", "timestamp": 1765929371736}, {"id": "1012955916", "price": 129.04, "amount": 15.58, "side": "sell", "timestamp": 1765929371943}, {"id": "1012955917", "price": 129.04, "amount": 0.11, "side": "sell", "timestamp": 1765929372081}, {"id": "1012955918", "price": 129.05, "amount": 0.17, "side": "buy", "timestamp": 1765929372170}, {"id": "1012955919", "price": 129.04, "amount": 14.9, "side": "sell", "timestamp": 1765929372274}, {"id": "1012955920", "price": 129.05, "amount": 0.51, "side": "buy", "timestamp": 1765929372331}, {"id": "1012955921", "price": 129.04, "amount": 0.17, "side": "sell", "timestamp": 1765929372442}, {"id": "1012955922", "price": 129.05, "amount": 43.38, "side": "buy", "timestamp": 1765929372528}, {"id": "1012955923", "price": 129.06, "amount": 12.19, "side": "buy", "timestamp": 1765929372530}, {"id": "1012955924", "price": 129.07, "amount": 184.43, "side": "buy", "timestamp": 1765929372530}, {"id": "1012955925", "price": 129.08, "amount": 34.98, "side": "buy", "timestamp": 1765929372570}, {"id": "1012955926", "price": 129.09, "amount": 53.21, "side": "buy", "timestamp": 1765929372572}, {"id": "1012955927", "price": 129.1, "amount": 354.04, "side": "buy", "timestamp": 1765929372572}, {"id": "1012955928", "price": 129.11, "amount": 49.89, "side": "buy", "timestamp": 1765929372609}, {"id": "1012955929", "price": 129.12, "amount": 26.14, "side": "buy", "timestamp": 1765929372614}, {"id": "1012955930", "price": 129.11, "amount": 0.05, "side": "sell", "timestamp": 1765929372661}, {"id": "1012955931", "price": 129.12, "amount": 78.52, "side": "buy", "timestamp": 1765929372680}, {"id": "1012955932", "price": 129.13, "amount": 53.75, "side": "buy", "timestamp": 1765929372693}, {"id": "1012955933", "price": 129.12, "amount": 1025.93, "side": "sell", "timestamp": 1765929372719}, {"id": "1012955934", "price": 129.11, "amount": 240.42, "side": "sell", "timestamp": 1765929372758}, {"id": "1012955935", "price": 129.1, "amount": 206.85, "side": "sell", "timestamp": 1765929372780}, {"id": "1012955936", "price": 129.1, "amount": 0.15, "side": "buy", "timestamp": 1765929372793}, {"id": "1012955937", "price": 129.09, "amount": 82.14, "side": "sell", "timestamp": 1765929372793}, {"id": "1012955938", "price": 129.1, "amount": 0.09, "side": "buy", "timestamp": 1765929372799}, {"id": "1012955939", "price": 129.09, "amount": 83.4, "side": "sell", "timestamp": 1765929372804}, {"id": "1012955940", "price": 129.09, "amount": 50.88, "side": "sell", "timestamp": 1765929372962}, {"id": "1012955941", "price": 129.1, "amount": 0.15, "side": "buy", "timestamp": 1765929373100}, {"id": "1012955942", "price": 129.09, "amount": 40.0, "side": "sell", "timestamp": 1765929373105}, {"id": "1012955943", "price": 129.1, "amount": 166.05, "side": "buy", "timestamp": 1765929373257}, {"id": "1012955944", "price": 129.11, "amount": 1.39, "side": "buy", "timestamp": 1765929373260}, {"id": "1012955945", "price": 129.11, "amount": 3.86, "side": "sell", "timestamp": 1765929373420}, {"id": "1012955946", "price": 129.12, "amount": 0.36, "side": "buy", "timestamp": 1765929373680}, {"id": "1012955947", "price": 129.12, "amount": 0.08, "side": "buy", "timestamp": 1765929374027}, {"id": "1012955948", "price": 129.11, "amount": 222.25, "side": "sell", "timestamp": 1765929374275}, {"id": "1012955949", "price": 129.1, "amount": 0.9, "side": "sell", "timestamp": 1765929374280}, {"id": "1012955950", "price": 129.1, "amount": 100.0, "side": "sell", "timestamp": 1765929374434}, {"id": "1012955951", "price": 129.1, "amount": 11.28, "side": "sell", "timestamp": 1765929374678}, {"id": "1012955952", "price": 129.11, "amount": 0.1, "side": "buy", "timestamp": 1765929374824}, {"id": "1012955953", "price": 129.1, "amount": 2.45, "side": "sell", "timestamp": 1765929374953}, {"id": "1012956188", "price": 129.18, "amount": 0.05, "side": "buy", "timestamp": 1765929420551}, {"id": "1012956189", "price": 129.17, "amount": 2.99, "side": "sell", "timestamp": 1765929420674}, {"id": "1012956190", "price": 129.17, "amount": 284.13, "side": "sell", "timestamp": 1765929420800}, {"id": "1012956191", "price": 129.16, "amount": 120.37, "side": "sell", "timestamp": 1765929420881}, {"id": "1012956192", "price": 129.15, "amount": 2.7, "side": "sell", "timestamp": 1765929420884}, {"id": "1012956193", "price": 129.16, "amount": 1.11, "side": "buy", "timestamp": 1765929420958}, {"id": "1012956194", "price": 129.15, "amount": 0.83, "side": "sell", "timestamp": 1765929421139}, {"id": "1012956195", "price": 129.15, "amount": 1.0, "side": "sell", "timestamp": 1765929421360}, {"id": "1012956196", "price": 129.15, "amount": 241.44, "side": "sell", "timestamp": 1765929421797}, {"id": "1012956197", "price": 129.14, "amount": 161.88, "side": "sell", "timestamp": 1765929421835}, {"id": "1012956198", "price": 129.15, "amount": 120.0, "side": "buy", "timestamp": 1765929421891}, {"id": "1012956199", "price": 129.15, "amount": 106.36, "side": "buy", "timestamp": 1765929422019}, {"id": "1012956200", "price": 129.15, "amount": 0.11, "side": "buy", "timestamp": 1765929422203}, {"id": "1012956201", "price": 129.15, "amount": 0.18, "side": "buy", "timestamp": 1765929422327}, {"id": "1012956202", "price": 129.15, "amount": 508.25, "side": "buy", "timestamp": 1765929422585}, {"id": "1012956203", "price": 129.15, "amount": 3.6, "side": "sell", "timestamp": 1765929422595}, {"id": "1012956204", "price": 129.16, "amount": 3.0, "side": "buy", "timestamp": 1765929422800}, {"id": "1012956205", "price": 129.15, "amount": 0.11, "side": "sell", "timestamp": 1765929423017}, {"id": "1012956206", "price": 129.16, "amount": 0.13, "side": "buy", "timestamp": 1765929423115}, {"id": "1012956207", "price": 129.15, "amount": 4.48, "side": "sell", "timestamp": 1765929423115}, {"id": "1012956208", "price": 129.15, "amount": 0.76, "side": "sell", "timestamp": 1765929423280}, {"id": "1012956209", "price": 129.16, "amount": 3.52, "side": "buy", "timestamp": 1765929423319}, {"id": "1012956210", "price": 129.15, "amount": 1.93, "side": "sell", "timestamp": 1765929423443}, {"id": "1012956211", "price": 129.16, "amount": 0.14, "side": "buy", "timestamp": 1765929423589}, {"id": "1012956212", "price": 129.16, "amount": 0.12, "side": "buy", "timestamp": 1765929423858}, {"id": "1012956213", "price": 129.16, "amount": 0.11, "side": "buy", "timestamp": 1765929424044}, {"id": "1012956214", "price": 129.15, "amount": 3.87, "side": "sell", "timestamp": 1765929424075}, {"id": "1012956215", "price": 129.16, "amount": 0.1, "side": "buy", "timestamp": 1765929424115}, {"id": "1012956216", "price": 129.16, "amount": 0.05, "side": "buy", "timestamp": 1765929424238}, {"id": "1012956217", "price": 129.15, "amount": 0.33, "side": "sell", "timestamp": 1765929424245}, {"id": "1012956218", "price": 129.15, "amount": 1.31, "side": "sell", "timestamp": 1765929424407}, {"id": "1012956219", "price": 129.16, "amount": 0.04, "side": "buy", "timestamp": 1765929424826}, {"id": "1012956220", "price": 129.16, "amount": 0.21, "side": "buy", "timestamp": 1765929425066}, {"id": "1012956221", "price": 129.15, "amount": 15.02, "side": "sell", "timestamp": 1765929425115}, {"id": "1012956222", "price": 129.16, "amount": 1.11, "side": "buy", "timestamp": 1765929425225}, {"id": "1012956223", "price": 129.15, "amount": 31.41, "side": "sell", "timestamp": 1765929425345}, {"id": "1012956224", "price": 129.16, "amount": 0.17, "side": "buy", "timestamp": 1765929425377}, {"id": "1012956225", "price": 129.16, "amount": 0.55, "side": "buy", "timestamp": 1765929425522}, {"id": "1012956226", "price": 129.16, "amount": 2.16, "side": "buy", "timestamp": 1765929425661}, {"id": "1012956227", "price": 129.15, "amount": 65.5, "side": "sell", "timestamp": 1765929425893}, {"id": "1012956228", "price": 129.16, "amount": 3.03, "side": "buy", "timestamp": 1765929425965}, {"id": "1012956229", "price": 129.15, "amount": 0.11, "side": "sell", "timestamp": 1765929426065}, {"id": "1012956230", "price": 129.15, "amount": 0.5, "side": "sell", "timestamp": 1765929426465}, {"id": "1012956231", "price": 129.16, "amount": 5.77, "side": "buy", "timestamp": 1765929426518}, {"id": "1012956232", "price": 129.15, "amount": 0.23, "side": "sell", "timestamp": 1765929426881}, {"id": "1012956233", "price": 129.15, "amount": 5.0, "side": "sell", "timestamp": 1765929426998}, {"id": "1012956234", "price": 129.15, "amount": 0.19, "side": "sell", "timestamp": 1765929427220}, {"id": "1012956235", "price": 129.16, "amount": 457.53, "side": "buy", "timestamp": 1765929427555}, {"id": "1012956236", "price": 129.17, "amount": 0.03, "side": "buy", "timestamp": 1765929427688}, {"id": "1012956237", "price": 129.16, "amount": 80.0, "side": "sell", "timestamp": 1765929428126}, {"id": "1012956565", "price": 129.16, "amount": 61.38, "side": "sell", "timestamp": 1765929476722}, {"id": "1012956566", "price": 129.17, "amount": 500.0, "side": "buy", "timestamp": 1765929476766}, {"id": "1012956567", "price": 129.16, "amount": 257.97, "side": "sell", "timestamp": 1765929476791}, {"id": "1012956568", "price": 129.16, "amount": 500.0, "side": "buy", "timestamp": 1765929476808}, {"id": "1012956569", "price": 129.15, "amount": 126.02, "side": "sell", "timestamp": 1765929476828}, {"id": "1012956570", "price": 129.14, "amount": 91.6, "side": "sell", "timestamp": 1765929476842}, {"id": "1012956571", "price": 129.14, "amount": 1060.59, "side": "buy", "timestamp": 1765929476845}, {"id": "1012956572", "price": 129.15, "amount": 1000.0, "side": "buy", "timestamp": 1765929476945}, {"id": "1012956573", "price": 129.14, "amount": 0.98, "side": "sell", "timestamp": 1765929477045}, {"id": "1012956574", "price": 129.15, "amount": 335.21, "side": "buy", "timestamp": 1765929477116}, {"id": "1012956575", "price": 129.14, "amount": 240.0, "side": "sell", "timestamp": 1765929477122}, {"id": "1012956576", "price": 129.14, "amount": 121.1, "side": "sell", "timestamp": 1765929477260}, {"id": "1012956577", "price": 129.13, "amount": 32.47, "side": "sell", "timestamp": 1765929477304}, {"id": "1012956578", "price": 129.12, "amount": 7.88, "side": "sell", "timestamp": 1765929477328}, {"id": "1012956579", "price": 129.11, "amount": 82.1, "side": "sell", "timestamp": 1765929477341}, {"id": "1012956580", "price": 129.1, "amount": 13.9, "side": "sell", "timestamp": 1765929477398}, {"id": "1012956581", "price": 129.09, "amount": 2.94, "side": "sell", "timestamp": 1765929477429}, {"id": "1012956582", "price": 129.08, "amount": 194.18, "side": "sell", "timestamp": 1765929477436}, {"id": "1012956583", "price": 129.07, "amount": 123.88, "side": "sell", "timestamp": 1765929477438}, {"id": "1012956584", "price": 129.06, "amount": 44.12, "side": "sell", "timestamp": 1765929477547}, {"id": "1012956585", "price": 129.05, "amount": 23.58, "side": "sell", "timestamp": 1765929477586}, {"id": "1012956586", "price": 129.05, "amount": 1.26, "side": "buy", "timestamp": 1765929477664}, {"id": "1012956587", "price": 129.05, "amount": 34.5, "side": "buy", "timestamp": 1765929477766}, {"id": "1012956588", "price": 129.04, "amount": 82.02, "side": "sell", "timestamp": 1765929477949}, {"id": "1012956589", "price": 129.04, "amount": 0.11, "side": "buy", "timestamp": 1765929477999}, {"id": "1012956590", "price": 129.04, "amount": 0.11, "side": "buy", "timestamp": 1765929478119}, {"id": "1012956591", "price": 129.03, "amount": 0.09, "side": "sell", "timestamp": 1765929478134}, {"id": "1012956592", "price": 129.03, "amount": 2.94, "side": "sell", "timestamp": 1765929478364}, {"id": "1012956593", "price": 129.04, "amount": 490.3, "side": "buy", "timestamp": 1765929478455}, {"id": "1012956594", "price": 129.05, "amount": 19.74, "side": "buy", "timestamp": 1765929478561}, {"id": "1012956595", "price": 129.06, "amount": 68.09, "side": "buy", "timestamp": 1765929478578}, {"id": "1012956596", "price": 129.07, "amount": 158.83, "side": "buy", "timestamp": 1765929478904}, {"id": "1012956597", "price": 129.08, "amount": 171.76, "side": "buy", "timestamp": 1765929478958}, {"id": "1012956598", "price": 129.09, "amount": 6.66, "side": "buy", "timestamp": 1765929478966}, {"id": "1012956599", "price": 129.09, "amount": 0.76, "side": "sell", "timestamp": 1765929478973}, {"id": "1012956600", "price": 129.1, "amount": 3.0, "side": "buy", "timestamp": 1765929479009}, {"id": "1012956601", "price": 129.09, "amount": 126.95, "side": "sell", "timestamp": 1765929479050}, {"id": "1012956602", "price": 129.09, "amount": 17.06, "side": "sell", "timestamp": 1765929479187}, {"id": "1012956603", "price": 129.1, "amount": 157.64, "side": "buy", "timestamp": 1765929479417}, {"id": "1012956604", "price": 129.1, "amount": 3.87, "side": "sell", "timestamp": 1765929479469}, {"id": "1012956605", "price": 129.11, "amount": 19.33, "side": "buy", "timestamp": 1765929479508}, {"id": "1012956606", "price": 129.11, "amount": 0.13, "side": "buy", "timestamp": 1765929479623}, {"id": "1012956607", "price": 129.1, "amount": 0.54, "side": "sell", "timestamp": 1765929479726}, {"id": "1012956608", "price": 129.1, "amount": 0.08, "side": "sell", "timestamp": 1765929480132}, {"id": "1012956609", "price": 129.11, "amount": 0.11, "side": "buy", "timestamp": 1765929480172}, {"id": "1012956610", "price": 129.1, "amount": 0.11, "side": "sell", "timestamp": 1765929480182}, {"id": "1012956611", "price": 129.1, "amount": 0.97, "side": "sell", "timestamp": 1765929480316}, {"id": "1012956612", "price": 129.11, "amount": 7.74, "side": "buy", "timestamp": 1765929480349}, {"id": "1012956613", "price": 129.1, "amount": 0.25, "side": "sell", "timestamp": 1765929480890}, {"id": "1012956614", "price": 129.11, "amount": 39.0, "side": "buy", "timestamp": 1765929480985}, {"id": "1012957008", "price": 129.38, "amount": 3.87, "side": "buy", "timestamp": 1765929528827}, {"id": "1012957009", "price": 129.37, "amount": 0.1, "side": "sell", "timestamp": 1765929528831}, {"id": "1012957010", "price": 129.38, "amount": 10.55, "side": "buy", "timestamp": 1765929528864}, {"id": "1012957011", "price": 129.37, "amount": 0.15, "side": "sell", "timestamp": 1765929528889}, {"id": "1012957012", "price": 129.37, "amount": 0.1, "side": "sell", "timestamp": 1765929529016}, {"id": "1012957013", "price": 129.38, "amount": 0.11, "side": "buy", "timestamp": 1765929529150}, {"id": "1012957014", "price": 129.37, "amount": 8.89, "side": "sell", "timestamp": 1765929529189}, {"id": "1012957015", "price": 129.36, "amount": 12.32, "side": "sell", "timestamp": 1765929529194}, {"id": "1012957016", "price": 129.35, "amount": 29.17, "side": "sell", "timestamp": 1765929529270}, {"id": "1012957017", "price": 129.34, "amount": 20.6, "side": "sell", "timestamp": 1765929529275}, {"id": "1012957018", "price": 129.33, "amount": 38.83, "side": "sell", "timestamp": 1765929529276}, {"id": "1012957019", "price": 129.32, "amount": 0.05, "side": "sell", "timestamp": 1765929529352}, {"id": "1012957020", "price": 129.33, "amount": 0.11, "side": "buy", "timestamp": 1765929529359}, {"id": "1012957021", "price": 129.32, "amount": 15.74, "side": "sell", "timestamp": 1765929529376}, {"id": "1012957022", "price": 129.31, "amount": 7.17, "side": "sell", "timestamp": 1765929529439}, {"id": "1012957023", "price": 129.3, "amount": 0.1, "side": "sell", "timestamp": 1765929529457}, {"id": "1012957024", "price": 129.3, "amount": 0.15, "side": "sell", "timestamp": 1765929529604}, {"id": "1012957025", "price": 129.31, "amount": 1083.68, "side": "buy", "timestamp": 1765929529799}, {"id": "1012957026", "price": 129.32, "amount": 104.38, "side": "buy", "timestamp": 1765929529801}, {"id": "1012957027", "price": 129.33, "amount": 314.94, "side": "buy", "timestamp": 1765929529802}, {"id": "1012957028", "price": 129.33, "amount": 0.05, "side": "sell", "timestamp": 1765929529804}, {"id": "1012957029", "price": 129.34, "amount": 1.2, "side": "buy", "timestamp": 1765929529815}, {"id": "1012957030", "price": 129.34, "amount": 158.06, "side": "sell", "timestamp": 1765929529815}, {"id": "1012957031", "price": 129.35, "amount": 3.0, "side": "buy", "timestamp": 1765929529853}, {"id": "1012957032", "price": 129.34, "amount": 0.15, "side": "sell", "timestamp": 1765929529859}, {"id": "1012957033", "price": 129.35, "amount": 14.45, "side": "buy", "timestamp": 1765929529969}, {"id": "1012957034", "price": 129.36, "amount": 4.24, "side": "buy", "timestamp": 1765929529972}, {"id": "1012957035", "price": 129.36, "amount": 32.24, "side": "sell", "timestamp": 1765929530016}, {"id": "1012957036", "price": 129.37, "amount": 0.25, "side": "buy", "timestamp": 1765929530194}, {"id": "1012957037", "price": 129.36, "amount": 292.19, "side": "sell", "timestamp": 1765929530273}, {"id": "1012957038", "price": 129.35, "amount": 0.25, "side": "sell", "timestamp": 1765929530293}, {"id": "1012957039", "price": 129.36, "amount": 0.04, "side": "buy", "timestamp": 1765929530425}, {"id": "1012957040", "price": 129.35, "amount": 0.1, "side": "sell", "timestamp": 1765929530425}, {"id": "1012957041", "price": 129.35, "amount": 0.1, "side": "sell", "timestamp": 1765929530534}, {"id": "1012957042", "price": 129.36, "amount": 0.37, "side": "buy", "timestamp": 1765929530588}, {"id": "1012957043", "price": 129.35, "amount": 0.05, "side": "sell", "timestamp": 1765929530640}, {"id": "1012957044", "price": 129.36, "amount": 0.18, "side": "buy", "timestamp": 1765929530665}, {"id": "1012957045", "price": 129.35, "amount": 0.1, "side": "sell", "timestamp": 1765929530695}, {"id": "1012957046", "price": 129.36, "amount": 2.0, "side": "buy", "timestamp": 1765929530768}, {"id": "1012957047", "price": 129.35, "amount": 24.17, "side": "sell", "timestamp": 1765929530801}, {"id": "1012957048", "price": 129.36, "amount": 0.06, "side": "buy", "timestamp": 1765929530913}, {"id": "1012957049", "price": 129.35, "amount": 0.15, "side": "sell", "timestamp": 1765929530915}, {"id": "1012957050", "price": 129.36, "amount": 0.07, "side": "buy", "timestamp": 1765929531096}, {"id": "1012957051", "price": 129.35, "amount": 0.11, "side": "sell", "timestamp": 1765929531102}, {"id": "1012957052", "price": 129.36, "amount": 0.11, "side": "buy", "timestamp": 1765929531196}, {"id": "1012957053", "price": 129.35, "amount": 0.25, "side": "sell", "timestamp": 1765929532107}, {"id": "1012957054", "price": 129.35, "amount": 0.58, "side": "sell", "timestamp": 1765929532421}, {"id": "1012957055", "price": 129.35, "amount": 35.79, "side": "sell", "timestamp": 1765929532786}, {"id": "1012957056", "price": 129.36, "amount": 0.29, "side": "buy", "timestamp": 1765929533032}, {"id": "1012957057", "price": 129.35, "amount": 3.86, "side": "sell", "timestamp": 1765929533125}, {"id": "1012957306", "price": 129.11, "amount": 52.96, "side": "buy", "timestamp": 1765929571611}, {"id": "1012957307", "price": 129.12, "amount": 6.81, "side": "buy", "timestamp": 1765929571664}, {"id": "1012957308", "price": 129.12, "amount": 0.76, "side": "sell", "timestamp": 1765929571748}, {"id": "1012957309", "price": 129.12, "amount": 8.56, "side": "sell", "timestamp": 1765929571852}, {"id": "1012957310", "price": 129.12, "amount": 0.04, "side": "sell", "timestamp": 1765929571985}, {"id": "1012957311", "price": 129.12, "amount": 7.79, "side": "sell", "timestamp": 1765929572130}, {"id": "1012957312", "price": 129.13, "amount": 2.0, "side": "buy", "timestamp": 1765929572483}, {"id": "1012957313", "price": 129.13, "amount": 3.88, "side": "buy", "timestamp": 1765929572600}, {"id": "1012957314", "price": 129.12, "amount": 0.39, "side": "sell", "timestamp": 1765929573001}, {"id": "1012957315", "price": 129.13, "amount": 0.2, "side": "buy", "timestamp": 1765929573044}, {"id": "1012957316", "price": 129.12, "amount": 0.39, "side": "sell", "timestamp": 1765929573083}, {"id": "1012957317", "price": 129.13, "amount": 38.72, "side": "buy", "timestamp": 1765929573095}, {"id": "1012957318", "price": 129.12, "amount": 0.25, "side": "sell", "timestamp": 1765929573169}, {"id": "1012957319", "price": 129.13, "amount": 4.47, "side": "buy", "timestamp": 1765929573307}, {"id": "1012957320", "price": 129.14, "amount": 0.24, "side": "buy", "timestamp": 1765929573629}, {"id": "1012957321", "price": 129.13, "amount": 10.37, "side": "sell", "timestamp": 1765929574051}, {"id": "1012957322", "price": 129.13, "amount": 0.76, "side": "sell", "timestamp": 1765929574191}, {"id": "1012957323", "price": 129.14, "amount": 0.8, "side": "buy", "timestamp": 1765929574250}, {"id": "1012957324", "price": 129.13, "amount": 15.0, "side": "sell", "timestamp": 1765929574812}, {"id": "1012957325", "price": 129.14, "amount": 25.11, "side": "buy", "timestamp": 1765929575071}, {"id": "1012957326", "price": 129.13, "amount": 180.45, "side": "sell", "timestamp": 1765929575879}, {"id": "1012957327", "price": 129.12, "amount": 239.28, "side": "sell", "timestamp": 1765929575906}, {"id": "1012957328", "price": 129.12, "amount": 0.11, "side": "sell", "timestamp": 1765929576061}, {"id": "1012957329", "price": 129.13, "amount": 3.76, "side": "buy", "timestamp": 1765929576999}, {"id": "1012957330", "price": 129.13, "amount": 0.14, "side": "buy", "timestamp": 1765929578032}, {"id": "1012957331", "price": 129.13, "amount": 0.74, "side": "buy", "timestamp": 1765929578318}, {"id": "1012957332", "price": 129.13, "amount": 27.64, "side": "buy", "timestamp": 1765929578990}, {"id": "1012957333", "price": 129.12, "amount": 0.11, "side": "sell", "timestamp": 1765929579071}, {"id": "1012957334", "price": 129.13, "amount": 0.11, "side": "buy", "timestamp": 1765929579098}, {"id": "1012957335", "price": 129.13, "amount": 61.83, "side": "buy", "timestamp": 1765929580168}, {"id": "1012957336", "price": 129.12, "amount": 7.74, "side": "sell", "timestamp": 1765929580321}, {"id": "1012957337", "price": 129.13, "amount": 3.87, "side": "buy", "timestamp": 1765929580675}, {"id": "1012957338", "price": 129.13, "amount": 0.27, "side": "buy", "timestamp": 1765929580878}, {"id": "1012957339", "price": 129.13, "amount": 0.11, "side": "buy", "timestamp": 1765929581114}, {"id": "1012957340", "price": 129.13, "amount": 0.06, "side": "buy", "timestamp": 1765929581428}, {"id": "1012957341", "price": 129.12, "amount": 39.5, "side": "sell", "timestamp": 1765929581580}, {"id": "1012957342", "price": 129.13, "amount": 0.11, "side": "buy", "timestamp": 1765929581702}, {"id": "1012957343", "price": 129.12, "amount": 0.11, "side": "sell", "timestamp": 1765929582097}, {"id": "1012957344", "price": 129.12, "amount": 2.13, "side": "sell", "timestamp": 1765929582779}, {"id": "1012957345", "price": 129.12, "amount": 4.22, "side": "sell", "timestamp": 1765929582986}, {"id": "1012957346", "price": 129.13, "amount": 0.45, "side": "buy", "timestamp": 1765929583044}, {"id": "1012957347", "price": 129.12, "amount": 3.8, "side": "sell", "timestamp": 1765929583339}, {"id": "1012957348", "price": 129.13, "amount": 0.07, "side": "buy", "timestamp": 1765929583640}, {"id": "1012957349", "price": 129.12, "amount": 1.06, "side": "sell", "timestamp": 1765929583735}, {"id": "1012957350", "price": 129.12, "amount": 0.05, "side": "sell", "timestamp": 1765929584239}, {"id": "1012957351", "price": 129.12, "amount": 2.23, "side": "sell", "timestamp": 1765929584737}, {"id": "1012957352", "price": 129.12, "amount": 0.11, "side": "sell", "timestamp": 1765929585113}, {"id": "1012957353", "price": 129.13, "amount": 0.11, "side": "buy", "timestamp": 1765929585146}, {"id": "1012957354", "price": 129.13, "amount": 0.02, "side": "buy", "timestamp": 1765929585400}, {"id": "1012957355", "price": 129.12, "amount": 4.87, "side": "sell", "timestamp": 1765929586304}]