[{"symbol": "BTCUSDT", "bids": [[86159.0, 1.823], [86158.9, 0.002], [86158.8, 0.002], [86158.6, 0.002], [86158.5, 0.017], [86158.3, 0.002], [86157.8, 0.006], [86157.3, 0.004], [86157.2, 0.002], [86157.0, 0.016], [86156.9, 0.004], [86156.8, 0.002], [86156.3, 0.173], [86156.2, 0.003], [86156.1, 0.027], [86156.0, 0.009], [86155.5, 0.002], [86155.4, 0.005], [86155.2, 0.014], [86155.1, 0.063]], "asks": [[86159.1, 3.847], [86159.2, 0.059], [86159.3, 0.003], [86159.4, 0.002], [86160.0, 0.054], [86160.2, 0.002], [86160.6, 0.034], [86160.7, 0.002], [86161.1, 0.003], [86161.2, 0.005], [86161.4, 0.002], [86161.5, 0.058], [86161.7, 0.005], [86161.8, 0.002], [86162.1, 0.004], [86162.2, 0.028], [86162.3, 0.015], [86162.4, 0.002], [86162.6, 0.028], [86162.7, 0.038]], "timestamp": "2025-12-18T00:00:16.193770+00:00"}, {"symbol": "BTCUSDT", "bids": [[86233.4, 0.003], [86233.3, 0.003], [86233.1, 0.002], [86232.8, 0.002], [86232.6, 0.06], [86232.5, 0.002], [86232.2, 0.002], [86232.0, 0.002], [86231.6, 0.027], [86231.4, 0.025], [86231.3, 0.002], [86230.9, 0.002], [86230.8, 0.011], [86230.4, 0.002], [86230.3, 0.002], [86230.2, 0.003], [86230.1, 0.002], [86230.0, 0.007], [86229.8, 0.002], [86229.4, 0.003]], "asks": [[86233.5, 1.68], [86233.7, 0.179], [86233.8, 9.379], [86233.9, 0.004], [86234.2, 1.018], [86234.6, 0.26], [86235.0, 0.006], [86235.6, 0.002], [86235.8, 0.003], [86236.1, 0.005], [86236.3, 0.175], [86236.4, 0.012], [86236.5, 0.002], [86236.6, 0.003], [86236.8, 0.008], [86236.9, 0.004], [86237.3, 0.003], [86237.6, 0.002], [86237.7, 0.002], [86237.9, 0.321]], "timestamp": "2025-12-18T00:01:14.766862+00:00"}, {"symbol": "BTCUSDT", "bids": [[86154.6, 7.093], [86154.5, 0.013], [86154.3, 0.004], [86154.1, 0.002], [86153.6, 0.004], [86153.5, 0.012], [86153.4, 0.011], [86153.1, 0.005], [86152.8, 0.002], [86152.6, 0.005], [86152.5, 0.2], [86152.4, 0.872], [86152.0, 0.002], [86151.8, 0.003], [86151.6, 0.038], [86151.5, 0.002], [86151.0, 0.007], [86150.8, 0.002], [86150.5, 0.002], [86150.4, 0.002]], "asks": [[86154.7, 2.142], [86154.8, 0.006], [86154.9, 0.006], [86155.1, 0.002], [86155.6, 0.002], [86156.0, 0.002], [86156.1, 0.002], [86156.2, 0.007], [86156.7, 0.005], [86156.8, 0.004], [86156.9, 0.002], [86157.0, 0.002], [86157.2, 0.003], [86157.3, 0.002], [86157.4, 0.002], [86157.7, 0.011], [86157.9, 0.002], [86158.0, 0.003], [86158.2, 0.002], [86158.3, 0.002]], "timestamp": "2025-12-18T00:02:11.267999+00:00"}, {"symbol": "BTCUSDT", "bids": [[86169.5, 11.901], [86169.4, 0.014], [86169.2, 0.002], [86169.0, 0.012], [86168.6, 0.002], [86168.2, 0.712], [86168.1, 0.002], [86168.0, 0.261], [86167.9, 0.002], [86167.8, 0.028], [86167.7, 0.118], [86167.6, 0.002], [86167.5, 0.003], [86167.4, 0.002], [86166.9, 0.002], [86166.7, 0.003], [86166.6, 0.002], [86166.5, 0.002], [86166.4, 0.002], [86166.2, 0.876]], "asks": [[86169.6, 0.278], [86169.7, 0.004], [86170.3, 0.002], [86170.6, 0.004], [86171.0, 0.002], [86171.5, 0.004], [86171.8, 0.002], [86171.9, 0.047], [86172.0, 0.004], [86172.2, 0.003], [86172.3, 0.058], [86172.4, 0.035], [86172.9, 0.005], [86173.2, 0.015], [86173.3, 0.002], [86173.6, 0.004], [86173.7, 0.003], [86174.1, 0.036], [86174.4, 0.004], [86174.5, 0.011]], "timestamp": "2025-12-18T00:03:06.673377+00:00"}, {"symbol": "BTCUSDT", "bids": [[86154.2, 1.952], [86154.1, 0.046], [86153.6, 0.002], [86153.5, 0.004], [86153.3, 0.002], [86152.6, 0.004], [86152.2, 0.003], [86152.1, 0.004], [86152.0, 0.003], [86151.9, 0.002], [86151.8, 0.002], [86151.7, 0.002], [86151.6, 0.002], [86151.5, 0.003], [86151.3, 0.002], [86151.2, 0.002], [86151.0, 0.006], [86150.7, 0.003], [86150.6, 0.003], [86150.5, 0.004]], "asks": [[86154.3, 2.454], [86154.4, 0.086], [86155.0, 0.002], [86155.1, 0.034], [86155.2, 0.05], [86155.6, 0.002], [86155.7, 0.045], [86156.0, 0.004], [86156.2, 0.002], [86156.4, 0.003], [86156.8, 0.006], [86157.0, 0.004], [86157.2, 0.003], [86157.3, 0.002], [86157.4, 0.002], [86157.7, 0.002], [86157.8, 0.002], [86158.0, 0.003], [86158.2, 0.004], [86158.3, 0.002]], "timestamp": "2025-12-18T00:04:01.643798+00:00"}, {"symbol": "BTCUSDT", "bids": [[86159.7, 6.242], [86159.6, 0.034], [86159.5, 0.023], [86159.3, 0.05], [86159.1, 0.002], [86158.8, 0.004], [86158.6, 0.002], [86158.4, 0.002], [86158.3, 0.002], [86158.1, 0.002], [86158.0, 0.012], [86157.9, 0.148], [86157.8, 0.333], [86157.3, 0.127], [86157.2, 0.164], [86157.0, 0.002], [86156.9, 0.002], [86156.6, 0.192], [86156.5, 0.003], [86156.4, 0.004]], "asks": [[86159.8, 0.401], [86159.9, 0.002], [86160.0, 0.002], [86160.3, 0.005], [86160.5, 0.002], [86160.7, 0.002], [86161.1, 0.002], [86161.2, 0.047], [86161.8, 0.005], [86161.9, 0.002], [86162.0, 0.002], [86162.3, 0.119], [86162.5, 0.004], [86162.6, 0.003], [86162.7, 0.002], [86162.8, 0.002], [86162.9, 0.004], [86163.2, 0.01], [86163.3, 0.13], [86163.4, 0.088]], "timestamp": "2025-12-18T00:05:00.737095+00:00"}, {"symbol": "BTCUSDT", "bids": [[86130.0, 0.78], [86129.9, 0.008], [86129.4, 0.002], [86129.3, 0.004], [86129.1, 0.04], [86129.0, 0.002], [86128.9, 0.026], [86128.5, 0.004], [86128.4, 0.002], [86128.2, 0.002], [86128.0, 0.009], [86127.9, 0.002], [86127.8, 0.002], [86127.6, 0.006], [86127.5, 0.002], [86127.4, 0.002], [86127.2, 0.003], [86127.0, 0.002], [86126.9, 0.002], [86126.7, 0.002]], "asks": [[86130.1, 8.126], [86130.2, 0.014], [86130.6, 0.047], [86131.0, 0.004], [86131.1, 0.002], [86131.4, 0.005], [86131.5, 0.066], [86131.6, 0.004], [86131.8, 0.002], [86131.9, 0.004], [86132.0, 0.323], [86132.1, 0.003], [86132.2, 0.002], [86132.3, 0.003], [86132.7, 0.004], [86132.8, 0.004], [86132.9, 0.003], [86133.1, 0.002], [86133.3, 0.002], [86133.4, 0.132]], "timestamp": "2025-12-18T00:05:59.208026+00:00"}, {"symbol": "BTCUSDT", "bids": [[86131.8, 3.908], [86131.7, 0.002], [86131.4, 0.002], [86131.3, 0.142], [86131.2, 0.24], [86131.1, 0.005], [86131.0, 0.016], [86130.9, 0.002], [86130.8, 0.119], [86130.7, 0.002], [86130.5, 0.002], [86130.4, 0.004], [86130.3, 0.002], [86130.2, 0.018], [86130.0, 0.123], [86129.8, 0.003], [86129.7, 0.308], [86129.3, 0.002], [86129.2, 0.005], [86129.1, 0.117]], "asks": [[86131.9, 1.193], [86132.0, 0.004], [86132.3, 0.002], [86132.4, 0.002], [86132.6, 0.002], [86132.7, 0.005], [86132.8, 0.002], [86132.9, 0.002], [86133.3, 0.002], [86133.4, 0.002], [86133.8, 0.002], [86133.9, 0.005], [86134.1, 0.002], [86134.2, 0.003], [86134.4, 0.038], [86134.5, 0.002], [86134.8, 0.003], [86134.9, 0.022], [86135.0, 0.008], [86135.1, 0.002]], "timestamp": "2025-12-18T00:06:56.298756+00:00"}, {"symbol": "BTCUSDT", "bids": [[86093.0, 1.038], [86092.9, 0.007], [86092.8, 0.002], [86092.4, 0.005], [86092.3, 0.005], [86091.9, 0.002], [86091.4, 0.002], [86091.2, 0.002], [86091.0, 0.003], [86090.9, 0.002], [86090.4, 0.002], [86090.2, 0.003], [86090.0, 0.004], [86089.7, 0.054], [86089.5, 0.002], [86089.2, 0.005], [86089.0, 0.002], [86088.9, 0.002], [86088.6, 0.003], [86088.3, 0.002]], "asks": [[86093.1, 2.235], [86093.2, 0.009], [86093.5, 0.002], [86093.8, 0.004], [86093.9, 0.032], [86094.0, 0.006], [86094.1, 0.002], [86094.2, 0.005], [86094.6, 0.002], [86094.8, 0.392], [86094.9, 0.038], [86095.0, 0.005], [86095.1, 0.002], [86095.4, 0.002], [86095.5, 0.003], [86095.7, 0.008], [86095.8, 0.005], [86095.9, 0.002], [86096.0, 0.117], [86096.1, 0.003]], "timestamp": "2025-12-18T00:07:53.206672+00:00"}, {"symbol": "BTCUSDT", "bids": [[86091.1, 2.444], [86091.0, 0.042], [86090.9, 0.006], [86090.6, 0.004], [86090.0, 0.002], [86089.7, 0.004], [86089.6, 0.016], [86089.5, 0.129], [86089.4, 0.117], [86089.3, 0.008], [86089.1, 0.003], [86089.0, 0.002], [86088.9, 0.004], [86088.8, 0.002], [86088.7, 0.008], [86088.6, 0.004], [86088.5, 0.119], [86088.0, 0.011], [86087.6, 0.002], [86087.5, 0.002]], "asks": [[86091.2, 1.12], [86091.3, 0.016], [86091.5, 0.002], [86091.6, 0.017], [86091.7, 0.045], [86092.3, 0.022], [86092.4, 0.002], [86092.8, 0.002], [86092.9, 0.004], [86093.2, 0.015], [86093.4, 0.002], [86093.5, 0.002], [86093.7, 0.003], [86093.8, 0.002], [86093.9, 0.002], [86094.0, 0.004], [86094.1, 0.002], [86094.4, 0.009], [86094.6, 0.133], [86094.7, 0.016]], "timestamp": "2025-12-18T00:08:51.546747+00:00"}, {"symbol": "BTCUSDT", "bids": [[86098.7, 1.963], [86098.6, 0.01], [86098.0, 0.004], [86097.9, 0.008], [86097.6, 0.058], [86097.4, 0.016], [86097.3, 0.002], [86096.7, 0.003], [86096.6, 0.002], [86096.4, 0.002], [86096.2, 0.002], [86096.1, 0.004], [86095.9, 0.005], [86095.8, 0.011], [86095.5, 0.208], [86095.4, 0.535], [86095.3, 0.784], [86095.2, 0.002], [86095.1, 0.003], [86095.0, 0.026]], "asks": [[86098.8, 2.725], [86098.9, 0.049], [86099.0, 0.011], [86099.1, 0.004], [86099.2, 0.047], [86099.3, 0.002], [86099.4, 0.024], [86099.7, 0.117], [86099.8, 0.002], [86100.0, 0.016], [86100.1, 0.002], [86100.3, 0.002], [86100.4, 0.129], [86100.5, 0.117], [86100.6, 0.002], [86100.8, 0.006], [86101.0, 0.005], [86101.2, 0.143], [86101.5, 0.01], [86101.6, 0.004]], "timestamp": "2025-12-18T00:09:48.692600+00:00"}, {"symbol": "BTCUSDT", "bids": [[86089.8, 5.834], [86089.7, 0.008], [86089.5, 0.002], [86089.2, 0.117], [86088.8, 0.002], [86088.6, 0.083], [86088.5, 0.119], [86088.1, 0.002], [86087.8, 0.003], [86087.3, 0.002], [86087.2, 0.26], [86087.0, 0.003], [86086.8, 0.015], [86086.7, 0.002], [86086.6, 0.006], [86086.5, 0.002], [86086.3, 0.119], [86086.2, 0.003], [86086.0, 0.008], [86085.8, 0.081]], "asks": [[86089.9, 1.613], [86090.0, 0.049], [86090.3, 0.002], [86090.5, 0.006], [86091.0, 0.002], [86091.2, 0.002], [86091.3, 0.002], [86091.5, 0.002], [86091.8, 0.004], [86092.0, 0.002], [86092.1, 0.02], [86092.2, 0.065], [86092.4, 0.002], [86092.6, 0.002], [86092.8, 0.003], [86092.9, 0.002], [86093.0, 0.005], [86093.1, 0.002], [86093.2, 0.002], [86093.7, 0.002]], "timestamp": "2025-12-18T00:10:47.781536+00:00"}, {"symbol": "BTCUSDT", "bids": [[86126.4, 2.704], [86126.3, 0.052], [86126.1, 0.002], [86125.9, 0.004], [86125.6, 0.002], [86125.3, 0.002], [86125.0, 0.004], [86124.9, 0.03], [86124.8, 0.004], [86124.7, 0.003], [86124.6, 0.02], [86124.5, 0.14], [86124.4, 0.158], [86124.2, 0.018], [86124.1, 0.002], [86124.0, 0.002], [86123.9, 0.002], [86123.8, 0.003], [86123.4, 0.003], [86123.1, 0.002]], "asks": [[86126.5, 6.687], [86126.6, 0.008], [86126.7, 0.002], [86126.8, 0.048], [86127.0, 0.045], [86127.5, 0.004], [86127.6, 0.002], [86127.7, 0.013], [86127.9, 0.004], [86128.0, 0.058], [86128.2, 0.058], [86128.3, 0.002], [86128.4, 0.004], [86128.5, 0.003], [86128.8, 0.095], [86129.1, 0.011], [86129.2, 0.006], [86129.3, 0.003], [86129.7, 0.004], [86129.9, 0.005]], "timestamp": "2025-12-18T00:11:44.019861+00:00"}, {"symbol": "BTCUSDT", "bids": [[86118.2, 4.789], [86118.1, 0.557], [86118.0, 0.065], [86117.7, 0.052], [86117.5, 0.218], [86117.4, 0.002], [86117.3, 0.015], [86117.2, 0.012], [86117.1, 0.002], [86117.0, 0.002], [86116.7, 0.002], [86116.4, 0.004], [86116.3, 0.01], [86116.2, 0.004], [86116.1, 0.002], [86115.9, 0.005], [86115.7, 0.029], [86115.6, 0.062], [86115.5, 0.119], [86115.4, 0.002]], "asks": [[86118.3, 0.575], [86118.4, 0.006], [86118.7, 0.002], [86118.9, 0.002], [86119.8, 0.004], [86120.0, 0.004], [86120.3, 0.005], [86120.4, 0.002], [86120.6, 0.002], [86120.8, 0.003], [86121.0, 0.002], [86121.1, 0.002], [86121.2, 0.024], [86121.4, 0.015], [86121.5, 0.014], [86121.6, 0.013], [86121.7, 0.012], [86121.8, 0.344], [86121.9, 0.058], [86122.0, 0.005]], "timestamp": "2025-12-18T00:12:41.324932+00:00"}, {"symbol": "BTCUSDT", "bids": [[86139.8, 3.428], [86139.7, 0.008], [86139.0, 0.004], [86138.8, 0.052], [86138.6, 0.002], [86138.5, 0.002], [86138.0, 0.004], [86137.8, 0.003], [86137.7, 0.002], [86137.6, 0.002], [86137.3, 0.002], [86137.1, 0.002], [86137.0, 0.003], [86136.9, 0.103], [86136.8, 0.002], [86136.7, 0.004], [86136.6, 0.142], [86136.5, 0.031], [86136.4, 0.002], [86136.2, 0.007]], "asks": [[86139.9, 2.512], [86140.0, 0.004], [86140.8, 0.002], [86141.0, 0.002], [86141.2, 0.002], [86141.3, 0.006], [86141.6, 0.066], [86141.9, 0.007], [86142.3, 0.002], [86142.5, 0.063], [86142.7, 0.002], [86143.2, 0.365], [86143.3, 0.003], [86143.5, 0.002], [86143.7, 0.002], [86143.8, 0.005], [86144.0, 0.117], [86144.1, 0.392], [86144.2, 0.242], [86144.3, 0.008]], "timestamp": "2025-12-18T00:13:35.085167+00:00"}, {"symbol": "BTCUSDT", "bids": [[86135.3, 4.445], [86135.2, 0.246], [86134.8, 0.006], [86134.7, 0.002], [86134.5, 0.022], [86134.3, 0.002], [86133.9, 0.005], [86133.8, 0.003], [86133.7, 0.028], [86133.6, 0.038], [86133.4, 0.012], [86133.3, 0.005], [86133.0, 0.003], [86132.8, 0.008], [86132.5, 0.005], [86132.4, 0.002], [86132.0, 0.033], [86131.9, 0.227], [86131.6, 0.002], [86131.5, 0.117]], "asks": [[86135.4, 0.89], [86135.5, 0.006], [86136.0, 0.002], [86136.7, 0.002], [86136.8, 0.002], [86137.2, 0.004], [86137.3, 0.01], [86137.4, 0.013], [86137.5, 0.01], [86137.6, 0.036], [86137.7, 0.332], [86137.9, 0.006], [86138.2, 0.003], [86138.4, 0.002], [86138.5, 0.288], [86138.6, 0.394], [86138.7, 0.397], [86138.8, 0.403], [86138.9, 0.388], [86139.0, 0.009]], "timestamp": "2025-12-18T00:14:29.050717+00:00"}, {"symbol": "BTCUSDT", "bids": [[86119.5, 2.617], [86119.4, 0.006], [86119.2, 0.117], [86119.1, 0.075], [86119.0, 0.036], [86118.9, 0.007], [86118.3, 0.034], [86118.2, 0.121], [86118.1, 0.008], [86117.8, 0.024], [86117.6, 0.002], [86117.5, 0.018], [86117.3, 0.06], [86117.2, 0.038], [86117.0, 0.005], [86116.9, 0.117], [86116.8, 0.027], [86116.3, 0.005], [86116.2, 0.117], [86116.1, 0.026]], "asks": [[86119.6, 0.7], [86119.7, 0.004], [86119.8, 0.004], [86120.0, 0.002], [86120.4, 0.002], [86120.6, 0.004], [86120.9, 0.047], [86121.0, 0.002], [86121.2, 0.056], [86121.4, 0.008], [86121.5, 0.006], [86121.6, 0.003], [86121.8, 0.002], [86121.9, 0.002], [86122.0, 0.058], [86122.1, 0.506], [86122.2, 0.003], [86122.3, 0.002], [86122.4, 0.008], [86122.5, 0.004]], "timestamp": "2025-12-18T00:15:23.323804+00:00"}, {"symbol": "BTCUSDT", "bids": [[86131.3, 0.375], [86131.2, 0.002], [86131.1, 0.014], [86130.8, 0.019], [86130.7, 0.014], [86130.6, 0.031], [86130.2, 0.004], [86130.0, 0.004], [86129.9, 0.002], [86129.6, 0.022], [86129.5, 0.002], [86129.3, 0.002], [86129.0, 0.004], [86128.9, 0.005], [86128.7, 0.006], [86128.5, 0.002], [86128.3, 0.003], [86128.2, 0.002], [86127.8, 0.002], [86127.7, 0.004]], "asks": [[86131.4, 7.442], [86131.5, 0.004], [86131.8, 0.073], [86132.1, 0.117], [86132.4, 0.563], [86132.5, 0.008], [86132.6, 3.066], [86132.7, 0.006], [86132.8, 0.049], [86132.9, 0.034], [86133.0, 0.129], [86133.2, 0.004], [86133.3, 0.002], [86133.4, 0.003], [86133.6, 0.004], [86133.7, 0.117], [86133.8, 0.002], [86133.9, 0.004], [86134.0, 0.01], [86134.2, 0.003]], "timestamp": "2025-12-18T00:16:16.835762+00:00"}, {"symbol": "BTCUSDT", "bids": [[86214.4, 0.193], [86214.3, 0.005], [86214.2, 0.005], [86213.8, 0.004], [86213.6, 0.004], [86213.2, 0.049], [86213.1, 0.002], [86212.9, 0.004], [86212.5, 0.002], [86212.4, 0.005], [86212.1, 0.002], [86212.0, 0.006], [86211.6, 0.002], [86211.5, 0.003], [86211.2, 0.004], [86211.0, 0.004], [86210.8, 0.002], [86210.7, 0.007], [86210.6, 0.002], [86210.5, 0.002]], "asks": [[86214.5, 6.289], [86214.6, 0.008], [86214.8, 0.002], [86214.9, 0.116], [86215.0, 0.004], [86215.6, 0.2], [86215.7, 0.565], [86216.0, 0.002], [86216.3, 0.116], [86216.4, 0.091], [86216.5, 0.009], [86216.8, 0.002], [86217.2, 0.01], [86217.3, 0.034], [86217.4, 0.002], [86217.5, 0.002], [86217.6, 0.003], [86217.7, 0.005], [86218.0, 0.04], [86218.1, 0.119]], "timestamp": "2025-12-18T00:17:11.256731+00:00"}, {"symbol": "BTCUSDT", "bids": [[86113.0, 2.323], [86112.9, 0.004], [86112.8, 0.008], [86112.7, 0.002], [86112.1, 0.004], [86112.0, 0.062], [86111.8, 0.002], [86111.3, 0.004], [86111.2, 0.088], [86111.1, 0.003], [86111.0, 0.002], [86110.8, 0.016], [86110.6, 0.005], [86110.4, 0.018], [86110.3, 0.021], [86110.1, 0.002], [86110.0, 0.004], [86109.8, 0.026], [86109.6, 0.045], [86109.5, 0.004]], "asks": [[86113.1, 5.094], [86113.2, 0.564], [86113.3, 0.162], [86113.4, 0.002], [86113.6, 0.003], [86113.7, 0.007], [86113.8, 0.005], [86113.9, 0.003], [86114.0, 0.003], [86114.1, 0.003], [86114.2, 0.003], [86114.3, 0.003], [86114.5, 0.002], [86114.6, 0.006], [86114.7, 0.002], [86115.0, 0.004], [86115.1, 0.005], [86115.2, 0.005], [86115.3, 0.029], [86115.4, 0.007]], "timestamp": "2025-12-18T00:18:07.066100+00:00"}, {"symbol": "BTCUSDT", "bids": [[86127.1, 1.912], [86127.0, 0.009], [86126.8, 0.004], [86126.3, 0.076], [86126.0, 0.005], [86125.9, 0.004], [86125.7, 0.048], [86125.5, 0.013], [86125.1, 0.003], [86125.0, 0.01], [86124.8, 0.002], [86124.7, 0.002], [86124.5, 0.013], [86124.3, 0.003], [86124.2, 0.004], [86124.1, 0.002], [86124.0, 0.002], [86123.9, 0.003], [86123.8, 0.017], [86123.7, 0.002]], "asks": [[86127.2, 8.145], [86127.3, 0.008], [86127.6, 0.002], [86128.0, 0.007], [86128.2, 0.181], [86128.5, 0.002], [86129.0, 0.002], [86129.1, 0.002], [86129.2, 0.011], [86129.3, 0.162], [86129.4, 0.349], [86129.6, 0.002], [86130.0, 0.006], [86130.2, 0.243], [86130.8, 0.002], [86131.0, 0.005], [86131.4, 0.016], [86131.6, 0.01], [86132.0, 0.244], [86132.1, 0.102]], "timestamp": "2025-12-18T00:19:01.339213+00:00"}, {"symbol": "BTCUSDT", "bids": [[86088.6, 1.64], [86088.5, 0.007], [86088.0, 0.006], [86087.5, 0.002], [86087.1, 0.004], [86087.0, 0.002], [86086.9, 0.102], [86086.7, 0.003], [86086.5, 0.002], [86086.4, 0.024], [86086.3, 0.004], [86086.2, 0.002], [86086.0, 0.018], [86085.9, 0.002], [86085.8, 0.005], [86085.7, 0.002], [86085.5, 0.002], [86085.4, 0.004], [86085.3, 0.015], [86085.2, 0.031]], "asks": [[86088.7, 6.597], [86088.8, 1.053], [86088.9, 0.064], [86089.2, 0.016], [86089.6, 0.004], [86089.7, 0.002], [86089.8, 0.081], [86089.9, 0.141], [86090.0, 0.007], [86090.1, 0.046], [86090.2, 0.092], [86090.3, 0.002], [86090.4, 0.06], [86090.5, 0.004], [86090.7, 0.119], [86090.8, 0.232], [86090.9, 0.005], [86091.2, 0.002], [86091.3, 0.062], [86091.6, 0.117]], "timestamp": "2025-12-18T00:19:54.727973+00:00"}, {"symbol": "BTCUSDT", "bids": [[86044.7, 11.399], [86044.6, 0.064], [86044.4, 0.002], [86044.1, 0.004], [86044.0, 0.002], [86043.4, 0.002], [86043.2, 0.002], [86043.0, 0.002], [86042.9, 0.004], [86042.7, 0.003], [86042.4, 0.002], [86042.3, 0.002], [86041.9, 0.058], [86041.8, 0.013], [86041.7, 0.004], [86041.6, 0.005], [86041.5, 0.004], [86041.4, 0.002], [86041.1, 0.005], [86040.9, 0.002]], "asks": [[86044.8, 1.73], [86044.9, 0.002], [86045.0, 0.002], [86045.1, 0.002], [86045.5, 0.008], [86045.6, 0.05], [86045.7, 0.004], [86045.8, 0.002], [86045.9, 0.102], [86046.4, 0.012], [86046.5, 0.002], [86046.6, 0.004], [86046.7, 0.002], [86046.8, 0.235], [86047.0, 0.004], [86047.3, 0.005], [86047.4, 0.002], [86047.5, 0.002], [86047.9, 0.004], [86048.0, 0.55]], "timestamp": "2025-12-18T00:20:49.578309+00:00"}, {"symbol": "BTCUSDT", "bids": [[86059.9, 4.822], [86059.8, 0.102], [86059.6, 0.002], [86059.5, 0.016], [86059.0, 0.002], [86058.9, 0.007], [86058.8, 0.024], [86058.7, 0.002], [86058.6, 0.005], [86058.5, 0.009], [86058.2, 0.002], [86058.0, 0.004], [86057.9, 0.003], [86057.5, 0.004], [86057.4, 0.006], [86057.2, 0.086], [86057.0, 0.509], [86056.9, 0.008], [86056.8, 0.002], [86056.5, 0.002]], "asks": [[86060.0, 0.727], [86060.1, 0.002], [86060.2, 0.004], [86060.3, 0.004], [86060.5, 0.002], [86060.8, 0.045], [86061.0, 0.002], [86061.2, 0.004], [86061.4, 0.004], [86061.5, 0.004], [86062.0, 0.018], [86062.1, 0.004], [86062.4, 0.005], [86062.5, 0.009], [86062.6, 0.018], [86062.8, 0.23], [86062.9, 0.007], [86063.0, 0.004], [86063.1, 0.002], [86063.2, 0.003]], "timestamp": "2025-12-18T00:21:43.543945+00:00"}, {"symbol": "BTCUSDT", "bids": [[86104.8, 3.017], [86104.7, 0.014], [86104.6, 0.005], [86104.5, 0.003], [86104.4, 0.005], [86104.3, 0.005], [86104.2, 0.007], [86104.1, 0.003], [86104.0, 0.005], [86103.9, 0.005], [86103.8, 0.003], [86103.6, 0.002], [86103.5, 0.006], [86103.3, 0.005], [86103.2, 0.002], [86103.1, 0.002], [86103.0, 0.002], [86102.9, 0.003], [86102.8, 0.017], [86102.6, 0.02]], "asks": [[86104.9, 1.322], [86105.0, 0.002], [86105.1, 0.002], [86105.3, 0.002], [86105.8, 0.002], [86106.0, 0.002], [86106.3, 0.047], [86106.7, 0.008], [86106.9, 0.008], [86107.2, 0.002], [86107.5, 0.002], [86107.7, 0.005], [86107.9, 0.119], [86108.3, 0.003], [86108.4, 0.058], [86108.5, 0.002], [86108.6, 0.212], [86108.7, 0.019], [86108.8, 0.002], [86108.9, 0.005]], "timestamp": "2025-12-18T00:22:37.612607+00:00"}, {"symbol": "BTCUSDT", "bids": [[86090.3, 3.713], [86090.2, 0.006], [86089.5, 0.025], [86089.0, 0.002], [86088.9, 0.008], [86088.7, 0.193], [86088.6, 0.036], [86088.5, 0.002], [86088.1, 0.002], [86088.0, 0.011], [86087.9, 0.005], [86087.8, 0.022], [86087.6, 0.016], [86087.3, 0.004], [86087.1, 1.18], [86087.0, 0.014], [86086.8, 0.01], [86086.7, 0.004], [86086.6, 0.002], [86086.5, 0.002]], "asks": [[86090.4, 1.842], [86090.5, 0.051], [86090.8, 0.002], [86091.0, 0.002], [86091.2, 0.05], [86091.3, 0.004], [86091.6, 0.002], [86092.2, 0.004], [86092.4, 0.138], [86092.5, 0.119], [86092.6, 0.002], [86092.8, 0.004], [86093.1, 0.004], [86093.2, 0.003], [86093.3, 0.117], [86093.4, 0.371], [86093.5, 0.024], [86093.6, 0.002], [86093.7, 0.117], [86093.8, 0.004]], "timestamp": "2025-12-18T00:23:31.271451+00:00"}, {"symbol": "BTCUSDT", "bids": [[86095.8, 0.383], [86095.7, 0.002], [86095.3, 0.002], [86094.9, 0.004], [86094.6, 0.004], [86094.5, 0.002], [86094.1, 0.002], [86094.0, 0.004], [86093.9, 0.002], [86093.8, 0.005], [86093.6, 0.002], [86093.5, 0.002], [86093.2, 0.005], [86092.8, 0.002], [86092.7, 0.003], [86092.6, 0.005], [86092.4, 0.002], [86092.3, 0.002], [86092.0, 0.012], [86091.9, 0.004]], "asks": [[86095.9, 5.835], [86096.0, 0.026], [86096.1, 0.002], [86096.3, 0.002], [86096.4, 0.002], [86096.5, 0.004], [86096.8, 0.002], [86097.2, 0.117], [86097.3, 0.002], [86097.4, 0.028], [86097.5, 0.114], [86097.8, 0.343], [86097.9, 0.177], [86098.2, 0.004], [86098.3, 0.002], [86098.6, 0.002], [86098.7, 0.12], [86098.8, 0.097], [86098.9, 0.002], [86099.0, 0.002]], "timestamp": "2025-12-18T00:24:24.827643+00:00"}, {"symbol": "BTCUSDT", "bids": [[86128.7, 7.715], [86128.6, 0.009], [86128.5, 0.241], [86128.4, 1.003], [86128.3, 0.278], [86128.2, 0.004], [86128.1, 0.233], [86128.0, 0.002], [86127.7, 0.002], [86127.6, 0.011], [86127.5, 0.002], [86127.3, 0.063], [86127.0, 0.002], [86126.9, 0.002], [86126.8, 0.004], [86126.3, 0.003], [86126.2, 0.002], [86126.0, 0.003], [86125.9, 0.002], [86125.8, 0.003]], "asks": [[86128.8, 0.112], [86128.9, 0.004], [86129.0, 0.007], [86129.2, 0.004], [86129.3, 0.002], [86129.4, 0.008], [86129.7, 0.033], [86129.8, 0.045], [86129.9, 0.031], [86130.0, 0.023], [86130.1, 0.014], [86130.2, 0.004], [86130.3, 0.003], [86130.4, 0.002], [86130.5, 0.232], [86130.6, 0.046], [86130.9, 0.006], [86131.0, 0.008], [86131.1, 0.005], [86131.3, 0.028]], "timestamp": "2025-12-18T00:25:18.895429+00:00"}, {"symbol": "BTCUSDT", "bids": [[86113.2, 2.119], [86113.1, 0.004], [86113.0, 0.004], [86112.9, 0.012], [86112.8, 0.019], [86112.4, 0.002], [86112.1, 0.002], [86112.0, 0.004], [86111.8, 0.002], [86111.7, 0.002], [86111.4, 0.003], [86111.3, 0.004], [86111.0, 0.002], [86110.9, 0.002], [86110.6, 0.005], [86110.4, 0.004], [86110.3, 0.002], [86110.2, 0.003], [86110.0, 0.004], [86109.9, 0.007]], "asks": [[86113.3, 7.334], [86113.4, 0.013], [86113.6, 0.074], [86113.7, 0.121], [86113.8, 0.013], [86114.3, 0.016], [86114.4, 0.117], [86114.6, 0.006], [86114.7, 0.06], [86115.0, 0.004], [86115.1, 0.002], [86115.3, 0.13], [86115.5, 0.004], [86115.6, 0.034], [86115.7, 0.002], [86116.1, 0.005], [86116.3, 0.004], [86116.4, 0.005], [86116.7, 0.003], [86116.9, 0.002]], "timestamp": "2025-12-18T00:26:12.656445+00:00"}, {"symbol": "BTCUSDT", "bids": [[86100.0, 1.169], [86099.9, 0.004], [86099.4, 0.002], [86099.2, 0.004], [86099.0, 0.002], [86098.9, 0.002], [86098.6, 0.002], [86098.3, 0.002], [86098.1, 0.002], [86098.0, 0.119], [86097.9, 0.002], [86097.8, 0.003], [86097.6, 0.002], [86097.5, 0.002], [86097.4, 0.002], [86097.2, 0.002], [86097.0, 0.005], [86096.8, 0.002], [86096.7, 0.002], [86096.4, 0.002]], "asks": [[86100.1, 9.412], [86100.2, 0.042], [86100.7, 0.002], [86100.8, 0.004], [86101.0, 0.077], [86101.1, 0.005], [86101.2, 0.034], [86101.3, 0.024], [86101.4, 0.119], [86101.6, 0.002], [86101.7, 0.004], [86102.1, 0.003], [86102.3, 0.002], [86102.4, 0.117], [86102.7, 0.017], [86102.9, 0.003], [86103.0, 0.002], [86103.1, 0.145], [86103.2, 0.002], [86103.4, 0.002]], "timestamp": "2025-12-18T00:27:06.315656+00:00"}, {"symbol": "BTCUSDT", "bids": [[86105.1, 13.096], [86105.0, 0.008], [86104.5, 0.002], [86104.4, 0.766], [86104.3, 1.0], [86104.2, 1.007], [86104.1, 0.12], [86103.8, 0.002], [86103.5, 1.002], [86103.3, 0.004], [86103.2, 0.002], [86103.1, 0.003], [86103.0, 0.002], [86102.9, 0.002], [86102.6, 0.004], [86102.3, 0.004], [86102.1, 0.003], [86102.0, 0.002], [86101.9, 0.117], [86101.7, 0.005]], "asks": [[86105.2, 0.065], [86105.3, 0.005], [86105.5, 0.002], [86105.8, 0.004], [86106.0, 0.004], [86106.4, 0.002], [86106.8, 0.004], [86106.9, 0.002], [86107.0, 0.002], [86107.1, 0.005], [86107.3, 0.038], [86107.5, 0.118], [86107.6, 0.004], [86107.7, 0.006], [86107.9, 0.003], [86108.1, 0.031], [86108.2, 0.002], [86108.3, 0.002], [86108.4, 0.002], [86108.5, 0.002]], "timestamp": "2025-12-18T00:28:00.588582+00:00"}, {"symbol": "BTCUSDT", "bids": [[86183.9, 2.671], [86183.8, 0.006], [86183.6, 0.008], [86183.3, 0.057], [86183.2, 0.212], [86183.0, 0.055], [86182.9, 0.112], [86182.8, 0.005], [86182.7, 0.003], [86182.6, 0.005], [86182.5, 0.006], [86182.4, 0.061], [86182.3, 0.074], [86182.2, 0.002], [86182.1, 0.005], [86181.9, 0.005], [86181.3, 0.071], [86181.2, 0.002], [86181.0, 0.004], [86180.9, 0.003]], "asks": [[86184.0, 1.696], [86184.1, 0.002], [86184.2, 0.117], [86184.3, 0.002], [86184.4, 0.006], [86184.7, 0.002], [86184.8, 0.012], [86184.9, 0.008], [86185.2, 0.002], [86185.3, 0.119], [86185.4, 0.026], [86185.7, 0.002], [86185.9, 0.006], [86186.0, 0.003], [86186.1, 0.003], [86186.2, 0.117], [86186.4, 0.002], [86186.5, 0.003], [86186.6, 0.003], [86186.7, 0.029]], "timestamp": "2025-12-18T00:28:54.494241+00:00"}, {"symbol": "BTCUSDT", "bids": [[86192.3, 6.685], [86192.2, 0.008], [86191.8, 0.002], [86191.7, 0.024], [86191.6, 0.045], [86191.4, 0.004], [86191.3, 0.002], [86190.6, 0.005], [86190.5, 0.004], [86190.3, 0.072], [86190.0, 0.02], [86189.7, 0.002], [86189.6, 0.006], [86189.5, 0.006], [86189.2, 0.002], [86189.1, 0.002], [86188.5, 0.007], [86188.4, 0.066], [86188.3, 0.002], [86187.9, 0.004]], "asks": [[86192.4, 0.348], [86192.5, 0.004], [86192.6, 0.002], [86192.7, 0.003], [86193.0, 0.013], [86193.2, 0.002], [86193.5, 0.004], [86193.6, 0.426], [86193.9, 0.002], [86194.0, 0.002], [86194.4, 0.003], [86194.6, 0.002], [86194.7, 0.002], [86194.8, 0.068], [86194.9, 0.119], [86195.0, 0.004], [86195.1, 0.005], [86195.2, 0.002], [86195.4, 0.002], [86195.6, 0.119]], "timestamp": "2025-12-18T00:29:48.417687+00:00"}, {"symbol": "BTCUSDT", "bids": [[86190.6, 1.729], [86190.5, 0.013], [86190.0, 0.002], [86189.9, 0.002], [86189.7, 0.002], [86189.4, 0.002], [86189.3, 0.017], [86189.2, 0.004], [86189.1, 0.047], [86188.8, 0.002], [86188.6, 0.005], [86188.1, 0.004], [86187.8, 0.003], [86187.7, 0.003], [86187.6, 0.024], [86187.5, 0.005], [86187.4, 0.002], [86187.0, 0.005], [86186.8, 0.002], [86186.5, 0.002]], "asks": [[86190.7, 3.535], [86190.8, 0.004], [86191.1, 0.002], [86191.2, 0.023], [86191.3, 0.006], [86191.4, 0.117], [86191.6, 0.006], [86191.8, 0.002], [86192.0, 0.024], [86192.1, 0.094], [86192.2, 0.117], [86192.4, 0.004], [86192.5, 0.212], [86192.6, 0.006], [86192.9, 0.122], [86193.0, 0.008], [86193.4, 0.003], [86193.5, 0.002], [86193.6, 0.002], [86193.7, 0.022]], "timestamp": "2025-12-18T00:30:42.793546+00:00"}, {"symbol": "BTCUSDT", "bids": [[86190.0, 2.45], [86189.9, 0.006], [86189.6, 0.004], [86189.5, 0.003], [86189.4, 0.002], [86189.2, 0.004], [86189.1, 0.047], [86189.0, 0.002], [86188.8, 0.002], [86188.6, 0.005], [86188.2, 0.077], [86188.1, 0.006], [86188.0, 0.129], [86187.9, 0.026], [86187.8, 0.003], [86187.5, 0.006], [86187.4, 0.016], [86187.0, 0.007], [86186.8, 0.002], [86186.6, 0.012]], "asks": [[86190.1, 5.891], [86190.2, 0.009], [86190.3, 0.081], [86190.4, 0.004], [86190.7, 0.066], [86190.8, 0.006], [86191.0, 0.006], [86191.2, 0.011], [86191.3, 0.004], [86191.8, 0.002], [86192.1, 0.005], [86192.3, 0.002], [86192.6, 0.004], [86192.7, 0.117], [86192.8, 0.003], [86193.0, 0.004], [86193.1, 0.163], [86193.2, 0.002], [86193.5, 0.002], [86193.6, 0.12]], "timestamp": "2025-12-18T00:31:36.760252+00:00"}, {"symbol": "BTCUSDT", "bids": [[86193.8, 4.871], [86193.7, 0.004], [86193.5, 0.002], [86193.3, 0.002], [86193.1, 0.004], [86193.0, 0.036], [86192.6, 0.002], [86192.4, 0.002], [86192.0, 0.002], [86191.8, 0.003], [86191.6, 0.012], [86191.5, 0.012], [86191.2, 0.251], [86191.1, 1.0], [86191.0, 0.02], [86190.9, 0.006], [86190.8, 0.028], [86190.7, 0.01], [86190.4, 0.002], [86190.3, 0.286]], "asks": [[86193.9, 1.965], [86194.0, 0.007], [86194.3, 0.004], [86194.7, 0.004], [86194.8, 0.002], [86195.3, 0.002], [86195.6, 0.002], [86195.8, 0.002], [86196.1, 0.122], [86196.2, 0.002], [86196.3, 0.003], [86196.4, 0.006], [86196.5, 0.002], [86196.7, 0.003], [86196.8, 0.106], [86196.9, 0.185], [86197.0, 0.141], [86197.1, 0.003], [86197.2, 0.235], [86197.3, 0.149]], "timestamp": "2025-12-18T00:32:31.237168+00:00"}, {"symbol": "BTCUSDT", "bids": [[86219.6, 0.14], [86219.5, 0.109], [86219.3, 0.002], [86219.2, 0.05], [86219.1, 0.002], [86218.9, 0.004], [86218.6, 0.002], [86218.4, 0.052], [86218.2, 0.002], [86218.1, 0.004], [86217.8, 0.002], [86217.7, 0.002], [86217.6, 0.003], [86217.2, 0.002], [86216.8, 0.003], [86216.6, 0.004], [86216.3, 0.002], [86216.0, 0.003], [86215.8, 0.002], [86215.7, 0.002]], "asks": [[86219.7, 4.09], [86219.8, 0.004], [86219.9, 0.002], [86220.0, 0.002], [86220.1, 0.118], [86220.4, 0.008], [86220.6, 0.021], [86220.7, 0.011], [86220.8, 0.265], [86220.9, 0.361], [86221.0, 0.027], [86221.1, 0.002], [86221.2, 0.12], [86221.3, 0.003], [86221.4, 0.006], [86221.5, 0.01], [86221.6, 0.018], [86221.8, 0.02], [86221.9, 0.019], [86222.0, 0.3]], "timestamp": "2025-12-18T00:33:24.997439+00:00"}, {"symbol": "BTCUSDT", "bids": [[86272.1, 1.894], [86272.0, 0.057], [86271.9, 0.005], [86271.8, 0.003], [86271.7, 0.003], [86271.6, 0.003], [86271.5, 0.004], [86271.4, 0.002], [86271.3, 0.034], [86271.2, 0.05], [86270.9, 0.004], [86270.6, 0.002], [86270.4, 0.002], [86270.0, 0.007], [86269.9, 0.002], [86269.8, 0.237], [86269.6, 0.146], [86269.4, 0.002], [86269.2, 0.003], [86269.1, 0.002]], "asks": [[86272.2, 1.79], [86272.3, 0.002], [86272.4, 0.023], [86272.5, 0.076], [86272.6, 0.173], [86272.7, 0.003], [86272.8, 0.028], [86272.9, 0.002], [86273.1, 0.002], [86273.2, 0.002], [86273.4, 0.002], [86273.5, 0.002], [86273.9, 0.002], [86274.0, 0.006], [86274.2, 0.126], [86274.4, 0.002], [86274.5, 0.002], [86274.6, 0.002], [86274.7, 0.002], [86274.9, 0.002]], "timestamp": "2025-12-18T00:34:18.752540+00:00"}, {"symbol": "BTCUSDT", "bids": [[86250.0, 2.747], [86249.9, 0.024], [86249.8, 0.002], [86249.5, 0.005], [86249.4, 0.002], [86249.1, 0.002], [86249.0, 0.002], [86248.9, 0.045], [86248.5, 0.007], [86248.4, 0.004], [86248.2, 0.004], [86248.1, 0.002], [86248.0, 0.002], [86247.9, 0.005], [86247.4, 0.021], [86247.3, 0.003], [86247.2, 0.002], [86247.1, 0.005], [86247.0, 0.004], [86246.9, 0.002]], "asks": [[86250.1, 4.773], [86250.2, 0.004], [86250.7, 0.002], [86250.8, 0.109], [86250.9, 0.077], [86251.6, 0.007], [86251.7, 0.116], [86252.1, 0.003], [86252.4, 0.038], [86252.6, 0.116], [86252.7, 0.026], [86252.9, 0.003], [86253.1, 0.046], [86253.2, 0.156], [86253.6, 0.006], [86253.7, 0.005], [86253.9, 0.002], [86254.3, 0.002], [86254.4, 0.016], [86254.5, 0.027]], "timestamp": "2025-12-18T00:35:12.826901+00:00"}, {"symbol": "BTCUSDT", "bids": [[86212.9, 7.944], [86212.8, 0.039], [86212.7, 0.01], [86212.6, 1.438], [86212.5, 1.117], [86212.4, 0.27], [86212.1, 0.116], [86211.9, 0.002], [86211.4, 0.002], [86211.2, 0.002], [86211.1, 0.013], [86211.0, 0.002], [86210.9, 0.005], [86210.8, 0.144], [86210.7, 1.013], [86210.6, 0.05], [86210.5, 0.015], [86210.4, 0.024], [86210.3, 1.0], [86210.2, 1.061]], "asks": [[86213.0, 0.118], [86213.1, 0.002], [86213.2, 0.002], [86213.3, 0.003], [86213.5, 0.01], [86213.7, 0.015], [86213.8, 0.007], [86213.9, 0.002], [86214.3, 0.006], [86214.4, 0.002], [86214.5, 0.004], [86214.6, 0.011], [86214.9, 0.011], [86215.0, 0.016], [86215.2, 0.002], [86215.4, 0.006], [86215.5, 0.002], [86215.7, 0.003], [86215.9, 0.002], [86216.0, 0.002]], "timestamp": "2025-12-18T00:36:06.642260+00:00"}, {"symbol": "BTCUSDT", "bids": [[86235.6, 1.183], [86235.5, 0.004], [86235.4, 0.002], [86235.3, 0.002], [86235.1, 0.002], [86234.6, 0.002], [86234.4, 0.002], [86234.2, 0.002], [86233.9, 0.002], [86233.7, 0.002], [86233.6, 0.005], [86233.5, 0.002], [86233.4, 0.002], [86233.0, 0.002], [86232.9, 0.049], [86232.8, 0.003], [86232.7, 0.002], [86232.6, 0.128], [86232.5, 0.002], [86232.4, 0.003]], "asks": [[86235.7, 2.747], [86235.8, 0.002], [86236.5, 0.002], [86236.6, 0.006], [86236.8, 0.004], [86237.7, 0.175], [86237.8, 0.002], [86237.9, 0.06], [86238.0, 0.059], [86238.2, 0.145], [86238.3, 0.132], [86238.5, 0.003], [86238.6, 0.234], [86238.7, 0.002], [86238.9, 0.04], [86239.1, 0.116], [86239.3, 0.003], [86239.4, 0.004], [86239.5, 0.002], [86239.8, 0.263]], "timestamp": "2025-12-18T00:37:00.450571+00:00"}, {"symbol": "BTCUSDT", "bids": [[86252.0, 1.369], [86251.9, 0.072], [86251.8, 0.002], [86251.7, 0.004], [86251.5, 0.125], [86251.2, 0.05], [86251.0, 0.002], [86250.8, 0.004], [86250.6, 0.057], [86250.5, 0.002], [86250.1, 0.006], [86250.0, 0.007], [86249.9, 0.007], [86249.8, 0.002], [86249.5, 0.296], [86249.4, 0.004], [86249.2, 0.003], [86249.1, 0.02], [86249.0, 0.002], [86248.5, 0.003]], "asks": [[86252.1, 17.203], [86252.2, 0.014], [86252.3, 0.002], [86252.4, 0.008], [86252.7, 0.008], [86253.2, 0.002], [86253.3, 0.004], [86253.5, 0.014], [86253.6, 0.163], [86253.7, 0.007], [86254.0, 0.005], [86254.1, 0.022], [86254.3, 0.12], [86254.4, 0.012], [86254.5, 0.005], [86254.7, 0.002], [86254.8, 0.002], [86255.0, 0.012], [86255.1, 0.127], [86255.2, 0.003]], "timestamp": "2025-12-18T00:37:54.501379+00:00"}, {"symbol": "BTCUSDT", "bids": [[86243.7, 0.577], [86243.6, 0.002], [86243.5, 0.002], [86243.3, 0.057], [86243.2, 0.017], [86243.0, 0.034], [86242.7, 0.006], [86242.5, 0.015], [86242.4, 0.002], [86242.2, 0.007], [86242.1, 0.002], [86242.0, 0.056], [86241.5, 0.004], [86241.4, 0.008], [86241.3, 0.006], [86241.2, 0.002], [86241.1, 0.015], [86241.0, 0.016], [86240.9, 0.01], [86240.8, 0.009]], "asks": [[86243.8, 3.887], [86243.9, 0.357], [86244.0, 0.002], [86244.6, 0.007], [86244.7, 0.004], [86244.8, 0.002], [86245.0, 0.008], [86245.1, 0.002], [86245.5, 0.002], [86245.6, 0.005], [86245.7, 0.002], [86245.9, 0.003], [86246.0, 0.009], [86246.1, 0.024], [86246.3, 0.053], [86246.4, 0.002], [86246.5, 0.016], [86246.6, 0.158], [86246.7, 0.119], [86246.9, 0.004]], "timestamp": "2025-12-18T00:38:49.617309+00:00"}, {"symbol": "BTCUSDT", "bids": [[86249.6, 0.424], [86249.5, 0.004], [86249.4, 0.002], [86249.2, 0.003], [86249.1, 0.002], [86249.0, 0.002], [86248.5, 0.118], [86248.4, 0.01], [86248.3, 0.01], [86248.2, 0.002], [86248.1, 0.01], [86248.0, 0.018], [86247.9, 0.352], [86247.8, 0.118], [86247.6, 0.003], [86247.5, 0.002], [86247.4, 0.002], [86247.0, 0.12], [86246.9, 0.023], [86246.8, 0.019]], "asks": [[86249.7, 2.451], [86249.8, 0.006], [86250.0, 0.202], [86250.1, 0.002], [86250.2, 0.002], [86250.3, 0.014], [86250.6, 0.045], [86250.7, 0.009], [86251.0, 0.002], [86251.2, 0.002], [86251.3, 0.005], [86251.4, 0.002], [86251.5, 0.07], [86251.6, 0.012], [86251.7, 0.002], [86251.8, 1.599], [86252.0, 2.237], [86252.1, 14.909], [86252.2, 0.008], [86252.3, 0.002]], "timestamp": "2025-12-18T00:39:43.678629+00:00"}, {"symbol": "BTCUSDT", "bids": [[86242.0, 9.37], [86241.9, 0.006], [86241.6, 0.762], [86241.4, 0.002], [86241.3, 0.004], [86241.1, 0.102], [86241.0, 0.203], [86240.9, 0.002], [86240.8, 0.002], [86240.7, 1.267], [86240.6, 0.013], [86240.4, 0.008], [86240.0, 0.121], [86239.9, 1.002], [86239.8, 0.034], [86239.4, 0.002], [86239.3, 0.004], [86239.2, 0.987], [86239.1, 0.002], [86238.8, 0.057]], "asks": [[86242.1, 2.165], [86242.2, 0.021], [86242.4, 2.273], [86242.9, 0.006], [86243.1, 0.011], [86243.3, 0.003], [86243.4, 0.009], [86243.8, 0.002], [86243.9, 0.002], [86244.1, 0.005], [86244.3, 0.003], [86244.4, 0.004], [86244.6, 0.002], [86244.7, 0.007], [86244.9, 0.007], [86245.0, 0.002], [86245.1, 0.004], [86245.2, 0.057], [86245.3, 0.002], [86245.4, 0.028]], "timestamp": "2025-12-18T00:40:37.541622+00:00"}, {"symbol": "BTCUSDT", "bids": [[86155.0, 0.803], [86154.9, 0.004], [86154.8, 0.004], [86154.4, 0.002], [86154.3, 0.021], [86153.9, 0.007], [86153.8, 0.006], [86153.6, 0.002], [86153.5, 0.003], [86153.4, 0.002], [86153.1, 0.003], [86153.0, 0.004], [86152.9, 0.002], [86152.8, 0.004], [86152.7, 0.002], [86152.5, 0.003], [86152.4, 0.002], [86152.3, 0.007], [86152.1, 0.003], [86152.0, 0.021]], "asks": [[86155.1, 8.303], [86155.2, 0.075], [86155.4, 0.117], [86155.8, 0.008], [86156.0, 0.054], [86156.1, 0.034], [86156.2, 0.119], [86156.3, 0.036], [86156.8, 0.006], [86156.9, 0.005], [86157.0, 0.122], [86157.1, 0.006], [86157.2, 0.003], [86157.3, 0.003], [86157.4, 0.003], [86157.5, 0.005], [86157.6, 0.003], [86157.7, 0.007], [86157.8, 0.122], [86157.9, 0.003]], "timestamp": "2025-12-18T00:41:31.609633+00:00"}, {"symbol": "BTCUSDT", "bids": [[86119.8, 4.86], [86119.7, 0.173], [86119.1, 0.321], [86119.0, 0.119], [86118.5, 0.002], [86118.1, 0.002], [86118.0, 0.119], [86117.8, 0.003], [86117.7, 0.01], [86117.5, 0.044], [86117.3, 0.084], [86117.2, 0.019], [86117.1, 0.002], [86117.0, 0.122], [86116.9, 0.01], [86116.8, 1.0], [86116.7, 0.004], [86116.5, 0.028], [86116.4, 0.006], [86116.3, 0.015]], "asks": [[86119.9, 0.339], [86120.0, 0.022], [86120.1, 0.003], [86120.2, 0.01], [86120.4, 0.002], [86120.5, 0.004], [86120.6, 0.004], [86120.8, 0.002], [86121.0, 0.002], [86121.1, 0.002], [86121.2, 0.083], [86121.3, 0.002], [86121.5, 0.004], [86121.6, 0.052], [86121.8, 0.002], [86122.0, 0.002], [86122.1, 0.017], [86122.2, 0.002], [86122.3, 0.002], [86122.4, 0.056]], "timestamp": "2025-12-18T00:42:25.575379+00:00"}, {"symbol": "BTCUSDT", "bids": [[86120.7, 0.792], [86120.6, 0.014], [86120.4, 0.004], [86120.3, 0.002], [86119.9, 0.052], [86119.8, 0.186], [86119.6, 0.003], [86119.0, 0.006], [86118.9, 0.002], [86118.8, 0.003], [86118.5, 0.002], [86118.3, 0.061], [86118.2, 0.002], [86118.1, 0.006], [86118.0, 0.004], [86117.8, 0.003], [86117.7, 0.117], [86117.5, 0.002], [86117.3, 0.01], [86117.2, 0.002]], "asks": [[86120.8, 5.548], [86120.9, 0.004], [86121.0, 0.002], [86121.1, 0.01], [86121.2, 0.072], [86121.3, 0.002], [86121.5, 0.002], [86121.8, 0.002], [86122.3, 0.082], [86122.4, 0.236], [86122.5, 0.011], [86122.6, 0.002], [86122.7, 0.04], [86122.8, 0.028], [86123.0, 0.005], [86123.1, 0.312], [86123.2, 0.002], [86123.3, 0.351], [86123.4, 0.002], [86123.6, 0.003]], "timestamp": "2025-12-18T00:43:19.507081+00:00"}, {"symbol": "BTCUSDT", "bids": [[86122.9, 10.804], [86122.8, 0.158], [86122.7, 0.004], [86122.6, 0.002], [86122.4, 0.034], [86122.2, 0.002], [86122.1, 0.117], [86122.0, 0.035], [86121.7, 0.002], [86121.6, 0.004], [86121.2, 0.002], [86121.1, 0.117], [86121.0, 0.002], [86120.8, 0.005], [86120.7, 0.049], [86120.6, 0.012], [86120.4, 0.004], [86120.3, 0.002], [86120.2, 0.133], [86120.1, 0.079]], "asks": [[86123.0, 1.137], [86123.1, 0.004], [86123.2, 0.004], [86123.4, 0.002], [86124.1, 0.002], [86124.2, 0.002], [86124.6, 0.056], [86124.7, 0.006], [86124.9, 0.084], [86125.0, 0.005], [86125.2, 0.005], [86125.3, 0.252], [86125.4, 0.084], [86125.5, 0.014], [86125.7, 0.003], [86125.8, 0.004], [86125.9, 0.006], [86126.1, 0.003], [86126.2, 0.003], [86126.3, 0.009]], "timestamp": "2025-12-18T00:44:13.705807+00:00"}, {"symbol": "BTCUSDT", "bids": [[86091.5, 0.868], [86091.4, 0.004], [86091.3, 0.012], [86091.0, 0.002], [86090.6, 0.002], [86090.5, 0.002], [86089.9, 0.002], [86089.7, 0.002], [86089.6, 0.041], [86089.5, 0.003], [86089.4, 0.002], [86089.3, 0.007], [86089.2, 0.057], [86089.1, 0.002], [86088.9, 0.006], [86088.8, 0.019], [86088.7, 0.009], [86088.6, 0.002], [86088.5, 0.117], [86088.4, 0.002]], "asks": [[86091.6, 3.088], [86091.7, 0.019], [86091.9, 0.003], [86092.0, 0.052], [86092.1, 0.002], [86092.6, 0.048], [86092.7, 0.003], [86092.8, 0.057], [86093.0, 0.003], [86093.1, 0.083], [86093.3, 0.081], [86093.4, 0.002], [86093.5, 0.02], [86093.6, 0.003], [86093.7, 0.057], [86093.8, 0.047], [86094.0, 0.015], [86094.4, 0.003], [86094.5, 0.002], [86094.6, 0.006]], "timestamp": "2025-12-18T00:45:07.677653+00:00"}, {"symbol": "BTCUSDT", "bids": [[86117.1, 1.733], [86117.0, 0.004], [86116.9, 0.002], [86116.8, 0.002], [86116.4, 0.121], [86116.3, 0.002], [86116.1, 0.002], [86115.9, 0.003], [86115.8, 0.002], [86115.7, 0.005], [86115.6, 0.002], [86115.5, 0.12], [86115.4, 0.117], [86115.1, 0.005], [86115.0, 0.002], [86114.8, 0.004], [86114.7, 0.117], [86114.6, 0.004], [86114.5, 0.002], [86114.3, 0.003]], "asks": [[86117.2, 3.095], [86117.3, 0.006], [86117.6, 0.002], [86118.0, 0.004], [86118.1, 0.002], [86118.2, 0.022], [86118.3, 0.234], [86118.7, 1.249], [86118.9, 0.006], [86119.2, 0.003], [86119.4, 0.002], [86119.8, 0.002], [86120.0, 0.005], [86120.1, 0.077], [86120.2, 0.006], [86120.3, 0.002], [86120.4, 0.002], [86120.5, 0.002], [86120.6, 0.004], [86120.8, 0.003]], "timestamp": "2025-12-18T00:46:01.540289+00:00"}, {"symbol": "BTCUSDT", "bids": [[86131.8, 13.529], [86131.7, 1.677], [86131.6, 0.545], [86131.5, 0.119], [86131.2, 0.004], [86130.8, 0.25], [86130.7, 0.044], [86130.6, 0.002], [86130.2, 0.119], [86130.1, 0.002], [86130.0, 0.004], [86129.6, 0.005], [86129.0, 1.742], [86128.9, 0.381], [86128.8, 0.033], [86128.7, 0.231], [86128.6, 0.117], [86128.3, 0.002], [86128.2, 0.003], [86127.9, 0.385]], "asks": [[86131.9, 0.041], [86132.0, 0.005], [86132.1, 0.002], [86132.7, 0.006], [86132.8, 0.005], [86133.2, 0.002], [86133.3, 0.002], [86133.6, 0.004], [86133.7, 0.005], [86134.0, 0.002], [86134.1, 0.026], [86134.2, 0.002], [86134.4, 0.009], [86134.8, 0.004], [86135.0, 0.007], [86135.2, 0.002], [86135.3, 0.004], [86135.4, 0.002], [86135.5, 0.007], [86135.8, 0.002]], "timestamp": "2025-12-18T00:46:55.105153+00:00"}, {"symbol": "BTCUSDT", "bids": [[86130.2, 5.956], [86130.1, 0.469], [86130.0, 0.02], [86129.6, 0.005], [86129.3, 0.004], [86129.0, 0.006], [86128.9, 0.174], [86128.8, 0.005], [86128.5, 0.004], [86128.3, 0.006], [86128.2, 0.009], [86128.0, 0.117], [86127.9, 0.01], [86127.8, 0.006], [86127.6, 0.192], [86127.5, 0.286], [86127.4, 0.003], [86127.3, 0.117], [86127.2, 0.002], [86127.1, 0.002]], "asks": [[86130.3, 1.55], [86130.4, 0.002], [86130.5, 0.002], [86130.7, 0.006], [86131.0, 0.004], [86131.5, 0.002], [86132.1, 0.002], [86132.3, 0.005], [86133.1, 0.005], [86133.3, 0.051], [86133.5, 0.142], [86133.6, 0.237], [86133.8, 0.002], [86133.9, 0.003], [86134.1, 0.004], [86134.4, 0.081], [86134.5, 0.002], [86134.6, 0.178], [86134.7, 0.003], [86135.0, 0.002]], "timestamp": "2025-12-18T00:47:50.905239+00:00"}, {"symbol": "BTCUSDT", "bids": [[86164.9, 10.3], [86164.8, 0.004], [86164.7, 0.004], [86164.6, 0.014], [86164.5, 0.017], [86164.1, 0.076], [86164.0, 0.002], [86163.6, 0.002], [86163.5, 0.005], [86163.4, 0.267], [86163.3, 1.0], [86163.2, 0.119], [86163.1, 0.002], [86162.9, 0.003], [86162.8, 0.002], [86162.5, 0.117], [86162.3, 0.071], [86162.1, 0.003], [86161.8, 0.012], [86161.5, 0.123]], "asks": [[86165.0, 0.165], [86165.1, 0.002], [86165.4, 0.002], [86165.5, 0.002], [86165.7, 0.045], [86166.0, 0.004], [86166.1, 0.033], [86166.5, 0.002], [86166.6, 0.004], [86166.7, 0.005], [86167.0, 0.002], [86167.1, 0.002], [86167.4, 0.002], [86167.5, 0.041], [86167.6, 0.003], [86167.7, 0.002], [86167.8, 0.006], [86167.9, 0.004], [86168.0, 0.007], [86168.2, 0.127]], "timestamp": "2025-12-18T00:48:44.667188+00:00"}, {"symbol": "BTCUSDT", "bids": [[86206.5, 0.988], [86206.4, 0.008], [86206.3, 0.002], [86206.0, 0.002], [86205.7, 0.002], [86205.6, 0.092], [86205.4, 0.003], [86205.2, 0.002], [86205.1, 0.008], [86205.0, 0.045], [86204.8, 0.059], [86204.7, 0.088], [86204.6, 0.002], [86204.4, 0.003], [86204.3, 0.006], [86204.1, 0.009], [86204.0, 0.003], [86203.9, 0.009], [86203.8, 0.005], [86203.7, 0.003]], "asks": [[86206.6, 8.736], [86206.7, 0.774], [86206.8, 0.006], [86207.0, 0.118], [86207.7, 0.48], [86207.8, 0.042], [86208.0, 0.002], [86208.2, 0.002], [86208.3, 0.225], [86208.5, 0.002], [86208.7, 0.003], [86208.8, 0.002], [86209.3, 0.002], [86209.5, 0.051], [86209.6, 0.116], [86209.7, 0.002], [86209.8, 0.003], [86210.0, 0.008], [86210.1, 0.165], [86210.3, 0.019]], "timestamp": "2025-12-18T00:49:38.427644+00:00"}, {"symbol": "BTCUSDT", "bids": [[86219.1, 3.157], [86219.0, 0.132], [86218.9, 0.002], [86218.8, 0.024], [86218.6, 0.004], [86218.1, 0.007], [86218.0, 0.003], [86217.9, 0.003], [86217.8, 0.003], [86217.7, 0.003], [86217.6, 0.005], [86217.5, 0.003], [86217.4, 0.074], [86217.3, 0.111], [86217.2, 0.055], [86217.1, 0.052], [86217.0, 0.706], [86216.9, 0.004], [86216.8, 0.348], [86216.7, 0.855]], "asks": [[86219.2, 0.068], [86219.3, 0.01], [86219.5, 0.006], [86219.7, 0.002], [86220.0, 0.006], [86220.5, 0.002], [86220.6, 0.04], [86220.7, 0.002], [86221.0, 0.041], [86221.2, 0.011], [86221.5, 0.002], [86221.6, 0.002], [86221.8, 0.04], [86221.9, 0.002], [86222.0, 0.002], [86222.1, 0.002], [86222.2, 0.004], [86222.3, 0.634], [86222.5, 0.117], [86222.6, 0.003]], "timestamp": "2025-12-18T00:50:33.314066+00:00"}, {"symbol": "BTCUSDT", "bids": [[86223.2, 1.623], [86223.1, 0.005], [86223.0, 0.003], [86222.9, 0.003], [86222.8, 0.003], [86222.7, 0.002], [86222.6, 0.002], [86222.4, 0.004], [86222.2, 0.003], [86222.1, 0.004], [86221.7, 0.002], [86221.6, 0.002], [86221.5, 0.002], [86221.4, 0.003], [86221.3, 0.002], [86221.2, 0.002], [86221.1, 0.002], [86220.8, 0.002], [86220.7, 0.004], [86220.6, 0.003]], "asks": [[86223.3, 5.497], [86223.4, 0.004], [86223.6, 0.002], [86223.8, 0.002], [86224.1, 0.006], [86224.5, 0.057], [86225.0, 0.001], [86225.1, 0.002], [86225.3, 0.003], [86226.1, 0.005], [86226.3, 0.056], [86226.4, 0.008], [86226.5, 0.002], [86226.6, 0.45], [86226.7, 0.026], [86226.8, 2.51], [86226.9, 0.005], [86227.1, 0.004], [86227.2, 0.034], [86227.3, 0.017]], "timestamp": "2025-12-18T00:51:27.586508+00:00"}, {"symbol": "BTCUSDT", "bids": [[86213.0, 8.544], [86212.9, 0.008], [86212.8, 0.166], [86212.6, 0.01], [86212.3, 0.002], [86211.8, 1.0], [86211.7, 0.002], [86211.6, 0.002], [86211.3, 0.047], [86211.2, 0.026], [86211.0, 0.005], [86210.8, 0.002], [86210.7, 0.004], [86210.2, 0.003], [86210.1, 0.002], [86210.0, 0.002], [86209.9, 0.002], [86209.5, 0.005], [86209.4, 0.027], [86209.3, 0.002]], "asks": [[86213.1, 0.253], [86213.2, 0.008], [86213.3, 0.063], [86213.4, 0.002], [86213.7, 0.067], [86213.8, 0.003], [86214.0, 0.004], [86214.1, 0.002], [86214.5, 0.004], [86214.6, 0.068], [86214.8, 0.003], [86214.9, 0.002], [86215.0, 0.008], [86215.2, 0.116], [86215.3, 0.002], [86215.4, 0.004], [86215.5, 0.002], [86215.6, 0.002], [86215.8, 0.003], [86215.9, 0.036]], "timestamp": "2025-12-18T00:52:21.759447+00:00"}, {"symbol": "BTCUSDT", "bids": [[86235.2, 0.53], [86235.1, 0.002], [86234.9, 0.002], [86234.8, 0.07], [86234.6, 0.104], [86234.4, 0.004], [86233.6, 0.004], [86233.5, 0.122], [86233.4, 0.005], [86233.3, 0.002], [86233.2, 0.003], [86233.1, 0.002], [86232.9, 0.002], [86232.7, 0.004], [86232.6, 0.003], [86232.4, 0.002], [86232.2, 0.002], [86232.0, 0.003], [86231.9, 0.006], [86231.8, 0.003]], "asks": [[86235.3, 2.319], [86235.4, 0.029], [86236.0, 0.118], [86236.1, 0.004], [86236.2, 0.091], [86236.4, 0.002], [86236.5, 0.564], [86236.6, 0.116], [86236.7, 0.028], [86236.8, 0.007], [86236.9, 0.004], [86237.1, 0.025], [86237.2, 0.005], [86237.3, 0.118], [86237.5, 0.005], [86237.6, 0.004], [86237.7, 0.004], [86237.8, 0.017], [86238.0, 0.121], [86238.2, 0.728]], "timestamp": "2025-12-18T00:53:15.620225+00:00"}, {"symbol": "BTCUSDT", "bids": [[86226.1, 6.079], [86226.0, 0.048], [86225.9, 0.01], [86225.8, 0.047], [86225.7, 0.012], [86225.2, 0.002], [86225.1, 0.01], [86225.0, 0.004], [86224.7, 0.002], [86224.1, 0.002], [86224.0, 0.002], [86223.8, 0.005], [86223.6, 0.002], [86223.5, 0.002], [86223.2, 0.006], [86223.0, 0.029], [86222.6, 1.234], [86222.5, 0.019], [86222.4, 0.004], [86222.2, 0.005]], "asks": [[86226.2, 0.898], [86226.3, 0.002], [86226.4, 0.002], [86226.5, 0.002], [86226.6, 0.002], [86227.0, 0.002], [86227.2, 0.091], [86227.4, 0.006], [86227.6, 0.005], [86227.9, 0.004], [86228.1, 0.005], [86228.2, 0.003], [86228.3, 0.118], [86228.4, 0.002], [86228.9, 0.002], [86229.0, 0.007], [86229.1, 0.118], [86229.2, 0.002], [86229.3, 0.034], [86229.4, 0.306]], "timestamp": "2025-12-18T00:54:09.381008+00:00"}, {"symbol": "BTCUSDT", "bids": [[86227.2, 0.62], [86227.1, 0.002], [86227.0, 0.002], [86226.7, 0.002], [86226.4, 0.053], [86226.3, 0.006], [86226.2, 0.008], [86226.1, 0.059], [86226.0, 0.002], [86225.9, 0.006], [86225.8, 4.642], [86225.7, 0.004], [86225.4, 0.003], [86225.3, 0.017], [86225.2, 0.002], [86225.0, 0.017], [86224.8, 0.002], [86224.7, 0.002], [86224.6, 0.003], [86224.5, 0.093]], "asks": [[86227.3, 2.529], [86227.4, 0.085], [86227.5, 0.008], [86227.9, 0.002], [86228.1, 0.14], [86228.7, 0.02], [86228.9, 0.452], [86229.0, 0.675], [86229.1, 1.546], [86229.2, 0.174], [86229.3, 0.003], [86229.5, 0.472], [86229.7, 0.447], [86229.8, 0.044], [86229.9, 0.144], [86230.0, 0.004], [86230.1, 0.003], [86230.4, 0.014], [86230.5, 0.002], [86230.8, 0.225]], "timestamp": "2025-12-18T00:55:03.716551+00:00"}, {"symbol": "BTCUSDT", "bids": [[86238.6, 10.159], [86238.5, 0.004], [86238.1, 0.002], [86238.0, 0.069], [86237.9, 0.002], [86237.6, 0.002], [86237.4, 1.351], [86237.3, 1.002], [86237.2, 0.939], [86237.1, 0.017], [86237.0, 0.012], [86236.8, 0.002], [86236.6, 0.003], [86236.5, 0.002], [86236.4, 1.0], [86236.3, 0.277], [86236.2, 0.12], [86235.8, 0.005], [86235.6, 0.002], [86235.4, 0.012]], "asks": [[86238.7, 0.026], [86238.8, 0.002], [86238.9, 0.002], [86239.4, 0.002], [86240.0, 0.004], [86240.2, 0.148], [86240.3, 0.016], [86240.4, 0.004], [86240.5, 0.004], [86240.6, 0.003], [86240.7, 0.003], [86240.8, 0.004], [86241.2, 0.006], [86241.3, 0.276], [86241.7, 0.004], [86241.8, 0.003], [86242.0, 0.013], [86242.1, 0.002], [86242.2, 0.006], [86242.3, 0.501]], "timestamp": "2025-12-18T00:55:57.996113+00:00"}, {"symbol": "BTCUSDT", "bids": [[86200.0, 1.898], [86199.9, 0.039], [86199.8, 0.002], [86199.4, 0.003], [86199.3, 0.002], [86199.2, 0.002], [86199.1, 0.006], [86199.0, 0.002], [86198.8, 0.002], [86198.7, 0.003], [86198.6, 0.002], [86198.3, 0.018], [86198.2, 0.015], [86198.0, 0.012], [86197.9, 0.003], [86197.8, 0.008], [86197.6, 0.002], [86197.5, 0.003], [86197.4, 0.002], [86197.3, 0.002]], "asks": [[86200.1, 7.406], [86200.2, 0.112], [86200.4, 0.002], [86200.7, 0.002], [86200.8, 0.005], [86201.0, 0.448], [86201.2, 0.006], [86201.3, 0.117], [86201.6, 0.004], [86201.7, 0.01], [86201.8, 0.024], [86201.9, 0.004], [86202.0, 0.002], [86202.1, 0.005], [86202.4, 0.122], [86202.5, 0.004], [86202.8, 0.003], [86202.9, 0.005], [86203.0, 0.002], [86203.1, 0.007]], "timestamp": "2025-12-18T00:56:53.121017+00:00"}, {"symbol": "BTCUSDT", "bids": [[86213.8, 6.435], [86213.7, 0.008], [86213.6, 0.016], [86213.4, 0.002], [86213.2, 0.002], [86212.9, 0.004], [86212.7, 0.002], [86212.3, 0.046], [86212.2, 0.124], [86212.1, 0.07], [86212.0, 0.008], [86211.8, 0.06], [86211.5, 0.002], [86211.2, 0.004], [86211.0, 0.016], [86210.8, 0.014], [86210.7, 0.01], [86210.3, 0.004], [86210.1, 0.256], [86210.0, 1.12]], "asks": [[86213.9, 2.021], [86214.0, 0.002], [86214.3, 1.0], [86214.5, 0.031], [86214.6, 0.004], [86215.0, 0.002], [86215.1, 0.118], [86215.2, 0.043], [86215.4, 0.004], [86215.6, 0.002], [86215.8, 0.028], [86215.9, 0.003], [86216.0, 0.002], [86216.1, 0.116], [86216.2, 0.006], [86216.3, 0.002], [86216.5, 0.003], [86216.7, 0.116], [86216.9, 0.007], [86217.0, 0.029]], "timestamp": "2025-12-18T00:57:46.677096+00:00"}, {"symbol": "BTCUSDT", "bids": [[86195.4, 2.196], [86195.3, 0.002], [86194.9, 0.002], [86194.8, 0.004], [86194.4, 0.002], [86194.2, 0.002], [86194.0, 0.121], [86193.8, 0.003], [86193.7, 0.002], [86193.6, 0.002], [86193.5, 0.002], [86193.4, 0.006], [86193.3, 0.117], [86193.2, 0.002], [86193.1, 0.026], [86193.0, 0.005], [86192.8, 0.002], [86192.7, 0.002], [86192.6, 0.009], [86192.5, 0.002]], "asks": [[86195.5, 5.868], [86195.6, 0.278], [86195.7, 0.069], [86196.4, 0.004], [86197.0, 0.002], [86197.3, 0.002], [86197.5, 0.003], [86197.7, 0.002], [86197.8, 0.004], [86198.2, 0.475], [86198.3, 0.006], [86198.4, 0.227], [86198.5, 0.004], [86198.7, 0.024], [86198.8, 1.121], [86199.0, 0.121], [86199.1, 0.08], [86199.3, 0.002], [86199.4, 0.002], [86199.6, 0.01]], "timestamp": "2025-12-18T00:58:41.052581+00:00"}, {"symbol": "BTCUSDT", "bids": [[86197.4, 3.1], [86197.3, 0.004], [86197.2, 0.002], [86196.5, 0.002], [86196.3, 0.002], [86196.2, 0.006], [86196.1, 0.003], [86196.0, 0.002], [86195.9, 0.006], [86195.5, 0.006], [86195.4, 0.002], [86195.3, 0.003], [86195.2, 0.002], [86195.1, 0.002], [86195.0, 0.004], [86194.9, 0.002], [86194.8, 0.002], [86194.7, 0.003], [86194.6, 0.003], [86194.5, 0.002]], "asks": [[86197.5, 7.915], [86197.6, 0.021], [86197.7, 0.117], [86197.8, 0.004], [86198.3, 0.01], [86198.7, 0.675], [86198.8, 1.002], [86198.9, 0.726], [86199.0, 0.123], [86199.3, 0.002], [86199.5, 0.168], [86199.7, 0.024], [86199.8, 0.119], [86199.9, 0.004], [86200.0, 0.002], [86200.3, 0.003], [86200.4, 0.002], [86200.5, 0.119], [86200.7, 0.004], [86200.9, 0.003]], "timestamp": "2025-12-18T00:59:35.836791+00:00"}, {"symbol": "BTCUSDT", "bids": [[86177.1, 2.433], [86177.0, 0.025], [86176.7, 0.006], [86176.5, 0.002], [86176.3, 0.119], [86176.2, 0.053], [86175.9, 0.004], [86175.8, 0.005], [86175.7, 0.002], [86175.3, 0.117], [86175.1, 0.003], [86175.0, 0.016], [86174.8, 0.002], [86174.7, 0.068], [86174.6, 0.117], [86174.4, 0.007], [86174.3, 0.004], [86174.1, 0.002], [86173.9, 0.117], [86173.7, 0.003]], "asks": [[86177.2, 11.491], [86177.3, 0.198], [86177.4, 0.005], [86177.5, 0.005], [86177.6, 0.003], [86177.7, 0.06], [86177.8, 0.002], [86178.0, 0.013], [86178.1, 0.002], [86178.3, 0.004], [86178.6, 0.002], [86178.7, 0.002], [86179.3, 0.005], [86179.5, 0.006], [86179.6, 0.004], [86179.7, 0.002], [86179.8, 0.004], [86180.0, 0.003], [86180.1, 0.002], [86180.4, 0.005]], "timestamp": "2025-12-18T01:00:29.654413+00:00"}, {"symbol": "BTCUSDT", "bids": [[86116.4, 3.387], [86116.3, 0.023], [86116.1, 0.004], [86116.0, 0.002], [86115.6, 0.006], [86115.1, 0.002], [86114.9, 0.002], [86114.7, 0.035], [86114.6, 0.062], [86114.5, 0.004], [86114.4, 0.006], [86114.0, 0.003], [86113.9, 0.003], [86113.8, 0.04], [86113.7, 0.002], [86113.6, 0.02], [86113.4, 0.003], [86113.3, 0.002], [86113.0, 0.004], [86112.9, 0.003]], "asks": [[86116.5, 1.269], [86116.6, 0.004], [86117.1, 0.083], [86117.2, 0.002], [86117.3, 0.12], [86117.6, 0.002], [86118.0, 0.004], [86118.1, 0.117], [86118.2, 0.002], [86118.3, 0.002], [86118.5, 0.003], [86118.7, 0.047], [86118.8, 0.122], [86118.9, 0.004], [86119.0, 0.117], [86119.2, 0.002], [86119.3, 0.003], [86119.5, 0.004], [86119.6, 0.024], [86119.7, 0.119]], "timestamp": "2025-12-18T01:01:23.460914+00:00"}, {"symbol": "BTCUSDT", "bids": [[86115.0, 0.002], [86114.8, 0.002], [86114.7, 0.004], [86114.6, 0.007], [86114.1, 0.002], [86114.0, 0.003], [86113.8, 0.002], [86113.7, 0.002], [86113.5, 0.002], [86113.3, 0.002], [86113.2, 0.002], [86113.0, 0.002], [86112.8, 0.002], [86112.7, 0.002], [86112.6, 0.002], [86112.5, 0.002], [86112.4, 0.002], [86112.3, 0.002], [86112.2, 0.004], [86112.1, 0.003]], "asks": [[86115.4, 0.467], [86115.5, 0.667], [86115.9, 8.368], [86116.0, 1.07], [86116.1, 0.004], [86116.2, 0.02], [86116.3, 0.002], [86116.5, 0.117], [86116.6, 0.002], [86117.2, 0.006], [86117.3, 0.002], [86117.4, 0.002], [86117.5, 0.004], [86117.8, 0.159], [86117.9, 0.1], [86118.0, 0.002], [86118.1, 0.008], [86118.2, 0.003], [86118.3, 0.024], [86118.5, 0.117]], "timestamp": "2025-12-18T01:02:17.323830+00:00"}, {"symbol": "BTCUSDT", "bids": [[86103.3, 8.688], [86103.2, 0.008], [86103.0, 0.06], [86102.9, 0.002], [86101.6, 0.002], [86101.5, 0.002], [86101.4, 0.002], [86101.3, 0.003], [86101.2, 0.002], [86101.1, 0.034], [86100.9, 0.117], [86100.7, 0.002], [86100.5, 0.003], [86100.4, 0.401], [86100.3, 0.002], [86100.1, 1.117], [86100.0, 0.961], [86099.9, 0.12], [86099.8, 0.002], [86099.7, 0.011]], "asks": [[86103.4, 0.128], [86103.5, 0.002], [86103.6, 0.002], [86103.8, 0.002], [86103.9, 0.006], [86104.3, 0.006], [86104.4, 0.016], [86104.5, 0.045], [86105.0, 0.002], [86105.1, 0.006], [86105.3, 0.027], [86105.6, 0.002], [86105.8, 0.003], [86106.0, 0.004], [86106.1, 0.006], [86106.3, 0.002], [86106.6, 0.004], [86106.8, 0.085], [86106.9, 0.002], [86107.1, 0.005]], "timestamp": "2025-12-18T01:03:11.393520+00:00"}, {"symbol": "BTCUSDT", "bids": [[86052.1, 0.667], [86052.0, 0.002], [86051.8, 0.004], [86051.6, 0.002], [86051.3, 0.002], [86051.2, 0.003], [86051.1, 0.002], [86051.0, 0.004], [86050.9, 0.002], [86050.8, 0.005], [86050.5, 0.006], [86050.3, 0.004], [86050.1, 0.008], [86050.0, 0.232], [86049.9, 0.002], [86049.8, 0.012], [86049.7, 0.003], [86049.6, 0.002], [86049.3, 0.005], [86049.0, 0.002]], "asks": [[86052.2, 7.667], [86052.3, 2.144], [86052.4, 0.32], [86052.5, 0.016], [86052.6, 0.002], [86052.8, 0.002], [86053.2, 0.004], [86053.3, 0.017], [86053.4, 0.007], [86053.5, 0.003], [86053.6, 0.003], [86053.7, 0.555], [86053.8, 0.125], [86053.9, 0.005], [86054.0, 0.003], [86054.1, 0.005], [86054.2, 0.003], [86054.3, 0.091], [86054.4, 0.06], [86054.6, 0.232]], "timestamp": "2025-12-18T01:04:05.562223+00:00"}, {"symbol": "BTCUSDT", "bids": [[86034.6, 0.088], [86034.5, 0.025], [86034.4, 0.015], [86034.3, 0.002], [86034.0, 0.002], [86033.8, 0.002], [86033.7, 0.002], [86033.4, 0.003], [86033.3, 0.004], [86033.1, 0.004], [86033.0, 0.002], [86032.9, 0.003], [86032.8, 0.002], [86032.7, 0.003], [86032.6, 0.005], [86032.3, 0.002], [86032.1, 0.004], [86032.0, 0.007], [86031.9, 0.002], [86031.8, 0.005]], "asks": [[86034.7, 8.219], [86034.8, 1.553], [86034.9, 0.034], [86035.0, 0.002], [86035.1, 0.637], [86035.4, 1.002], [86035.5, 0.028], [86035.7, 0.024], [86035.9, 0.117], [86036.0, 0.002], [86036.1, 0.003], [86036.2, 0.023], [86036.3, 0.008], [86036.4, 0.014], [86036.5, 0.005], [86036.6, 0.124], [86036.7, 0.048], [86036.8, 0.012], [86036.9, 0.003], [86037.0, 0.002]], "timestamp": "2025-12-18T01:04:59.650538+00:00"}, {"symbol": "BTCUSDT", "bids": [[85958.8, 8.323], [85958.7, 0.015], [85958.6, 0.002], [85958.4, 0.002], [85958.1, 0.081], [85957.4, 0.052], [85956.8, 0.003], [85956.7, 1.0], [85956.6, 0.005], [85956.5, 0.002], [85956.0, 0.004], [85955.7, 0.003], [85955.5, 0.117], [85955.4, 0.8], [85955.3, 0.036], [85955.0, 0.006], [85954.9, 0.003], [85954.8, 0.119], [85954.5, 0.002], [85954.4, 0.055]], "asks": [[85958.9, 0.278], [85959.0, 0.008], [85959.5, 0.009], [85959.6, 0.002], [85960.0, 0.328], [85960.5, 0.002], [85960.6, 0.075], [85960.9, 0.005], [85961.0, 0.016], [85961.2, 0.002], [85961.3, 0.051], [85961.5, 0.005], [85961.7, 0.002], [85961.9, 0.004], [85962.0, 0.002], [85962.3, 0.003], [85962.4, 0.003], [85962.5, 0.236], [85962.8, 0.003], [85962.9, 0.002]], "timestamp": "2025-12-18T01:05:53.805882+00:00"}, {"symbol": "BTCUSDT", "bids": [[85907.2, 6.984], [85907.1, 0.292], [85907.0, 0.003], [85906.8, 0.046], [85906.6, 0.002], [85906.3, 0.002], [85905.3, 0.002], [85905.1, 0.003], [85905.0, 0.016], [85904.6, 0.15], [85904.5, 0.047], [85904.3, 0.003], [85904.2, 0.002], [85904.1, 0.019], [85904.0, 0.102], [85903.7, 0.002], [85903.5, 0.08], [85903.4, 0.004], [85903.2, 0.003], [85903.0, 0.002]], "asks": [[85907.3, 1.216], [85907.4, 0.004], [85907.9, 0.004], [85908.1, 0.002], [85908.6, 0.002], [85908.7, 0.002], [85908.8, 0.022], [85909.1, 0.002], [85909.2, 0.002], [85909.3, 0.003], [85909.6, 0.008], [85909.7, 0.002], [85909.9, 0.002], [85910.0, 0.007], [85910.1, 0.002], [85910.2, 0.004], [85910.5, 0.006], [85910.6, 0.002], [85910.7, 0.002], [85910.8, 0.003]], "timestamp": "2025-12-18T01:06:47.766023+00:00"}, {"symbol": "BTCUSDT", "bids": [[86017.8, 1.451], [86017.7, 0.021], [86017.6, 0.006], [86017.4, 0.002], [86016.9, 2.75], [86016.5, 0.004], [86016.3, 0.002], [86016.0, 0.004], [86015.8, 0.003], [86015.6, 0.002], [86015.4, 0.002], [86015.2, 0.002], [86015.0, 0.005], [86014.9, 0.002], [86014.8, 0.006], [86014.7, 0.006], [86014.4, 0.002], [86014.2, 0.003], [86014.0, 0.002], [86013.9, 0.002]], "asks": [[86017.9, 3.335], [86018.0, 0.006], [86018.2, 0.005], [86018.3, 0.002], [86018.4, 0.004], [86018.8, 0.002], [86019.0, 0.103], [86019.1, 0.117], [86019.2, 0.003], [86019.3, 0.011], [86019.4, 0.029], [86019.5, 0.002], [86019.6, 0.232], [86019.8, 0.12], [86019.9, 0.002], [86020.0, 0.003], [86020.1, 0.002], [86020.2, 0.199], [86020.6, 0.005], [86020.7, 0.002]], "timestamp": "2025-12-18T01:07:41.322351+00:00"}, {"symbol": "BTCUSDT", "bids": [[85900.7, 2.184], [85900.6, 0.008], [85900.5, 0.015], [85900.2, 0.002], [85900.1, 0.11], [85900.0, 0.276], [85899.5, 0.002], [85899.4, 0.004], [85899.3, 0.017], [85899.2, 0.003], [85899.0, 0.002], [85898.8, 0.008], [85898.6, 0.265], [85898.5, 0.004], [85898.4, 0.003], [85898.2, 0.002], [85898.1, 0.015], [85898.0, 0.005], [85897.9, 0.002], [85897.5, 0.005]], "asks": [[85900.8, 1.627], [85900.9, 0.002], [85901.0, 0.002], [85901.4, 0.023], [85901.7, 0.002], [85902.2, 0.002], [85902.3, 0.011], [85902.6, 0.002], [85902.7, 0.002], [85902.8, 0.003], [85903.4, 0.002], [85903.6, 0.003], [85903.8, 0.002], [85903.9, 0.002], [85904.1, 0.034], [85904.4, 0.005], [85904.6, 0.002], [85904.9, 0.188], [85905.0, 0.403], [85905.1, 0.413]], "timestamp": "2025-12-18T01:08:35.151806+00:00"}, {"symbol": "BTCUSDT", "bids": [[85891.2, 2.25], [85891.1, 0.087], [85891.0, 0.023], [85890.7, 0.004], [85889.9, 0.002], [85889.4, 0.002], [85889.2, 0.009], [85888.4, 0.005], [85888.2, 0.004], [85888.0, 0.005], [85887.9, 0.458], [85887.8, 0.045], [85887.6, 0.003], [85887.4, 0.002], [85887.1, 0.002], [85887.0, 0.004], [85886.9, 0.002], [85886.8, 0.003], [85886.6, 0.002], [85886.5, 0.002]], "asks": [[85891.3, 1.954], [85891.4, 0.004], [85891.5, 0.002], [85891.8, 0.008], [85891.9, 0.004], [85892.4, 0.015], [85892.5, 0.002], [85892.7, 0.002], [85892.8, 0.012], [85892.9, 0.007], [85893.1, 0.002], [85893.3, 0.023], [85893.4, 0.365], [85893.6, 0.002], [85893.7, 0.003], [85893.9, 0.004], [85894.1, 0.003], [85894.2, 0.002], [85894.3, 0.002], [85894.4, 0.01]], "timestamp": "2025-12-18T01:09:28.840962+00:00"}, {"symbol": "BTCUSDT", "bids": [[85867.8, 6.247], [85867.7, 0.023], [85867.6, 0.002], [85867.2, 1.408], [85867.1, 0.741], [85866.6, 0.002], [85866.3, 0.324], [85866.0, 0.002], [85865.8, 0.419], [85865.7, 1.804], [85865.6, 1.902], [85865.5, 0.905], [85865.4, 0.023], [85865.0, 0.033], [85864.9, 0.002], [85864.8, 0.002], [85864.5, 0.813], [85864.2, 0.003], [85864.0, 0.002], [85863.7, 0.002]], "asks": [[85867.9, 0.18], [85868.0, 0.009], [85868.2, 0.002], [85868.3, 0.302], [85868.5, 0.002], [85868.8, 0.003], [85868.9, 0.006], [85869.0, 0.006], [85869.1, 0.002], [85869.2, 0.002], [85869.3, 0.002], [85869.9, 0.003], [85870.0, 0.005], [85870.2, 0.006], [85870.4, 0.006], [85870.6, 0.003], [85870.7, 0.002], [85870.8, 0.006], [85871.0, 0.004], [85871.1, 0.002]], "timestamp": "2025-12-18T01:10:22.707136+00:00"}, {"symbol": "BTCUSDT", "bids": [[85848.1, 0.455], [85848.0, 0.004], [85847.7, 0.004], [85846.8, 0.002], [85846.6, 0.003], [85846.3, 0.002], [85846.1, 0.003], [85845.6, 0.023], [85845.3, 0.003], [85845.1, 0.061], [85845.0, 0.004], [85844.6, 0.072], [85844.3, 0.002], [85843.9, 0.002], [85843.8, 0.005], [85843.1, 0.005], [85842.9, 0.008], [85842.8, 0.034], [85842.7, 0.002], [85842.4, 0.002]], "asks": [[85848.2, 3.005], [85848.3, 0.004], [85848.4, 0.004], [85848.7, 0.002], [85848.8, 0.081], [85848.9, 0.002], [85849.0, 0.002], [85849.3, 0.006], [85849.4, 0.004], [85849.5, 0.002], [85849.6, 0.002], [85849.9, 0.002], [85850.0, 0.003], [85850.1, 0.004], [85850.2, 0.22], [85850.3, 0.003], [85850.4, 0.117], [85850.6, 0.002], [85850.8, 0.002], [85850.9, 0.232]], "timestamp": "2025-12-18T01:11:16.467397+00:00"}, {"symbol": "BTCUSDT", "bids": [[85839.3, 6.202], [85839.2, 0.009], [85839.1, 0.002], [85839.0, 0.002], [85837.5, 0.002], [85837.3, 0.003], [85837.1, 0.006], [85836.6, 0.058], [85836.5, 0.003], [85836.4, 0.002], [85836.3, 0.004], [85836.1, 0.929], [85835.9, 0.848], [85835.8, 1.0], [85835.7, 0.803], [85835.6, 0.011], [85835.5, 0.002], [85835.4, 0.002], [85835.1, 0.002], [85835.0, 0.802]], "asks": [[85839.4, 2.111], [85839.5, 0.002], [85839.6, 0.002], [85839.8, 0.004], [85839.9, 0.002], [85840.1, 0.002], [85840.4, 0.002], [85840.7, 0.002], [85840.9, 0.004], [85841.2, 0.002], [85841.3, 0.038], [85841.4, 0.002], [85841.5, 0.009], [85841.6, 0.002], [85841.9, 0.002], [85842.0, 0.006], [85842.1, 0.003], [85842.4, 0.002], [85842.5, 0.002], [85842.6, 0.011]], "timestamp": "2025-12-18T01:12:10.331049+00:00"}, {"symbol": "BTCUSDT", "bids": [[85918.8, 6.474], [85918.7, 0.009], [85918.5, 0.069], [85918.3, 0.004], [85917.6, 0.023], [85917.5, 0.002], [85917.3, 0.017], [85917.0, 0.004], [85916.8, 0.005], [85916.2, 0.002], [85916.0, 0.003], [85915.8, 0.012], [85915.6, 0.012], [85915.4, 0.739], [85915.3, 1.161], [85915.2, 0.003], [85915.1, 0.234], [85915.0, 1.004], [85914.9, 0.041], [85914.8, 0.002]], "asks": [[85918.9, 1.283], [85919.0, 0.002], [85919.1, 0.002], [85919.3, 0.002], [85919.6, 0.004], [85919.8, 0.002], [85919.9, 0.002], [85920.0, 0.002], [85920.3, 0.004], [85920.8, 0.004], [85920.9, 0.003], [85921.0, 0.002], [85921.2, 0.004], [85921.3, 0.002], [85921.5, 0.003], [85921.7, 0.002], [85921.8, 0.002], [85922.0, 0.008], [85922.2, 0.002], [85922.3, 0.002]], "timestamp": "2025-12-18T01:13:04.091959+00:00"}, {"symbol": "BTCUSDT", "bids": [[85911.7, 1.292], [85911.6, 0.004], [85911.4, 0.004], [85911.2, 0.002], [85910.4, 0.002], [85910.3, 0.002], [85910.1, 0.003], [85910.0, 0.002], [85909.8, 0.002], [85909.3, 0.005], [85909.2, 0.002], [85909.0, 0.002], [85908.9, 0.003], [85908.8, 0.004], [85908.7, 0.002], [85908.4, 0.004], [85908.3, 0.007], [85908.2, 0.008], [85907.9, 0.002], [85907.7, 0.002]], "asks": [[85911.8, 10.256], [85911.9, 0.026], [85912.1, 0.139], [85912.2, 0.034], [85912.4, 0.002], [85913.1, 0.002], [85913.3, 0.525], [85913.5, 0.004], [85913.6, 0.004], [85913.8, 0.146], [85914.0, 0.002], [85914.2, 0.004], [85914.4, 0.004], [85914.5, 0.197], [85914.6, 0.011], [85914.8, 0.004], [85915.0, 0.003], [85915.2, 0.117], [85915.3, 0.002], [85915.4, 0.003]], "timestamp": "2025-12-18T01:13:57.650092+00:00"}, {"symbol": "BTCUSDT", "bids": [[85922.2, 7.613], [85922.1, 0.058], [85922.0, 0.081], [85921.9, 0.2], [85921.8, 0.002], [85921.6, 0.05], [85921.1, 0.058], [85920.9, 0.004], [85920.8, 0.05], [85920.4, 0.058], [85920.3, 0.002], [85920.2, 0.003], [85920.1, 0.002], [85920.0, 0.01], [85919.9, 0.052], [85919.8, 0.002], [85919.6, 0.002], [85919.4, 0.02], [85919.3, 0.013], [85919.2, 0.004]], "asks": [[85922.3, 3.2], [85922.4, 0.002], [85922.5, 0.019], [85922.6, 0.3], [85922.7, 0.013], [85922.8, 0.002], [85923.0, 0.004], [85923.1, 0.002], [85923.4, 0.006], [85923.5, 0.027], [85924.0, 0.12], [85924.1, 0.002], [85924.2, 0.004], [85924.3, 0.003], [85924.4, 0.002], [85924.5, 0.002], [85924.8, 0.004], [85924.9, 0.002], [85925.0, 0.006], [85925.1, 0.007]], "timestamp": "2025-12-18T01:14:51.305558+00:00"}, {"symbol": "BTCUSDT", "bids": [[85997.0, 2.122], [85996.9, 0.29], [85996.8, 0.018], [85996.7, 0.007], [85996.6, 0.003], [85996.5, 0.003], [85996.4, 0.009], [85996.3, 0.005], [85996.2, 0.006], [85995.6, 0.002], [85995.2, 0.034], [85995.1, 0.004], [85995.0, 0.067], [85994.5, 0.045], [85994.4, 0.002], [85994.2, 0.005], [85994.0, 0.002], [85993.9, 0.004], [85993.6, 0.022], [85993.4, 0.005]], "asks": [[85997.1, 2.028], [85997.2, 0.002], [85997.5, 0.006], [85997.6, 0.008], [85997.8, 0.002], [85998.0, 0.002], [85998.3, 0.002], [85998.4, 0.002], [85998.5, 0.002], [85998.6, 0.013], [85998.9, 0.002], [85999.0, 0.004], [85999.1, 0.003], [85999.2, 0.006], [85999.3, 0.003], [85999.4, 0.024], [85999.5, 0.04], [85999.6, 0.003], [85999.7, 0.051], [85999.8, 0.018]], "timestamp": "2025-12-18T01:15:45.476238+00:00"}, {"symbol": "BTCUSDT", "bids": [[85970.4, 2.589], [85970.3, 0.004], [85970.0, 0.004], [85969.9, 0.002], [85969.4, 0.002], [85969.1, 0.002], [85969.0, 0.002], [85968.8, 0.004], [85968.4, 0.003], [85968.1, 0.004], [85968.0, 0.002], [85967.8, 0.002], [85967.6, 0.009], [85967.5, 0.002], [85967.3, 0.002], [85966.9, 0.003], [85966.8, 0.002], [85966.6, 0.002], [85966.5, 3.001], [85966.4, 20.015]], "asks": [[85970.5, 4.043], [85970.6, 0.004], [85970.7, 0.045], [85970.8, 0.004], [85971.0, 0.002], [85971.2, 0.002], [85971.4, 0.167], [85971.5, 1.002], [85971.6, 0.006], [85972.2, 0.002], [85972.3, 0.002], [85972.5, 0.065], [85972.6, 0.008], [85972.7, 0.002], [85972.8, 0.002], [85973.0, 0.002], [85973.2, 0.002], [85973.3, 0.124], [85973.5, 0.002], [85973.7, 0.016]], "timestamp": "2025-12-18T01:16:39.018929+00:00"}, {"symbol": "BTCUSDT", "bids": [[85957.4, 2.875], [85957.3, 0.002], [85957.2, 0.002], [85957.1, 0.006], [85957.0, 0.004], [85956.9, 0.002], [85956.4, 0.002], [85956.3, 0.06], [85956.2, 0.004], [85956.1, 0.002], [85956.0, 0.013], [85955.9, 0.021], [85955.4, 0.103], [85955.3, 0.034], [85955.1, 0.004], [85955.0, 0.004], [85954.9, 0.005], [85954.7, 0.005], [85954.6, 0.002], [85954.5, 0.004]], "asks": [[85957.5, 0.382], [85957.6, 0.002], [85957.8, 0.004], [85957.9, 0.002], [85958.4, 0.006], [85958.7, 0.004], [85959.0, 0.002], [85959.1, 0.006], [85959.2, 0.002], [85959.5, 0.003], [85959.8, 0.002], [85960.0, 0.002], [85960.2, 0.014], [85960.3, 0.003], [85960.4, 0.002], [85960.8, 0.002], [85961.1, 0.005], [85961.2, 0.006], [85961.5, 0.021], [85961.7, 0.002]], "timestamp": "2025-12-18T01:17:32.382914+00:00"}, {"symbol": "BTCUSDT", "bids": [[85852.7, 1.792], [85852.6, 0.028], [85852.5, 0.011], [85852.3, 0.018], [85852.1, 0.002], [85852.0, 0.004], [85851.7, 0.021], [85851.6, 0.002], [85851.3, 0.002], [85851.1, 0.004], [85851.0, 0.013], [85850.9, 0.003], [85850.6, 0.002], [85850.5, 0.002], [85850.4, 0.003], [85850.3, 0.002], [85850.1, 0.004], [85850.0, 0.095], [85849.9, 0.002], [85849.6, 0.004]], "asks": [[85852.8, 5.689], [85852.9, 0.006], [85853.1, 0.002], [85853.6, 0.002], [85853.8, 0.189], [85853.9, 0.117], [85854.1, 0.002], [85854.2, 0.005], [85854.3, 0.079], [85854.4, 0.003], [85854.5, 0.003], [85854.6, 0.067], [85854.7, 0.122], [85854.8, 0.003], [85855.0, 0.003], [85855.1, 0.002], [85855.4, 0.029], [85855.5, 0.117], [85855.6, 0.005], [85855.8, 0.009]], "timestamp": "2025-12-18T01:18:25.734151+00:00"}, {"symbol": "BTCUSDT", "bids": [[85885.1, 3.711], [85885.0, 0.006], [85884.9, 0.002], [85884.7, 0.004], [85884.5, 0.002], [85884.4, 0.002], [85883.9, 0.004], [85883.7, 0.334], [85883.6, 0.045], [85883.3, 0.002], [85883.2, 0.004], [85883.0, 0.004], [85882.7, 0.005], [85882.5, 0.004], [85882.3, 0.002], [85882.2, 0.003], [85881.8, 0.002], [85881.7, 0.004], [85881.6, 0.002], [85881.4, 0.003]], "asks": [[85885.2, 3.791], [85885.3, 0.008], [85885.5, 0.002], [85885.8, 0.002], [85886.0, 0.002], [85886.3, 0.002], [85886.4, 0.002], [85886.5, 0.127], [85887.0, 0.004], [85887.1, 0.004], [85887.2, 0.005], [85887.6, 0.656], [85887.7, 0.003], [85888.0, 0.007], [85888.1, 0.02], [85888.2, 0.004], [85888.4, 0.078], [85888.7, 0.002], [85888.9, 0.004], [85889.0, 0.002]], "timestamp": "2025-12-18T01:19:20.212242+00:00"}, {"symbol": "BTCUSDT", "bids": [[85919.0, 2.074], [85918.9, 0.002], [85918.3, 0.004], [85918.1, 0.002], [85917.8, 0.081], [85917.5, 0.004], [85917.3, 0.002], [85916.8, 0.004], [85916.6, 0.005], [85916.3, 0.002], [85915.8, 0.005], [85915.6, 0.004], [85915.4, 0.003], [85915.3, 0.002], [85915.2, 0.008], [85915.0, 0.002], [85914.8, 0.06], [85914.7, 0.002], [85914.6, 0.003], [85914.4, 0.004]], "asks": [[85919.1, 3.665], [85919.2, 0.009], [85919.6, 0.006], [85919.7, 0.002], [85919.8, 0.002], [85919.9, 0.277], [85920.0, 0.118], [85920.1, 1.0], [85920.2, 0.002], [85920.3, 0.011], [85920.5, 0.117], [85920.6, 0.002], [85920.7, 0.004], [85920.8, 0.004], [85921.1, 0.005], [85921.2, 0.068], [85921.3, 0.081], [85921.6, 0.003], [85921.7, 0.006], [85921.8, 0.117]], "timestamp": "2025-12-18T01:20:13.771469+00:00"}, {"symbol": "BTCUSDT", "bids": [[85989.6, 0.188], [85989.5, 0.002], [85989.1, 0.002], [85989.0, 0.002], [85988.9, 0.004], [85988.6, 0.002], [85988.4, 0.003], [85988.1, 0.004], [85987.9, 0.002], [85987.8, 0.025], [85987.6, 0.003], [85987.5, 0.002], [85987.4, 0.002], [85987.2, 0.011], [85987.0, 0.002], [85986.9, 0.002], [85986.8, 0.003], [85986.6, 0.002], [85986.5, 0.002], [85986.4, 0.004]], "asks": [[85989.7, 9.351], [85989.8, 0.01], [85989.9, 0.261], [85990.3, 0.117], [85990.7, 0.002], [85990.8, 0.002], [85990.9, 0.081], [85991.0, 0.051], [85991.1, 0.117], [85991.2, 0.008], [85991.8, 0.005], [85992.0, 0.117], [85992.3, 0.388], [85992.4, 0.015], [85992.6, 0.003], [85992.7, 0.057], [85992.8, 0.002], [85992.9, 0.084], [85993.0, 0.123], [85993.4, 0.021]], "timestamp": "2025-12-18T01:21:08.142844+00:00"}, {"symbol": "BTCUSDT", "bids": [[86009.1, 7.949], [86009.0, 0.01], [86008.6, 0.002], [86008.5, 0.102], [86008.4, 0.042], [86008.0, 0.002], [86007.8, 0.092], [86007.7, 0.004], [86007.1, 0.005], [86006.8, 0.002], [86006.7, 0.04], [86006.4, 0.002], [86006.3, 0.003], [86005.9, 0.004], [86005.8, 0.003], [86005.4, 0.002], [86005.3, 0.004], [86005.0, 0.005], [86004.8, 0.042], [86004.7, 0.004]], "asks": [[86009.2, 2.33], [86009.3, 0.005], [86009.4, 0.002], [86009.5, 0.006], [86010.1, 0.002], [86010.3, 0.034], [86010.4, 0.004], [86010.6, 0.006], [86010.7, 0.004], [86011.0, 0.002], [86011.2, 0.039], [86011.3, 0.002], [86011.8, 0.004], [86011.9, 0.002], [86012.0, 0.003], [86012.3, 0.002], [86012.8, 0.007], [86012.9, 0.014], [86013.0, 0.006], [86013.2, 0.105]], "timestamp": "2025-12-18T01:22:02.419129+00:00"}, {"symbol": "BTCUSDT", "bids": [[86009.9, 0.186], [86009.8, 0.069], [86009.6, 0.004], [86009.4, 0.002], [86008.8, 0.004], [86008.5, 0.002], [86008.0, 0.002], [86007.9, 0.004], [86007.8, 0.003], [86007.5, 0.002], [86007.0, 0.005], [86006.8, 0.002], [86006.7, 0.002], [86006.4, 0.002], [86006.3, 0.003], [86006.0, 0.014], [86005.9, 0.002], [86005.6, 0.008], [86005.5, 0.003], [86005.4, 0.008]], "asks": [[86010.0, 5.434], [86010.1, 0.002], [86010.4, 0.125], [86010.5, 0.056], [86010.6, 0.004], [86011.0, 0.005], [86011.2, 0.117], [86011.4, 0.005], [86011.5, 0.002], [86011.6, 1.0], [86011.7, 0.093], [86011.8, 0.002], [86011.9, 0.117], [86012.0, 0.003], [86012.2, 0.002], [86012.3, 0.004], [86012.4, 0.002], [86012.5, 0.002], [86012.7, 0.005], [86012.8, 0.12]], "timestamp": "2025-12-18T01:22:56.368776+00:00"}, {"symbol": "BTCUSDT", "bids": [[86005.6, 3.195], [86005.5, 0.018], [86005.4, 0.047], [86005.3, 0.004], [86005.2, 0.002], [86004.8, 0.002], [86004.7, 0.002], [86004.5, 0.002], [86004.4, 0.002], [86004.3, 0.002], [86004.2, 0.002], [86004.0, 0.002], [86003.7, 0.005], [86003.6, 0.002], [86003.3, 0.005], [86003.2, 0.005], [86003.0, 0.002], [86002.8, 0.005], [86002.7, 0.006], [86002.5, 0.002]], "asks": [[86005.7, 5.18], [86005.8, 0.006], [86006.1, 0.004], [86006.3, 0.003], [86006.7, 0.118], [86006.9, 0.002], [86007.1, 0.004], [86007.5, 0.121], [86007.6, 0.013], [86007.7, 0.003], [86008.0, 0.002], [86008.1, 0.002], [86008.2, 0.119], [86008.4, 0.029], [86008.5, 0.037], [86008.6, 0.004], [86008.9, 0.002], [86009.1, 0.002], [86009.3, 0.003], [86009.5, 0.002]], "timestamp": "2025-12-18T01:23:50.466467+00:00"}, {"symbol": "BTCUSDT", "bids": [[86004.6, 1.708], [86004.5, 0.006], [86004.4, 0.002], [86004.3, 0.002], [86004.2, 0.002], [86004.0, 0.002], [86003.9, 0.045], [86003.6, 0.004], [86003.1, 0.06], [86002.7, 0.002], [86002.6, 0.002], [86002.2, 0.003], [86002.1, 0.002], [86001.8, 0.002], [86001.4, 0.003], [86001.3, 0.002], [86001.0, 0.003], [86000.6, 0.004], [86000.5, 0.002], [86000.4, 0.002]], "asks": [[86004.7, 3.107], [86004.8, 0.002], [86004.9, 0.119], [86005.0, 0.134], [86005.2, 0.004], [86005.4, 0.006], [86005.6, 0.022], [86005.7, 0.103], [86006.1, 0.008], [86006.3, 0.002], [86006.4, 0.117], [86006.6, 0.002], [86006.7, 0.005], [86006.9, 0.004], [86007.1, 0.119], [86007.2, 0.002], [86007.5, 0.002], [86007.6, 0.011], [86007.7, 0.007], [86007.8, 0.006]], "timestamp": "2025-12-18T01:24:44.536772+00:00"}, {"symbol": "BTCUSDT", "bids": [[85986.1, 3.192], [85986.0, 0.018], [85985.6, 0.033], [85984.9, 0.002], [85984.6, 0.002], [85984.4, 0.002], [85984.3, 0.045], [85984.2, 0.002], [85984.1, 0.636], [85984.0, 4.0], [85983.9, 0.006], [85983.8, 0.006], [85983.4, 0.002], [85983.3, 0.003], [85983.0, 0.02], [85982.9, 0.002], [85982.8, 0.004], [85982.7, 0.003], [85982.5, 0.002], [85982.4, 0.302]], "asks": [[85986.2, 2.764], [85986.3, 0.159], [85986.5, 0.003], [85986.6, 0.002], [85986.7, 0.002], [85986.8, 0.419], [85986.9, 0.069], [85987.1, 0.006], [85987.2, 0.002], [85987.9, 0.117], [85988.0, 0.004], [85988.1, 0.004], [85988.3, 0.003], [85988.5, 0.003], [85988.6, 0.018], [85988.7, 0.117], [85988.8, 0.007], [85988.9, 0.003], [85989.1, 0.003], [85989.2, 0.004]], "timestamp": "2025-12-18T01:25:38.478853+00:00"}, {"symbol": "BTCUSDT", "bids": [[85969.6, 7.934], [85969.5, 0.006], [85969.1, 0.006], [85969.0, 0.004], [85968.5, 0.002], [85968.4, 0.031], [85968.3, 0.004], [85968.2, 0.187], [85968.1, 1.163], [85968.0, 0.002], [85967.9, 0.002], [85967.6, 0.003], [85967.5, 0.007], [85967.4, 0.004], [85966.8, 0.005], [85966.5, 0.002], [85966.4, 0.002], [85966.1, 0.058], [85966.0, 0.005], [85965.8, 0.002]], "asks": [[85969.7, 3.06], [85969.8, 0.002], [85969.9, 0.004], [85970.0, 0.002], [85970.2, 0.002], [85970.3, 0.002], [85970.4, 0.01], [85970.8, 0.004], [85970.9, 0.299], [85971.0, 0.004], [85971.2, 0.005], [85971.3, 0.002], [85971.5, 0.009], [85971.6, 0.111], [85971.8, 0.029], [85971.9, 1.308], [85972.0, 0.124], [85972.2, 0.002], [85972.5, 0.075], [85972.6, 0.003]], "timestamp": "2025-12-18T01:26:32.238461+00:00"}, {"symbol": "BTCUSDT", "bids": [[85973.2, 3.891], [85973.1, 0.104], [85972.6, 0.002], [85972.4, 0.049], [85972.0, 0.016], [85971.8, 0.002], [85971.7, 0.004], [85971.6, 0.026], [85971.4, 0.002], [85971.3, 0.004], [85971.2, 0.003], [85970.9, 0.127], [85970.8, 0.002], [85970.6, 0.01], [85970.5, 0.01], [85970.4, 0.003], [85970.3, 0.127], [85970.2, 0.195], [85970.1, 1.165], [85970.0, 0.004]], "asks": [[85973.3, 2.693], [85973.4, 0.038], [85973.7, 0.015], [85974.0, 0.042], [85974.1, 0.002], [85974.2, 0.008], [85974.4, 0.108], [85974.7, 0.002], [85975.0, 0.004], [85975.1, 0.002], [85975.2, 0.026], [85975.3, 0.031], [85975.4, 0.033], [85975.5, 0.003], [85975.7, 0.002], [85975.9, 0.011], [85976.0, 0.002], [85976.2, 0.004], [85976.3, 0.11], [85976.5, 0.002]], "timestamp": "2025-12-18T01:27:25.691197+00:00"}, {"symbol": "BTCUSDT", "bids": [[85990.7, 2.606], [85990.6, 0.002], [85990.5, 0.061], [85990.2, 0.002], [85989.8, 0.004], [85989.7, 0.002], [85989.6, 0.013], [85989.5, 0.002], [85989.2, 0.002], [85988.9, 0.004], [85988.7, 0.003], [85988.6, 0.023], [85988.4, 0.002], [85988.3, 0.004], [85988.2, 0.002], [85988.1, 0.495], [85987.8, 0.004], [85987.7, 0.003], [85987.5, 0.002], [85987.2, 0.01]], "asks": [[85990.8, 6.329], [85990.9, 0.334], [85991.4, 0.213], [85992.0, 0.017], [85992.2, 0.117], [85992.4, 0.004], [85992.6, 0.017], [85992.8, 0.003], [85992.9, 0.002], [85993.2, 0.006], [85993.4, 0.124], [85993.5, 0.005], [85993.6, 0.064], [85993.8, 0.002], [85994.0, 0.002], [85994.2, 0.117], [85994.4, 0.003], [85994.5, 0.002], [85994.7, 0.002], [85995.0, 0.01]], "timestamp": "2025-12-18T01:28:19.758816+00:00"}, {"symbol": "BTCUSDT", "bids": [[85994.7, 2.663], [85994.6, 0.008], [85994.1, 0.006], [85994.0, 0.004], [85993.5, 0.002], [85992.8, 0.002], [85992.7, 0.005], [85992.2, 0.002], [85992.1, 0.003], [85992.0, 0.002], [85991.9, 0.009], [85991.7, 0.096], [85991.6, 0.009], [85991.5, 0.282], [85991.4, 0.117], [85991.3, 0.013], [85991.2, 0.004], [85990.9, 0.005], [85990.8, 0.516], [85990.7, 0.284]], "asks": [[85994.8, 2.879], [85994.9, 0.154], [85995.0, 0.004], [85995.1, 0.041], [85995.3, 0.002], [85995.7, 0.004], [85995.8, 0.002], [85995.9, 0.058], [85996.1, 0.119], [85996.3, 0.024], [85996.6, 0.085], [85996.7, 0.002], [85996.8, 0.003], [85996.9, 0.002], [85997.1, 0.002], [85997.2, 0.002], [85997.4, 0.003], [85997.5, 0.119], [85997.6, 0.005], [85997.8, 0.002]], "timestamp": "2025-12-18T01:29:13.620549+00:00"}, {"symbol": "BTCUSDT", "bids": [[85960.1, 6.516], [85960.0, 0.01], [85959.7, 0.004], [85959.5, 0.002], [85959.0, 0.002], [85958.6, 0.004], [85958.5, 0.012], [85958.3, 0.002], [85958.1, 0.005], [85957.9, 0.002], [85957.3, 0.003], [85957.2, 0.004], [85957.1, 0.004], [85956.7, 0.119], [85956.5, 0.003], [85956.3, 0.599], [85956.2, 0.016], [85956.0, 0.004], [85955.7, 0.12], [85955.6, 0.118]], "asks": [[85960.2, 2.807], [85960.3, 0.002], [85960.4, 0.004], [85960.8, 0.06], [85961.1, 0.002], [85961.2, 0.002], [85961.3, 0.006], [85961.4, 0.005], [85961.6, 0.002], [85961.7, 0.003], [85962.0, 0.004], [85962.1, 0.006], [85962.2, 0.005], [85962.3, 0.003], [85962.4, 0.003], [85962.5, 0.003], [85962.6, 0.039], [85962.7, 0.007], [85962.8, 0.003], [85962.9, 0.003]], "timestamp": "2025-12-18T01:30:08.302528+00:00"}, {"symbol": "BTCUSDT", "bids": [[85970.9, 11.993], [85970.8, 0.129], [85970.5, 0.499], [85970.4, 0.016], [85970.3, 0.002], [85970.0, 0.002], [85969.9, 0.004], [85969.8, 0.004], [85969.5, 0.117], [85969.1, 0.002], [85969.0, 0.002], [85968.9, 0.086], [85968.8, 0.117], [85968.4, 0.806], [85968.3, 0.002], [85968.1, 0.003], [85968.0, 0.203], [85967.9, 0.002], [85967.8, 0.002], [85967.4, 0.002]], "asks": [[85971.0, 0.137], [85971.1, 0.089], [85971.6, 0.006], [85971.7, 0.002], [85971.8, 0.003], [85972.3, 0.006], [85972.5, 0.004], [85972.9, 0.002], [85973.0, 0.003], [85973.3, 0.004], [85973.4, 0.002], [85973.5, 0.069], [85973.6, 0.005], [85974.0, 0.002], [85974.1, 0.002], [85974.2, 0.026], [85974.3, 0.058], [85974.4, 0.005], [85974.8, 0.006], [85975.0, 0.004]], "timestamp": "2025-12-18T01:31:02.983902+00:00"}, {"symbol": "BTCUSDT", "bids": [[85966.7, 3.291], [85966.6, 0.006], [85966.5, 0.006], [85966.0, 0.002], [85965.6, 0.002], [85965.5, 0.002], [85965.1, 0.047], [85965.0, 0.06], [85964.8, 0.002], [85964.5, 0.008], [85964.3, 0.003], [85964.0, 0.002], [85963.8, 0.002], [85963.5, 0.061], [85963.3, 0.004], [85963.1, 0.005], [85963.0, 0.003], [85962.7, 0.004], [85962.6, 0.011], [85962.5, 0.005]], "asks": [[85966.8, 3.265], [85966.9, 0.002], [85967.0, 0.002], [85967.2, 0.12], [85967.3, 0.004], [85967.5, 0.002], [85967.6, 0.081], [85967.8, 0.084], [85967.9, 0.121], [85968.0, 0.004], [85968.2, 0.006], [85968.6, 0.117], [85968.7, 0.005], [85968.8, 0.002], [85969.0, 0.013], [85969.1, 0.002], [85969.3, 0.12], [85969.4, 0.002], [85969.5, 0.005], [85969.6, 0.002]], "timestamp": "2025-12-18T01:31:56.641827+00:00"}, {"symbol": "BTCUSDT", "bids": [[85979.2, 2.375], [85979.1, 0.012], [85978.7, 0.002], [85978.6, 0.004], [85978.5, 0.002], [85978.4, 0.002], [85977.8, 0.005], [85977.7, 0.002], [85977.6, 0.056], [85977.5, 0.158], [85977.2, 0.002], [85977.1, 0.05], [85977.0, 0.009], [85976.9, 0.004], [85976.6, 0.002], [85976.5, 0.004], [85976.4, 0.003], [85976.3, 0.002], [85976.1, 0.002], [85976.0, 0.004]], "asks": [[85979.3, 3.508], [85979.4, 0.008], [85979.7, 0.076], [85979.8, 0.119], [85980.0, 0.003], [85980.2, 0.004], [85980.3, 0.002], [85980.9, 0.121], [85981.1, 0.002], [85981.3, 0.003], [85981.5, 0.154], [85981.6, 0.002], [85981.8, 0.117], [85981.9, 0.002], [85982.0, 0.004], [85982.1, 0.005], [85982.7, 0.002], [85982.8, 0.02], [85982.9, 0.003], [85983.0, 0.119]], "timestamp": "2025-12-18T01:32:50.401825+00:00"}, {"symbol": "BTCUSDT", "bids": [[85950.8, 5.543], [85950.7, 0.006], [85950.2, 0.004], [85950.0, 0.004], [85949.8, 0.087], [85949.6, 0.002], [85949.3, 0.002], [85948.8, 0.005], [85948.6, 0.002], [85948.5, 0.452], [85948.4, 0.002], [85948.2, 0.004], [85948.1, 0.006], [85948.0, 0.003], [85947.9, 0.002], [85947.6, 0.002], [85947.3, 0.005], [85947.2, 0.009], [85947.1, 0.005], [85947.0, 0.002]], "asks": [[85950.9, 3.115], [85951.0, 0.004], [85951.2, 0.006], [85951.5, 0.002], [85951.8, 0.002], [85951.9, 0.081], [85952.1, 0.004], [85952.6, 0.042], [85952.7, 0.004], [85953.0, 0.005], [85953.1, 0.002], [85953.2, 0.117], [85953.3, 0.002], [85953.5, 0.004], [85953.6, 0.023], [85953.7, 0.002], [85953.8, 0.112], [85953.9, 0.119], [85954.2, 0.002], [85954.3, 0.003]], "timestamp": "2025-12-18T01:33:44.162003+00:00"}, {"symbol": "BTCUSDT", "bids": [[85995.0, 11.451], [85994.9, 1.21], [85994.6, 0.649], [85994.5, 0.002], [85994.3, 1.0], [85994.2, 0.802], [85994.1, 0.008], [85994.0, 0.002], [85993.6, 0.003], [85993.5, 1.269], [85993.4, 0.821], [85993.3, 0.004], [85993.0, 0.005], [85992.5, 0.002], [85992.4, 0.006], [85992.2, 0.803], [85992.1, 0.293], [85992.0, 0.058], [85991.9, 0.008], [85991.8, 0.016]], "asks": [[85995.1, 1.87], [85995.2, 0.01], [85995.7, 0.058], [85995.8, 0.036], [85995.9, 0.002], [85996.0, 0.004], [85996.4, 0.002], [85996.5, 0.002], [85996.6, 0.002], [85996.9, 0.002], [85997.0, 0.023], [85997.1, 0.006], [85997.4, 0.002], [85997.5, 0.004], [85997.6, 0.014], [85997.8, 0.004], [85997.9, 0.003], [85998.0, 0.002], [85998.2, 0.002], [85998.3, 0.002]], "timestamp": "2025-12-18T01:34:37.732169+00:00"}, {"symbol": "BTCUSDT", "bids": [[85957.3, 8.631], [85957.2, 0.006], [85957.1, 0.002], [85957.0, 0.503], [85956.8, 0.003], [85956.4, 0.002], [85956.2, 0.291], [85956.1, 1.721], [85956.0, 0.036], [85955.9, 0.004], [85955.8, 0.004], [85955.4, 0.002], [85955.3, 0.005], [85955.0, 0.002], [85954.8, 0.002], [85954.5, 0.005], [85954.3, 0.106], [85954.2, 0.004], [85954.0, 0.003], [85953.8, 0.04]], "asks": [[85957.4, 2.352], [85957.5, 0.002], [85957.7, 0.003], [85957.9, 0.002], [85958.2, 0.002], [85958.6, 0.004], [85958.7, 0.049], [85958.9, 0.002], [85959.0, 0.002], [85959.1, 0.002], [85959.4, 0.003], [85959.6, 0.002], [85959.8, 0.002], [85960.0, 0.004], [85960.1, 0.002], [85960.2, 0.002], [85960.4, 0.003], [85960.6, 0.004], [85961.2, 0.007], [85961.3, 0.031]], "timestamp": "2025-12-18T01:35:31.580139+00:00"}, {"symbol": "BTCUSDT", "bids": [[85999.9, 5.066], [85999.8, 0.097], [85999.7, 0.007], [85999.6, 0.003], [85999.4, 0.002], [85999.3, 0.021], [85999.2, 0.002], [85998.7, 0.035], [85998.4, 0.002], [85998.2, 0.002], [85998.1, 0.002], [85997.9, 0.003], [85997.8, 0.004], [85997.6, 0.036], [85997.5, 0.002], [85997.1, 0.003], [85997.0, 0.042], [85996.9, 0.002], [85996.7, 0.002], [85996.6, 0.016]], "asks": [[86000.0, 4.235], [86000.1, 0.006], [86000.2, 0.004], [86000.4, 0.076], [86000.7, 0.021], [86000.9, 0.025], [86001.0, 0.003], [86001.1, 5.815], [86001.2, 0.006], [86001.3, 0.011], [86001.4, 0.05], [86001.6, 0.117], [86001.7, 0.002], [86001.8, 0.007], [86001.9, 0.002], [86002.0, 0.003], [86002.2, 0.002], [86002.6, 0.005], [86002.7, 0.002], [86002.8, 0.123]], "timestamp": "2025-12-18T01:36:25.340337+00:00"}, {"symbol": "BTCUSDT", "bids": [[86073.0, 7.294], [86072.9, 0.008], [86072.7, 0.021], [86072.5, 0.009], [86072.4, 0.002], [86071.7, 0.002], [86071.6, 0.002], [86071.5, 0.011], [86071.1, 0.002], [86071.0, 0.003], [86070.5, 0.002], [86070.4, 0.002], [86070.3, 0.002], [86070.2, 0.003], [86070.1, 0.046], [86070.0, 0.004], [86069.9, 0.004], [86069.8, 0.002], [86069.4, 0.003], [86069.3, 0.002]], "asks": [[86073.1, 2.345], [86073.2, 0.002], [86073.6, 0.004], [86073.8, 0.002], [86074.1, 0.004], [86074.5, 0.002], [86074.8, 0.032], [86075.0, 0.004], [86075.3, 0.002], [86075.4, 0.232], [86075.5, 0.005], [86075.6, 0.002], [86075.7, 0.002], [86075.8, 0.002], [86076.0, 0.006], [86076.2, 0.002], [86076.3, 0.005], [86076.5, 0.002], [86076.8, 0.119], [86077.0, 0.006]], "timestamp": "2025-12-18T01:37:19.715392+00:00"}, {"symbol": "BTCUSDT", "bids": [[86094.0, 2.343], [86093.9, 0.04], [86093.8, 0.002], [86093.7, 0.005], [86093.6, 0.004], [86093.4, 0.004], [86093.3, 0.016], [86093.2, 0.012], [86092.8, 0.002], [86092.7, 0.002], [86092.6, 0.006], [86092.4, 0.003], [86092.3, 0.002], [86091.9, 0.002], [86091.8, 0.002], [86091.7, 0.002], [86091.6, 0.005], [86091.4, 0.005], [86091.3, 0.002], [86091.2, 0.004]], "asks": [[86094.1, 2.425], [86094.2, 0.004], [86094.6, 0.004], [86094.7, 0.037], [86094.8, 0.004], [86094.9, 0.069], [86095.5, 0.024], [86095.7, 0.002], [86095.9, 0.002], [86096.1, 0.003], [86096.2, 0.117], [86096.7, 0.034], [86096.9, 0.12], [86097.0, 0.006], [86097.1, 0.002], [86097.2, 0.01], [86097.4, 0.002], [86097.5, 0.002], [86097.6, 0.168], [86097.7, 1.003]], "timestamp": "2025-12-18T01:38:13.578170+00:00"}, {"symbol": "BTCUSDT", "bids": [[86057.2, 3.471], [86057.1, 0.008], [86057.0, 0.062], [86056.9, 0.289], [86056.6, 0.002], [86056.5, 0.016], [86055.9, 0.004], [86055.8, 0.008], [86055.4, 1.167], [86055.3, 0.002], [86055.2, 0.003], [86055.0, 0.002], [86054.9, 0.002], [86054.8, 0.004], [86054.4, 0.005], [86054.3, 0.083], [86054.2, 0.002], [86053.6, 0.007], [86053.5, 0.011], [86053.4, 0.004]], "asks": [[86057.3, 2.873], [86057.4, 0.004], [86057.8, 0.004], [86058.0, 0.002], [86058.3, 0.002], [86058.6, 0.007], [86058.8, 0.002], [86059.0, 0.002], [86059.2, 0.003], [86059.3, 0.002], [86059.5, 0.002], [86059.6, 0.003], [86059.8, 0.004], [86060.0, 0.053], [86060.1, 0.195], [86060.2, 1.32], [86060.3, 1.266], [86060.4, 0.003], [86060.5, 0.002], [86060.6, 0.002]], "timestamp": "2025-12-18T01:39:07.440760+00:00"}, {"symbol": "BTCUSDT", "bids": [[85976.7, 1.465], [85976.6, 0.002], [85976.0, 0.004], [85975.7, 0.002], [85975.2, 0.002], [85975.1, 0.002], [85975.0, 0.002], [85974.9, 0.002], [85974.7, 0.003], [85974.3, 0.002], [85974.2, 0.002], [85973.9, 0.003], [85973.8, 0.002], [85973.4, 0.05], [85973.3, 0.06], [85973.2, 0.002], [85973.0, 0.003], [85972.8, 0.005], [85972.6, 0.002], [85972.3, 0.002]], "asks": [[85976.8, 3.383], [85976.9, 0.008], [85977.0, 0.015], [85977.2, 0.003], [85977.3, 0.002], [85977.9, 0.002], [85978.1, 0.362], [85978.2, 0.291], [85978.4, 0.002], [85978.5, 0.002], [85978.6, 0.003], [85978.7, 0.003], [85978.8, 0.121], [85978.9, 0.003], [85979.0, 0.12], [85979.1, 0.005], [85979.2, 0.003], [85979.3, 0.003], [85979.4, 0.009], [85979.5, 0.006]], "timestamp": "2025-12-18T01:40:01.633899+00:00"}, {"symbol": "BTCUSDT", "bids": [[86031.9, 1.021], [86031.8, 0.041], [86031.4, 0.002], [86031.2, 0.004], [86031.0, 0.06], [86030.9, 0.002], [86030.4, 0.002], [86030.3, 0.004], [86030.0, 0.004], [86029.9, 0.005], [86029.4, 0.002], [86029.3, 0.002], [86028.9, 0.003], [86028.7, 0.002], [86028.6, 0.004], [86028.3, 0.011], [86028.1, 0.005], [86028.0, 0.01], [86027.9, 0.002], [86027.7, 0.018]], "asks": [[86032.0, 4.059], [86032.1, 0.004], [86032.5, 0.002], [86032.6, 0.002], [86032.7, 0.046], [86032.8, 0.146], [86032.9, 0.002], [86033.0, 0.002], [86033.5, 0.002], [86033.6, 0.119], [86033.8, 0.002], [86034.0, 0.011], [86034.3, 0.008], [86034.4, 0.014], [86034.5, 0.004], [86034.8, 0.017], [86035.0, 0.006], [86035.1, 0.002], [86035.2, 0.122], [86035.3, 0.421]], "timestamp": "2025-12-18T01:40:55.702581+00:00"}, {"symbol": "BTCUSDT", "bids": [[86075.5, 9.038], [86075.4, 0.111], [86075.3, 0.006], [86075.1, 0.002], [86074.8, 0.043], [86074.7, 0.002], [86074.2, 0.002], [86073.7, 0.002], [86073.4, 0.003], [86073.1, 0.002], [86073.0, 0.139], [86072.9, 0.002], [86072.7, 0.002], [86072.6, 0.003], [86072.4, 0.044], [86072.2, 0.012], [86071.9, 0.01], [86071.6, 0.004], [86071.5, 0.002], [86071.2, 0.002]], "asks": [[86075.6, 1.714], [86075.7, 0.006], [86076.0, 0.062], [86076.1, 0.004], [86076.4, 0.003], [86076.7, 0.002], [86076.9, 0.002], [86077.2, 0.002], [86077.4, 0.002], [86077.6, 0.003], [86077.7, 0.002], [86077.9, 0.002], [86078.2, 0.002], [86078.7, 0.045], [86078.8, 0.007], [86079.0, 0.014], [86079.3, 0.002], [86079.6, 0.003], [86079.7, 0.002], [86079.8, 0.002]], "timestamp": "2025-12-18T01:41:50.094060+00:00"}, {"symbol": "BTCUSDT", "bids": [[86095.2, 2.619], [86095.1, 0.149], [86095.0, 0.05], [86094.9, 0.002], [86094.7, 0.002], [86094.6, 0.002], [86094.1, 0.002], [86094.0, 0.064], [86093.9, 0.016], [86093.8, 0.002], [86093.3, 0.002], [86093.2, 0.007], [86092.8, 0.002], [86092.4, 0.003], [86092.3, 0.004], [86092.1, 0.011], [86091.9, 0.002], [86091.7, 0.002], [86091.5, 0.002], [86091.4, 0.002]], "asks": [[86095.3, 2.439], [86095.4, 0.002], [86095.5, 0.006], [86095.7, 0.004], [86095.8, 0.02], [86096.0, 0.002], [86096.4, 0.002], [86096.5, 0.004], [86096.8, 0.178], [86096.9, 0.045], [86097.0, 0.002], [86097.1, 0.002], [86097.2, 0.002], [86097.3, 0.003], [86097.4, 0.004], [86097.5, 0.004], [86097.7, 0.003], [86097.8, 0.002], [86098.0, 0.004], [86098.1, 0.024]], "timestamp": "2025-12-18T01:42:44.120712+00:00"}, {"symbol": "BTCUSDT", "bids": [[86105.7, 9.951], [86105.6, 0.21], [86105.5, 0.729], [86105.4, 0.088], [86105.2, 0.002], [86105.1, 0.016], [86104.9, 0.002], [86104.4, 0.004], [86104.3, 0.002], [86104.2, 0.002], [86103.9, 0.002], [86103.8, 0.011], [86103.7, 0.003], [86103.6, 0.004], [86103.5, 0.006], [86103.2, 0.002], [86103.1, 0.002], [86103.0, 0.002], [86102.9, 0.005], [86102.8, 0.014]], "asks": [[86105.8, 2.745], [86105.9, 0.002], [86106.0, 0.002], [86106.1, 0.002], [86106.4, 0.002], [86106.5, 0.002], [86106.8, 0.002], [86107.0, 0.022], [86107.1, 0.016], [86107.5, 0.006], [86108.0, 0.002], [86108.1, 0.005], [86108.2, 0.002], [86108.4, 0.002], [86108.5, 0.005], [86108.6, 0.009], [86108.8, 0.002], [86108.9, 0.002], [86109.0, 0.004], [86109.1, 0.002]], "timestamp": "2025-12-18T01:43:37.850801+00:00"}, {"symbol": "BTCUSDT", "bids": [[86101.1, 6.547], [86101.0, 0.006], [86100.9, 0.002], [86100.8, 0.002], [86100.6, 0.537], [86100.2, 0.002], [86100.1, 0.007], [86099.8, 0.002], [86099.7, 0.004], [86099.6, 0.01], [86099.2, 0.004], [86099.1, 0.003], [86099.0, 0.018], [86098.9, 0.002], [86098.7, 0.002], [86097.9, 0.007], [86097.4, 0.002], [86097.3, 0.002], [86097.1, 0.003], [86096.9, 0.002]], "asks": [[86101.2, 2.431], [86101.3, 0.002], [86101.6, 0.002], [86101.7, 0.049], [86101.8, 0.002], [86102.0, 0.002], [86102.5, 0.004], [86102.8, 0.002], [86103.0, 0.123], [86103.1, 0.002], [86103.2, 0.002], [86103.4, 0.004], [86103.5, 0.002], [86103.6, 0.005], [86103.7, 0.117], [86103.8, 0.002], [86104.1, 0.002], [86104.2, 0.004], [86104.3, 0.004], [86104.4, 0.167]], "timestamp": "2025-12-18T01:44:32.153597+00:00"}, {"symbol": "BTCUSDT", "bids": [[86107.4, 1.757], [86107.3, 0.002], [86107.0, 0.01], [86106.5, 0.006], [86106.1, 0.002], [86106.0, 0.002], [86105.8, 0.056], [86105.4, 0.007], [86105.2, 0.002], [86105.0, 0.002], [86104.7, 0.004], [86104.6, 0.003], [86104.2, 0.017], [86104.0, 0.002], [86103.9, 0.01], [86103.8, 0.003], [86103.6, 0.002], [86103.5, 0.004], [86103.2, 0.01], [86103.1, 0.116]], "asks": [[86107.5, 4.222], [86107.6, 0.008], [86107.7, 0.002], [86108.1, 0.002], [86108.3, 0.117], [86108.6, 0.002], [86108.8, 0.002], [86109.0, 0.002], [86109.3, 0.011], [86109.4, 0.127], [86109.5, 0.117], [86109.6, 0.056], [86109.7, 0.002], [86109.9, 0.002], [86110.0, 0.071], [86110.1, 0.117], [86110.2, 0.004], [86110.3, 0.03], [86110.4, 0.002], [86110.8, 0.238]], "timestamp": "2025-12-18T01:45:25.709195+00:00"}, {"symbol": "BTCUSDT", "bids": [[86111.7, 3.954], [86111.6, 1.098], [86111.5, 0.342], [86111.3, 0.79], [86111.0, 0.019], [86110.6, 1.006], [86110.5, 0.8], [86110.4, 0.004], [86110.3, 0.002], [86110.0, 1.002], [86109.8, 0.031], [86109.7, 0.011], [86109.6, 0.056], [86109.5, 0.002], [86109.4, 0.119], [86109.3, 0.052], [86108.9, 0.006], [86108.6, 0.117], [86108.5, 0.8], [86108.4, 0.806]], "asks": [[86111.8, 2.12], [86111.9, 0.002], [86112.0, 0.01], [86112.1, 0.004], [86112.6, 0.002], [86112.7, 0.002], [86112.9, 0.002], [86113.0, 0.002], [86113.4, 0.004], [86113.8, 0.003], [86113.9, 0.002], [86114.0, 0.002], [86114.2, 0.002], [86114.4, 0.03], [86114.5, 0.003], [86114.6, 0.002], [86114.7, 0.002], [86115.0, 0.088], [86115.1, 0.004], [86115.2, 0.003]], "timestamp": "2025-12-18T01:46:19.777067+00:00"}, {"symbol": "BTCUSDT", "bids": [[86068.1, 5.074], [86068.0, 2.632], [86067.9, 0.002], [86067.8, 14.47], [86067.7, 2.016], [86067.6, 1.796], [86067.4, 0.551], [86067.3, 0.185], [86067.2, 1.828], [86067.1, 2.3], [86067.0, 0.004], [86066.9, 0.669], [86066.8, 0.361], [86066.6, 0.207], [86066.5, 0.117], [86066.4, 4.421], [86066.3, 0.751], [86065.9, 0.953], [86065.8, 0.833], [86065.7, 0.004]], "asks": [[86068.2, 0.004], [86068.3, 0.003], [86068.4, 0.002], [86068.8, 0.002], [86068.9, 0.002], [86069.0, 0.004], [86069.1, 0.003], [86069.3, 0.003], [86069.4, 0.002], [86069.8, 0.004], [86069.9, 0.002], [86070.0, 0.004], [86070.1, 0.002], [86070.2, 0.002], [86070.4, 0.007], [86070.6, 0.002], [86070.7, 0.004], [86071.0, 0.002], [86071.1, 0.004], [86071.2, 0.005]], "timestamp": "2025-12-18T01:47:13.537659+00:00"}, {"symbol": "BTCUSDT", "bids": [[86061.9, 2.798], [86061.8, 0.002], [86061.6, 0.061], [86061.5, 0.002], [86061.3, 0.004], [86061.0, 0.002], [86060.7, 0.004], [86060.6, 0.034], [86060.4, 0.006], [86060.2, 0.004], [86060.1, 0.417], [86060.0, 1.914], [86059.9, 0.01], [86059.7, 0.04], [86059.6, 0.121], [86059.5, 0.002], [86059.4, 0.005], [86059.1, 0.003], [86059.0, 0.002], [86058.9, 0.117]], "asks": [[86062.0, 6.695], [86062.1, 0.141], [86062.2, 0.004], [86062.6, 0.002], [86062.9, 0.008], [86063.4, 0.002], [86063.8, 0.113], [86063.9, 0.002], [86064.0, 0.002], [86064.1, 0.003], [86064.4, 0.002], [86064.5, 0.015], [86064.8, 0.002], [86064.9, 0.003], [86065.0, 0.002], [86065.1, 0.01], [86065.2, 0.004], [86065.3, 0.232], [86065.4, 0.002], [86065.8, 0.003]], "timestamp": "2025-12-18T01:48:07.920602+00:00"}, {"symbol": "BTCUSDT", "bids": [[86133.8, 3.617], [86133.7, 0.815], [86133.4, 0.28], [86133.3, 0.804], [86133.1, 0.021], [86133.0, 0.1], [86132.8, 0.008], [86132.7, 0.002], [86132.6, 0.002], [86132.4, 0.117], [86132.2, 0.002], [86131.9, 0.006], [86131.8, 0.058], [86131.7, 0.12], [86131.4, 0.002], [86131.1, 0.011], [86131.0, 0.004], [86130.9, 0.005], [86130.8, 0.005], [86130.7, 0.01]], "asks": [[86133.9, 1.613], [86134.0, 0.032], [86134.4, 0.002], [86135.2, 0.031], [86135.3, 0.004], [86135.7, 0.058], [86135.9, 0.003], [86136.1, 0.006], [86136.7, 0.005], [86137.0, 0.002], [86137.2, 0.236], [86137.3, 0.056], [86137.4, 0.002], [86137.5, 0.005], [86137.6, 0.004], [86137.9, 0.036], [86138.2, 0.002], [86138.3, 0.003], [86138.5, 0.002], [86138.6, 0.105]], "timestamp": "2025-12-18T01:49:01.923811+00:00"}, {"symbol": "BTCUSDT", "bids": [[86130.0, 1.673], [86129.9, 0.002], [86129.6, 0.002], [86129.3, 0.017], [86129.2, 0.002], [86129.1, 0.002], [86129.0, 0.002], [86128.6, 0.002], [86128.1, 0.071], [86127.8, 0.004], [86127.6, 0.002], [86127.5, 0.002], [86127.3, 0.103], [86127.2, 0.002], [86127.1, 0.002], [86127.0, 0.002], [86126.8, 0.142], [86126.7, 0.065], [86126.6, 0.006], [86126.5, 0.004]], "asks": [[86130.1, 9.371], [86130.2, 0.004], [86130.3, 0.852], [86130.4, 0.631], [86130.5, 0.002], [86130.6, 0.117], [86130.7, 0.004], [86131.2, 0.012], [86131.3, 0.008], [86131.4, 0.002], [86131.6, 0.01], [86131.7, 0.389], [86132.2, 0.01], [86132.4, 0.302], [86132.5, 0.4], [86132.6, 0.013], [86132.7, 3.14], [86132.8, 3.702], [86132.9, 3.419], [86133.4, 0.029]], "timestamp": "2025-12-18T01:49:55.668663+00:00"}, {"symbol": "BTCUSDT", "bids": [[86120.0, 5.125], [86119.9, 0.006], [86119.8, 0.004], [86119.7, 0.002], [86119.5, 0.017], [86119.4, 0.004], [86119.2, 0.075], [86119.1, 0.005], [86119.0, 0.006], [86118.7, 0.003], [86118.6, 0.003], [86118.5, 0.002], [86118.4, 0.003], [86118.0, 0.119], [86117.8, 0.005], [86117.6, 0.002], [86117.5, 0.002], [86117.3, 0.133], [86117.2, 0.006], [86117.1, 0.002]], "asks": [[86120.1, 0.202], [86120.2, 0.002], [86120.4, 0.002], [86121.0, 0.002], [86121.9, 0.058], [86122.1, 0.003], [86122.2, 0.002], [86122.4, 0.002], [86122.7, 0.002], [86122.9, 0.003], [86123.2, 0.002], [86123.4, 0.002], [86123.6, 0.017], [86123.7, 0.002], [86123.9, 0.047], [86124.0, 0.005], [86124.2, 0.005], [86124.4, 0.21], [86124.6, 0.034], [86124.7, 0.004]], "timestamp": "2025-12-18T01:50:49.706439+00:00"}