[{"id": "3019952436", "price": 86363.7, "amount": 0.006, "side": "sell", "timestamp": 1766028979000}, {"id": "3019952437", "price": 86363.6, "amount": 0.003, "side": "sell", "timestamp": 1766028979026}, {"id": "3019952438", "price": 86363.3, "amount": 1.48, "side": "sell", "timestamp": 1766028979038}, {"id": "3019952439", "price": 86363.2, "amount": 0.003, "side": "sell", "timestamp": 1766028979047}, {"id": "3019952440", "price": 86363.0, "amount": 0.002, "side": "sell", "timestamp": 1766028979047}, {"id": "3019952441", "price": 86362.8, "amount": 0.004, "side": "sell", "timestamp": 1766028979047}, {"id": "3019952442", "price": 86362.7, "amount": 0.007, "side": "sell", "timestamp": 1766028979047}, {"id": "3019952443", "price": 86362.4, "amount": 0.002, "side": "sell", "timestamp": 1766028979047}, {"id": "3019952444", "price": 86362.2, "amount": 0.003, "side": "sell", "timestamp": 1766028979047}, {"id": "3019952445", "price": 86362.1, "amount": 0.002, "side": "sell", "timestamp": 1766028979047}, {"id": "3019952446", "price": 86362.0, "amount": 0.005, "side": "sell", "timestamp": 1766028979047}, {"id": "3019952447", "price": 86361.9, "amount": 0.004, "side": "sell", "timestamp": 1766028979047}, {"id": "3019952448", "price": 86361.6, "amount": 0.006, "side": "sell", "timestamp": 1766028979047}, {"id": "3019952449", "price": 86361.5, "amount": 0.028, "side": "sell", "timestamp": 1766028979047}, {"id": "3019952450", "price": 86361.4, "amount": 0.003, "side": "sell", "timestamp": 1766028979047}, {"id": "3019952451", "price": 86361.2, "amount": 0.006, "side": "sell", "timestamp": 1766028979047}, {"id": "3019952452", "price": 86361.1, "amount": 0.006, "side": "sell", "timestamp": 1766028979047}, {"id": "3019952453", "price": 86360.9, "amount": 0.003, "side": "sell", "timestamp": 1766028979047}, {"id": "3019952454", "price": 86360.5, "amount": 0.002, "side": "sell", "timestamp": 1766028979047}, {"id": "3019952455", "price": 86360.3, "amount": 0.15, "side": "sell", "timestamp": 1766028979047}, {"id": "3019952456", "price": 86360.2, "amount": 0.004, "side": "sell", "timestamp": 1766028979047}, {"id": "3019952457", "price": 86360.1, "amount": 0.003, "side": "sell", "timestamp": 1766028979047}, {"id": "3019952458", "price": 86360.0, "amount": 0.004, "side": "sell", "timestamp": 1766028979047}, {"id": "3019952459", "price": 86359.9, "amount": 0.005, "side": "sell", "timestamp": 1766028979047}, {"id": "3019952460", "price": 86359.5, "amount": 0.003, "side": "sell", "timestamp": 1766028979047}, {"id": "3019952461", "price": 86359.3, "amount": 0.004, "side": "sell", "timestamp": 1766028979047}, {"id": "3019952462", "price": 86359.0, "amount": 0.004, "side": "sell", "timestamp": 1766028979047}, {"id": "3019952463", "price": 86358.8, "amount": 0.005, "side": "sell", "timestamp": 1766028979047}, {"id": "3019952464", "price": 86358.7, "amount": 0.003, "side": "sell", "timestamp": 1766028979047}, {"id": "3019952465", "price": 86358.5, "amount": 0.008, "side": "sell", "timestamp": 1766028979047}, {"id": "3019952466", "price": 86358.4, "amount": 0.114, "side": "buy", "timestamp": 1766028979062}, {"id": "3019952467", "price": 86358.2, "amount": 0.002, "side": "sell", "timestamp": 1766028979091}, {"id": "3019952468", "price": 86358.0, "amount": 0.004, "side": "sell", "timestamp": 1766028979091}, {"id": "3019952469", "price": 86357.9, "amount": 0.003, "side": "sell", "timestamp": 1766028979091}, {"id": "3019952470", "price": 86357.8, "amount": 0.002, "side": "sell", "timestamp": 1766028979091}, {"id": "3019952471", "price": 86357.6, "amount": 0.007, "side": "sell", "timestamp": 1766028979091}, {"id": "3019952472", "price": 86357.5, "amount": 0.002, "side": "sell", "timestamp": 1766028979091}, {"id": "3019952473", "price": 86357.1, "amount": 0.003, "side": "sell", "timestamp": 1766028979091}, {"id": "3019952474", "price": 86357.0, "amount": 0.022, "side": "sell", "timestamp": 1766028979091}, {"id": "3019952475", "price": 86356.9, "amount": 0.004, "side": "sell", "timestamp": 1766028979091}, {"id": "3019952476", "price": 86356.8, "amount": 0.004, "side": "sell", "timestamp": 1766028979091}, {"id": "3019952477", "price": 86356.7, "amount": 0.004, "side": "sell", "timestamp": 1766028979091}, {"id": "3019952478", "price": 86356.6, "amount": 0.003, "side": "sell", "timestamp": 1766028979091}, {"id": "3019952479", "price": 86356.5, "amount": 0.002, "side": "sell", "timestamp": 1766028979091}, {"id": "3019952480", "price": 86356.4, "amount": 0.006, "side": "sell", "timestamp": 1766028979091}, {"id": "3019952481", "price": 86356.3, "amount": 0.026, "side": "sell", "timestamp": 1766028979091}, {"id": "3019952482", "price": 86355.9, "amount": 0.004, "side": "sell", "timestamp": 1766028979091}, {"id": "3019952483", "price": 86355.8, "amount": 0.002, "side": "sell", "timestamp": 1766028979091}, {"id": "3019952484", "price": 86356.4, "amount": 0.002, "side": "buy", "timestamp": 1766028979109}, {"id": "3019952485", "price": 86355.8, "amount": 0.02, "side": "sell", "timestamp": 1766028979138}, {"id": "3019953296", "price": 86335.2, "amount": 0.011, "side": "buy", "timestamp": 1766029029777}, {"id": "3019953297", "price": 86335.5, "amount": 0.002, "side": "buy", "timestamp": 1766029029777}, {"id": "3019953298", "price": 86335.6, "amount": 0.002, "side": "buy", "timestamp": 1766029029777}, {"id": "3019953299", "price": 86335.9, "amount": 0.003, "side": "buy", "timestamp": 1766029029777}, {"id": "3019953300", "price": 86336.0, "amount": 0.004, "side": "buy", "timestamp": 1766029029777}, {"id": "3019953301", "price": 86336.1, "amount": 0.023, "side": "buy", "timestamp": 1766029029777}, {"id": "3019953302", "price": 86336.2, "amount": 0.002, "side": "buy", "timestamp": 1766029029777}, {"id": "3019953303", "price": 86336.3, "amount": 0.002, "side": "buy", "timestamp": 1766029029777}, {"id": "3019953304", "price": 86336.5, "amount": 0.004, "side": "buy", "timestamp": 1766029029778}, {"id": "3019953305", "price": 86336.6, "amount": 0.002, "side": "buy", "timestamp": 1766029029778}, {"id": "3019953306", "price": 86336.8, "amount": 0.003, "side": "buy", "timestamp": 1766029029779}, {"id": "3019953307", "price": 86337.0, "amount": 0.069, "side": "buy", "timestamp": 1766029029779}, {"id": "3019953308", "price": 86337.4, "amount": 0.005, "side": "buy", "timestamp": 1766029029781}, {"id": "3019953309", "price": 86337.6, "amount": 0.005, "side": "buy", "timestamp": 1766029029781}, {"id": "3019953310", "price": 86337.7, "amount": 0.002, "side": "buy", "timestamp": 1766029029781}, {"id": "3019953311", "price": 86338.0, "amount": 0.003, "side": "buy", "timestamp": 1766029029782}, {"id": "3019953312", "price": 86338.1, "amount": 0.004, "side": "buy", "timestamp": 1766029029782}, {"id": "3019953313", "price": 86338.2, "amount": 0.002, "side": "buy", "timestamp": 1766029029782}, {"id": "3019953314", "price": 86338.3, "amount": 0.002, "side": "buy", "timestamp": 1766029029782}, {"id": "3019953315", "price": 86338.5, "amount": 0.003, "side": "buy", "timestamp": 1766029029782}, {"id": "3019953316", "price": 86338.6, "amount": 0.002, "side": "buy", "timestamp": 1766029029784}, {"id": "3019953317", "price": 86338.7, "amount": 0.004, "side": "buy", "timestamp": 1766029029784}, {"id": "3019953318", "price": 86338.8, "amount": 0.002, "side": "buy", "timestamp": 1766029029784}, {"id": "3019953319", "price": 86338.9, "amount": 0.003, "side": "buy", "timestamp": 1766029029784}, {"id": "3019953320", "price": 86339.3, "amount": 0.003, "side": "buy", "timestamp": 1766029029784}, {"id": "3019953321", "price": 86339.5, "amount": 0.017, "side": "buy", "timestamp": 1766029029784}, {"id": "3019953322", "price": 86339.6, "amount": 0.009, "side": "buy", "timestamp": 1766029029784}, {"id": "3019953323", "price": 86339.7, "amount": 0.004, "side": "buy", "timestamp": 1766029029784}, {"id": "3019953324", "price": 86339.9, "amount": 0.002, "side": "buy", "timestamp": 1766029029784}, {"id": "3019953325", "price": 86340.0, "amount": 0.026, "side": "buy", "timestamp": 1766029029784}, {"id": "3019953326", "price": 86340.1, "amount": 0.005, "side": "buy", "timestamp": 1766029029786}, {"id": "3019953327", "price": 86340.2, "amount": 0.002, "side": "buy", "timestamp": 1766029029786}, {"id": "3019953328", "price": 86340.3, "amount": 0.004, "side": "buy", "timestamp": 1766029029786}, {"id": "3019953329", "price": 86340.5, "amount": 0.005, "side": "buy", "timestamp": 1766029029786}, {"id": "3019953330", "price": 86340.6, "amount": 0.009, "side": "buy", "timestamp": 1766029029786}, {"id": "3019953331", "price": 86340.7, "amount": 0.005, "side": "buy", "timestamp": 1766029029786}, {"id": "3019953332", "price": 86340.8, "amount": 0.008, "side": "buy", "timestamp": 1766029029786}, {"id": "3019953333", "price": 86340.9, "amount": 0.013, "side": "buy", "timestamp": 1766029029786}, {"id": "3019953334", "price": 86340.4, "amount": 0.002, "side": "sell", "timestamp": 1766029029792}, {"id": "3019953335", "price": 86341.2, "amount": 0.002, "side": "buy", "timestamp": 1766029029796}, {"id": "3019953336", "price": 86341.3, "amount": 0.004, "side": "buy", "timestamp": 1766029029796}, {"id": "3019953337", "price": 86341.5, "amount": 0.003, "side": "buy", "timestamp": 1766029029796}, {"id": "3019953338", "price": 86341.8, "amount": 0.007, "side": "buy", "timestamp": 1766029029827}, {"id": "3019953339", "price": 86341.9, "amount": 0.005, "side": "buy", "timestamp": 1766029029828}, {"id": "3019953340", "price": 86342.0, "amount": 0.004, "side": "buy", "timestamp": 1766029029828}, {"id": "3019953341", "price": 86342.1, "amount": 0.003, "side": "buy", "timestamp": 1766029029828}, {"id": "3019953342", "price": 86342.3, "amount": 0.109, "side": "buy", "timestamp": 1766029029828}, {"id": "3019953343", "price": 86342.2, "amount": 0.075, "side": "sell", "timestamp": 1766029030156}, {"id": "3019953344", "price": 86342.3, "amount": 0.002, "side": "buy", "timestamp": 1766029030388}, {"id": "3019953345", "price": 86342.3, "amount": 0.167, "side": "buy", "timestamp": 1766029031175}, {"id": "3019953886", "price": 86371.5, "amount": 0.002, "side": "sell", "timestamp": 1766029081751}, {"id": "3019953887", "price": 86371.1, "amount": 0.004, "side": "sell", "timestamp": 1766029081751}, {"id": "3019953888", "price": 86370.8, "amount": 0.003, "side": "sell", "timestamp": 1766029081751}, {"id": "3019953889", "price": 86370.7, "amount": 0.122, "side": "buy", "timestamp": 1766029081779}, {"id": "3019953890", "price": 86370.6, "amount": 0.191, "side": "sell", "timestamp": 1766029081896}, {"id": "3019953891", "price": 86370.5, "amount": 0.002, "side": "sell", "timestamp": 1766029081900}, {"id": "3019953892", "price": 86370.4, "amount": 0.002, "side": "sell", "timestamp": 1766029081900}, {"id": "3019953893", "price": 86369.9, "amount": 0.002, "side": "sell", "timestamp": 1766029081900}, {"id": "3019953894", "price": 86369.8, "amount": 0.004, "side": "sell", "timestamp": 1766029081900}, {"id": "3019953895", "price": 86369.4, "amount": 0.002, "side": "sell", "timestamp": 1766029081900}, {"id": "3019953896", "price": 86369.3, "amount": 0.004, "side": "sell", "timestamp": 1766029081900}, {"id": "3019953897", "price": 86369.2, "amount": 0.016, "side": "sell", "timestamp": 1766029081900}, {"id": "3019953898", "price": 86368.9, "amount": 0.048, "side": "sell", "timestamp": 1766029081907}, {"id": "3019953899", "price": 86368.8, "amount": 0.024, "side": "sell", "timestamp": 1766029081909}, {"id": "3019953900", "price": 86368.7, "amount": 0.005, "side": "sell", "timestamp": 1766029081911}, {"id": "3019953901", "price": 86368.6, "amount": 0.003, "side": "sell", "timestamp": 1766029081911}, {"id": "3019953902", "price": 86368.4, "amount": 0.017, "side": "sell", "timestamp": 1766029081911}, {"id": "3019953903", "price": 86368.4, "amount": 0.005, "side": "buy", "timestamp": 1766029082085}, {"id": "3019953904", "price": 86368.3, "amount": 0.035, "side": "sell", "timestamp": 1766029082721}, {"id": "3019953905", "price": 86368.4, "amount": 0.002, "side": "buy", "timestamp": 1766029082882}, {"id": "3019953906", "price": 86368.4, "amount": 0.01, "side": "buy", "timestamp": 1766029083177}, {"id": "3019953907", "price": 86368.3, "amount": 0.111, "side": "sell", "timestamp": 1766029083698}, {"id": "3019953908", "price": 86368.2, "amount": 0.027, "side": "sell", "timestamp": 1766029083698}, {"id": "3019953909", "price": 86368.1, "amount": 0.007, "side": "sell", "timestamp": 1766029083698}, {"id": "3019953910", "price": 86368.0, "amount": 0.002, "side": "sell", "timestamp": 1766029083698}, {"id": "3019953911", "price": 86367.9, "amount": 0.046, "side": "sell", "timestamp": 1766029083698}, {"id": "3019953912", "price": 86367.7, "amount": 0.002, "side": "sell", "timestamp": 1766029083698}, {"id": "3019953913", "price": 86367.1, "amount": 0.002, "side": "sell", "timestamp": 1766029083700}, {"id": "3019953914", "price": 86367.0, "amount": 0.002, "side": "sell", "timestamp": 1766029083700}, {"id": "3019953915", "price": 86366.8, "amount": 0.004, "side": "sell", "timestamp": 1766029083700}, {"id": "3019953916", "price": 86366.7, "amount": 0.002, "side": "sell", "timestamp": 1766029083700}, {"id": "3019953917", "price": 86366.4, "amount": 0.002, "side": "sell", "timestamp": 1766029083700}, {"id": "3019953918", "price": 86366.3, "amount": 0.008, "side": "sell", "timestamp": 1766029083700}, {"id": "3019953919", "price": 86366.2, "amount": 0.004, "side": "sell", "timestamp": 1766029083700}, {"id": "3019953920", "price": 86365.8, "amount": 0.002, "side": "sell", "timestamp": 1766029083711}, {"id": "3019953921", "price": 86365.5, "amount": 0.005, "side": "sell", "timestamp": 1766029083715}, {"id": "3019953922", "price": 86365.4, "amount": 0.004, "side": "sell", "timestamp": 1766029083715}, {"id": "3019953923", "price": 86365.1, "amount": 0.002, "side": "sell", "timestamp": 1766029083715}, {"id": "3019953924", "price": 86365.0, "amount": 0.038, "side": "sell", "timestamp": 1766029083727}, {"id": "3019953925", "price": 86364.9, "amount": 0.002, "side": "sell", "timestamp": 1766029083727}, {"id": "3019953926", "price": 86364.5, "amount": 0.002, "side": "sell", "timestamp": 1766029083730}, {"id": "3019953927", "price": 86364.3, "amount": 0.066, "side": "sell", "timestamp": 1766029083735}, {"id": "3019953928", "price": 86364.2, "amount": 0.004, "side": "sell", "timestamp": 1766029083738}, {"id": "3019953929", "price": 86364.0, "amount": 0.004, "side": "sell", "timestamp": 1766029083738}, {"id": "3019953930", "price": 86363.9, "amount": 0.002, "side": "sell", "timestamp": 1766029083738}, {"id": "3019953931", "price": 86363.8, "amount": 0.003, "side": "sell", "timestamp": 1766029083738}, {"id": "3019953932", "price": 86363.5, "amount": 0.003, "side": "sell", "timestamp": 1766029083738}, {"id": "3019953933", "price": 86363.4, "amount": 0.002, "side": "sell", "timestamp": 1766029083738}, {"id": "3019953934", "price": 86363.4, "amount": 0.007, "side": "buy", "timestamp": 1766029083902}, {"id": "3019953935", "price": 86363.3, "amount": 0.263, "side": "sell", "timestamp": 1766029083905}, {"id": "3019954564", "price": 86413.3, "amount": 0.002, "side": "buy", "timestamp": 1766029134376}, {"id": "3019954565", "price": 86413.5, "amount": 0.012, "side": "buy", "timestamp": 1766029134376}, {"id": "3019954566", "price": 86413.6, "amount": 0.016, "side": "buy", "timestamp": 1766029134376}, {"id": "3019954567", "price": 86413.7, "amount": 0.004, "side": "buy", "timestamp": 1766029134376}, {"id": "3019954568", "price": 86414.0, "amount": 0.143, "side": "buy", "timestamp": 1766029134378}, {"id": "3019954569", "price": 86414.2, "amount": 0.009, "side": "buy", "timestamp": 1766029134378}, {"id": "3019954570", "price": 86414.3, "amount": 0.009, "side": "buy", "timestamp": 1766029134378}, {"id": "3019954571", "price": 86414.4, "amount": 0.002, "side": "buy", "timestamp": 1766029134378}, {"id": "3019954572", "price": 86414.5, "amount": 0.002, "side": "buy", "timestamp": 1766029134378}, {"id": "3019954573", "price": 86414.7, "amount": 0.002, "side": "buy", "timestamp": 1766029134378}, {"id": "3019954574", "price": 86414.8, "amount": 0.003, "side": "buy", "timestamp": 1766029134378}, {"id": "3019954575", "price": 86414.9, "amount": 0.002, "side": "buy", "timestamp": 1766029134378}, {"id": "3019954576", "price": 86415.0, "amount": 0.004, "side": "buy", "timestamp": 1766029134378}, {"id": "3019954577", "price": 86415.2, "amount": 0.002, "side": "buy", "timestamp": 1766029134378}, {"id": "3019954578", "price": 86415.3, "amount": 0.011, "side": "buy", "timestamp": 1766029134378}, {"id": "3019954579", "price": 86415.5, "amount": 0.037, "side": "buy", "timestamp": 1766029134378}, {"id": "3019954580", "price": 86415.6, "amount": 0.003, "side": "buy", "timestamp": 1766029134378}, {"id": "3019954581", "price": 86415.7, "amount": 0.003, "side": "buy", "timestamp": 1766029134378}, {"id": "3019954582", "price": 86415.8, "amount": 0.002, "side": "buy", "timestamp": 1766029134378}, {"id": "3019954583", "price": 86415.9, "amount": 0.002, "side": "buy", "timestamp": 1766029134378}, {"id": "3019954584", "price": 86416.0, "amount": 0.007, "side": "buy", "timestamp": 1766029134381}, {"id": "3019954585", "price": 86416.2, "amount": 0.002, "side": "buy", "timestamp": 1766029134381}, {"id": "3019954586", "price": 86416.4, "amount": 0.006, "side": "buy", "timestamp": 1766029134381}, {"id": "3019954587", "price": 86416.4, "amount": 0.029, "side": "sell", "timestamp": 1766029134418}, {"id": "3019954588", "price": 86416.5, "amount": 0.002, "side": "buy", "timestamp": 1766029134436}, {"id": "3019954589", "price": 86416.6, "amount": 0.006, "side": "buy", "timestamp": 1766029134436}, {"id": "3019954590", "price": 86416.7, "amount": 0.757, "side": "sell", "timestamp": 1766029134474}, {"id": "3019954591", "price": 86416.8, "amount": 0.003, "side": "buy", "timestamp": 1766029134505}, {"id": "3019954592", "price": 86417.0, "amount": 0.002, "side": "buy", "timestamp": 1766029134505}, {"id": "3019954593", "price": 86417.1, "amount": 0.039, "side": "buy", "timestamp": 1766029134535}, {"id": "3019954594", "price": 86417.0, "amount": 0.207, "side": "sell", "timestamp": 1766029134577}, {"id": "3019954595", "price": 86417.1, "amount": 0.01, "side": "buy", "timestamp": 1766029134647}, {"id": "3019954596", "price": 86417.0, "amount": 0.174, "side": "sell", "timestamp": 1766029134649}, {"id": "3019954597", "price": 86416.9, "amount": 0.136, "side": "sell", "timestamp": 1766029134663}, {"id": "3019954598", "price": 86416.8, "amount": 0.002, "side": "sell", "timestamp": 1766029134684}, {"id": "3019954599", "price": 86416.6, "amount": 0.003, "side": "sell", "timestamp": 1766029134684}, {"id": "3019954600", "price": 86416.4, "amount": 2.231, "side": "sell", "timestamp": 1766029135072}, {"id": "3019954601", "price": 86416.3, "amount": 0.059, "side": "sell", "timestamp": 1766029135080}, {"id": "3019954602", "price": 86415.9, "amount": 0.002, "side": "sell", "timestamp": 1766029135082}, {"id": "3019954603", "price": 86415.8, "amount": 0.06, "side": "sell", "timestamp": 1766029135086}, {"id": "3019954604", "price": 86415.6, "amount": 0.008, "side": "buy", "timestamp": 1766029135174}, {"id": "3019954605", "price": 86415.5, "amount": 0.003, "side": "sell", "timestamp": 1766029135217}, {"id": "3019954606", "price": 86415.6, "amount": 0.274, "side": "buy", "timestamp": 1766029135371}, {"id": "3019954607", "price": 86415.6, "amount": 0.44, "side": "buy", "timestamp": 1766029135637}, {"id": "3019954608", "price": 86415.6, "amount": 0.029, "side": "buy", "timestamp": 1766029135738}, {"id": "3019954609", "price": 86415.6, "amount": 0.01, "side": "buy", "timestamp": 1766029135839}, {"id": "3019954610", "price": 86415.6, "amount": 0.068, "side": "buy", "timestamp": 1766029135985}, {"id": "3019954611", "price": 86415.5, "amount": 0.609, "side": "sell", "timestamp": 1766029135988}, {"id": "3019954612", "price": 86415.6, "amount": 1.038, "side": "buy", "timestamp": 1766029136042}, {"id": "3019954613", "price": 86415.5, "amount": 0.029, "side": "sell", "timestamp": 1766029136042}, {"id": "3019955202", "price": 86471.0, "amount": 0.003, "side": "buy", "timestamp": 1766029187033}, {"id": "3019955203", "price": 86471.1, "amount": 0.057, "side": "buy", "timestamp": 1766029187077}, {"id": "3019955204", "price": 86471.1, "amount": 0.004, "side": "buy", "timestamp": 1766029187205}, {"id": "3019955205", "price": 86471.1, "amount": 0.211, "side": "buy", "timestamp": 1766029187335}, {"id": "3019955206", "price": 86471.1, "amount": 0.034, "side": "buy", "timestamp": 1766029187781}, {"id": "3019955207", "price": 86471.0, "amount": 0.053, "side": "sell", "timestamp": 1766029187885}, {"id": "3019955208", "price": 86471.1, "amount": 0.664, "side": "buy", "timestamp": 1766029187987}, {"id": "3019955209", "price": 86471.1, "amount": 0.074, "side": "buy", "timestamp": 1766029188091}, {"id": "3019955210", "price": 86471.2, "amount": 0.007, "side": "buy", "timestamp": 1766029188148}, {"id": "3019955211", "price": 86471.5, "amount": 0.002, "side": "buy", "timestamp": 1766029188148}, {"id": "3019955212", "price": 86472.0, "amount": 0.043, "side": "buy", "timestamp": 1766029188153}, {"id": "3019955213", "price": 86472.1, "amount": 0.002, "side": "buy", "timestamp": 1766029188155}, {"id": "3019955214", "price": 86472.2, "amount": 0.007, "side": "buy", "timestamp": 1766029188155}, {"id": "3019955215", "price": 86472.4, "amount": 0.005, "side": "buy", "timestamp": 1766029188155}, {"id": "3019955216", "price": 86472.5, "amount": 0.002, "side": "buy", "timestamp": 1766029188155}, {"id": "3019955217", "price": 86472.6, "amount": 0.012, "side": "buy", "timestamp": 1766029188160}, {"id": "3019955218", "price": 86472.8, "amount": 0.031, "side": "buy", "timestamp": 1766029188224}, {"id": "3019955219", "price": 86472.9, "amount": 0.002, "side": "buy", "timestamp": 1766029188247}, {"id": "3019955220", "price": 86473.0, "amount": 0.006, "side": "buy", "timestamp": 1766029188249}, {"id": "3019955221", "price": 86473.1, "amount": 0.022, "side": "buy", "timestamp": 1766029188249}, {"id": "3019955222", "price": 86473.2, "amount": 0.016, "side": "buy", "timestamp": 1766029188318}, {"id": "3019955223", "price": 86473.3, "amount": 0.014, "side": "buy", "timestamp": 1766029188321}, {"id": "3019955224", "price": 86473.4, "amount": 0.002, "side": "buy", "timestamp": 1766029188321}, {"id": "3019955225", "price": 86473.5, "amount": 0.074, "side": "buy", "timestamp": 1766029188326}, {"id": "3019955226", "price": 86473.6, "amount": 0.003, "side": "buy", "timestamp": 1766029188328}, {"id": "3019955227", "price": 86473.7, "amount": 0.002, "side": "buy", "timestamp": 1766029188328}, {"id": "3019955228", "price": 86474.0, "amount": 0.005, "side": "buy", "timestamp": 1766029188328}, {"id": "3019955229", "price": 86474.5, "amount": 0.002, "side": "buy", "timestamp": 1766029188328}, {"id": "3019955230", "price": 86475.0, "amount": 0.034, "side": "buy", "timestamp": 1766029188332}, {"id": "3019955231", "price": 86475.1, "amount": 0.002, "side": "buy", "timestamp": 1766029188332}, {"id": "3019955232", "price": 86475.2, "amount": 0.002, "side": "buy", "timestamp": 1766029188332}, {"id": "3019955233", "price": 86475.5, "amount": 0.03, "side": "buy", "timestamp": 1766029188332}, {"id": "3019955234", "price": 86476.0, "amount": 0.004, "side": "buy", "timestamp": 1766029188336}, {"id": "3019955235", "price": 86476.4, "amount": 0.003, "side": "buy", "timestamp": 1766029188342}, {"id": "3019955236", "price": 86476.5, "amount": 0.002, "side": "buy", "timestamp": 1766029188342}, {"id": "3019955237", "price": 86477.0, "amount": 0.002, "side": "buy", "timestamp": 1766029188342}, {"id": "3019955238", "price": 86477.1, "amount": 0.037, "side": "buy", "timestamp": 1766029188364}, {"id": "3019955239", "price": 86477.2, "amount": 0.006, "side": "buy", "timestamp": 1766029188365}, {"id": "3019955240", "price": 86477.3, "amount": 0.016, "side": "buy", "timestamp": 1766029188365}, {"id": "3019955241", "price": 86477.5, "amount": 0.004, "side": "buy", "timestamp": 1766029188365}, {"id": "3019955242", "price": 86477.6, "amount": 0.004, "side": "buy", "timestamp": 1766029188365}, {"id": "3019955243", "price": 86478.0, "amount": 0.016, "side": "buy", "timestamp": 1766029188365}, {"id": "3019955244", "price": 86478.2, "amount": 0.003, "side": "buy", "timestamp": 1766029188373}, {"id": "3019955245", "price": 86478.4, "amount": 0.004, "side": "buy", "timestamp": 1766029188373}, {"id": "3019955246", "price": 86478.5, "amount": 0.004, "side": "buy", "timestamp": 1766029188373}, {"id": "3019955247", "price": 86478.6, "amount": 0.002, "side": "buy", "timestamp": 1766029188373}, {"id": "3019955248", "price": 86478.7, "amount": 0.005, "side": "buy", "timestamp": 1766029188381}, {"id": "3019955249", "price": 86479.0, "amount": 0.002, "side": "buy", "timestamp": 1766029188393}, {"id": "3019955250", "price": 86478.9, "amount": 0.002, "side": "sell", "timestamp": 1766029188530}, {"id": "3019955251", "price": 86479.0, "amount": 0.003, "side": "buy", "timestamp": 1766029188605}, {"id": "3019955915", "price": 86476.9, "amount": 0.039, "side": "buy", "timestamp": 1766029229693}, {"id": "3019955916", "price": 86476.9, "amount": 0.061, "side": "buy", "timestamp": 1766029229905}, {"id": "3019955917", "price": 86476.9, "amount": 0.169, "side": "buy", "timestamp": 1766029230029}, {"id": "3019955918", "price": 86476.8, "amount": 0.2, "side": "sell", "timestamp": 1766029230108}, {"id": "3019955919", "price": 86476.9, "amount": 0.032, "side": "buy", "timestamp": 1766029230185}, {"id": "3019955920", "price": 86476.9, "amount": 0.041, "side": "buy", "timestamp": 1766029230297}, {"id": "3019955921", "price": 86476.9, "amount": 0.5, "side": "buy", "timestamp": 1766029230446}, {"id": "3019955922", "price": 86476.9, "amount": 0.003, "side": "buy", "timestamp": 1766029230726}, {"id": "3019955923", "price": 86476.9, "amount": 0.422, "side": "buy", "timestamp": 1766029230923}, {"id": "3019955924", "price": 86476.8, "amount": 0.004, "side": "sell", "timestamp": 1766029231091}, {"id": "3019955925", "price": 86476.9, "amount": 0.002, "side": "buy", "timestamp": 1766029231403}, {"id": "3019955926", "price": 86476.9, "amount": 0.338, "side": "buy", "timestamp": 1766029231765}, {"id": "3019955927", "price": 86476.9, "amount": 0.144, "side": "buy", "timestamp": 1766029231963}, {"id": "3019955928", "price": 86476.9, "amount": 1.224, "side": "buy", "timestamp": 1766029232730}, {"id": "3019955929", "price": 86476.8, "amount": 0.003, "side": "sell", "timestamp": 1766029232741}, {"id": "3019955930", "price": 86476.8, "amount": 0.056, "side": "sell", "timestamp": 1766029232932}, {"id": "3019955931", "price": 86476.9, "amount": 0.366, "side": "buy", "timestamp": 1766029233087}, {"id": "3019955932", "price": 86476.8, "amount": 0.012, "side": "sell", "timestamp": 1766029233334}, {"id": "3019955933", "price": 86476.9, "amount": 0.008, "side": "buy", "timestamp": 1766029233546}, {"id": "3019955934", "price": 86476.9, "amount": 0.013, "side": "buy", "timestamp": 1766029233995}, {"id": "3019955935", "price": 86476.8, "amount": 0.004, "side": "sell", "timestamp": 1766029234128}, {"id": "3019955936", "price": 86476.9, "amount": 0.026, "side": "buy", "timestamp": 1766029234721}, {"id": "3019955937", "price": 86476.9, "amount": 0.1, "side": "buy", "timestamp": 1766029235250}, {"id": "3019955938", "price": 86476.9, "amount": 0.006, "side": "buy", "timestamp": 1766029235375}, {"id": "3019955939", "price": 86476.9, "amount": 0.101, "side": "buy", "timestamp": 1766029235504}, {"id": "3019955940", "price": 86476.9, "amount": 0.201, "side": "buy", "timestamp": 1766029235657}, {"id": "3019955941", "price": 86476.9, "amount": 0.028, "side": "buy", "timestamp": 1766029235816}, {"id": "3019955942", "price": 86476.9, "amount": 0.031, "side": "buy", "timestamp": 1766029236113}, {"id": "3019955943", "price": 86476.9, "amount": 0.009, "side": "buy", "timestamp": 1766029236238}, {"id": "3019955944", "price": 86476.9, "amount": 0.017, "side": "buy", "timestamp": 1766029236459}, {"id": "3019955945", "price": 86476.9, "amount": 0.141, "side": "buy", "timestamp": 1766029236725}, {"id": "3019955946", "price": 86476.8, "amount": 0.002, "side": "sell", "timestamp": 1766029237162}, {"id": "3019955947", "price": 86476.9, "amount": 0.02, "side": "buy", "timestamp": 1766029237824}, {"id": "3019955948", "price": 86476.8, "amount": 0.007, "side": "sell", "timestamp": 1766029237900}, {"id": "3019955949", "price": 86476.9, "amount": 0.003, "side": "buy", "timestamp": 1766029237968}, {"id": "3019955950", "price": 86476.9, "amount": 0.057, "side": "buy", "timestamp": 1766029238137}, {"id": "3019955951", "price": 86476.9, "amount": 0.004, "side": "buy", "timestamp": 1766029238722}, {"id": "3019955952", "price": 86476.9, "amount": 0.202, "side": "buy", "timestamp": 1766029238888}, {"id": "3019955953", "price": 86476.9, "amount": 0.005, "side": "buy", "timestamp": 1766029239026}, {"id": "3019955954", "price": 86476.9, "amount": 0.029, "side": "buy", "timestamp": 1766029239130}, {"id": "3019955955", "price": 86476.9, "amount": 0.028, "side": "buy", "timestamp": 1766029239242}, {"id": "3019955956", "price": 86476.9, "amount": 0.002, "side": "buy", "timestamp": 1766029239591}, {"id": "3019955957", "price": 86476.9, "amount": 0.006, "side": "buy", "timestamp": 1766029240455}, {"id": "3019955958", "price": 86476.9, "amount": 0.018, "side": "buy", "timestamp": 1766029240561}, {"id": "3019955959", "price": 86476.9, "amount": 0.002, "side": "buy", "timestamp": 1766029240736}, {"id": "3019955960", "price": 86476.8, "amount": 0.02, "side": "sell", "timestamp": 1766029240862}, {"id": "3019955961", "price": 86476.9, "amount": 0.02, "side": "buy", "timestamp": 1766029240949}, {"id": "3019955962", "price": 86476.8, "amount": 0.006, "side": "sell", "timestamp": 1766029241041}, {"id": "3019955963", "price": 86476.9, "amount": 0.002, "side": "buy", "timestamp": 1766029241061}, {"id": "3019955964", "price": 86476.8, "amount": 0.03, "side": "sell", "timestamp": 1766029241244}, {"id": "3019956624", "price": 86482.0, "amount": 0.015, "side": "buy", "timestamp": 1766029292456}, {"id": "3019956625", "price": 86482.0, "amount": 0.5, "side": "buy", "timestamp": 1766029292604}, {"id": "3019956626", "price": 86481.9, "amount": 1.2, "side": "sell", "timestamp": 1766029293047}, {"id": "3019956627", "price": 86481.9, "amount": 0.002, "side": "sell", "timestamp": 1766029293307}, {"id": "3019956628", "price": 86482.0, "amount": 0.002, "side": "buy", "timestamp": 1766029293316}, {"id": "3019956629", "price": 86482.0, "amount": 0.083, "side": "buy", "timestamp": 1766029293521}, {"id": "3019956630", "price": 86482.0, "amount": 0.063, "side": "buy", "timestamp": 1766029293635}, {"id": "3019956631", "price": 86482.1, "amount": 0.006, "side": "buy", "timestamp": 1766029293637}, {"id": "3019956632", "price": 86482.4, "amount": 0.002, "side": "buy", "timestamp": 1766029293637}, {"id": "3019956633", "price": 86482.8, "amount": 0.008, "side": "buy", "timestamp": 1766029293637}, {"id": "3019956634", "price": 86483.0, "amount": 0.116, "side": "buy", "timestamp": 1766029293641}, {"id": "3019956635", "price": 86483.1, "amount": 0.022, "side": "buy", "timestamp": 1766029293641}, {"id": "3019956636", "price": 86483.3, "amount": 0.012, "side": "buy", "timestamp": 1766029293641}, {"id": "3019956637", "price": 86483.4, "amount": 0.01, "side": "buy", "timestamp": 1766029293642}, {"id": "3019956638", "price": 86483.5, "amount": 0.002, "side": "buy", "timestamp": 1766029293644}, {"id": "3019956639", "price": 86483.8, "amount": 0.004, "side": "buy", "timestamp": 1766029293644}, {"id": "3019956640", "price": 86484.0, "amount": 0.005, "side": "buy", "timestamp": 1766029293644}, {"id": "3019956641", "price": 86484.1, "amount": 0.004, "side": "buy", "timestamp": 1766029293644}, {"id": "3019956642", "price": 86484.5, "amount": 0.011, "side": "buy", "timestamp": 1766029293647}, {"id": "3019956643", "price": 86484.6, "amount": 0.002, "side": "buy", "timestamp": 1766029293647}, {"id": "3019956644", "price": 86484.9, "amount": 0.002, "side": "buy", "timestamp": 1766029293647}, {"id": "3019956645", "price": 86485.0, "amount": 0.006, "side": "buy", "timestamp": 1766029293647}, {"id": "3019956646", "price": 86485.1, "amount": 0.003, "side": "buy", "timestamp": 1766029293647}, {"id": "3019956647", "price": 86485.5, "amount": 0.002, "side": "buy", "timestamp": 1766029293650}, {"id": "3019956648", "price": 86485.7, "amount": 0.002, "side": "buy", "timestamp": 1766029293650}, {"id": "3019956649", "price": 86485.9, "amount": 0.008, "side": "buy", "timestamp": 1766029293650}, {"id": "3019956650", "price": 86486.0, "amount": 0.012, "side": "buy", "timestamp": 1766029293651}, {"id": "3019956651", "price": 86486.1, "amount": 0.002, "side": "buy", "timestamp": 1766029293655}, {"id": "3019956652", "price": 86486.4, "amount": 0.002, "side": "buy", "timestamp": 1766029293655}, {"id": "3019956653", "price": 86486.5, "amount": 0.005, "side": "buy", "timestamp": 1766029293655}, {"id": "3019956654", "price": 86486.6, "amount": 0.002, "side": "buy", "timestamp": 1766029293655}, {"id": "3019956655", "price": 86486.7, "amount": 0.015, "side": "buy", "timestamp": 1766029293658}, {"id": "3019956656", "price": 86487.0, "amount": 0.059, "side": "buy", "timestamp": 1766029293663}, {"id": "3019956657", "price": 86487.4, "amount": 0.002, "side": "buy", "timestamp": 1766029293665}, {"id": "3019956658", "price": 86487.5, "amount": 0.003, "side": "buy", "timestamp": 1766029293665}, {"id": "3019956659", "price": 86487.9, "amount": 0.004, "side": "buy", "timestamp": 1766029293669}, {"id": "3019956660", "price": 86488.0, "amount": 0.007, "side": "buy", "timestamp": 1766029293669}, {"id": "3019956661", "price": 86488.1, "amount": 0.015, "side": "buy", "timestamp": 1766029293672}, {"id": "3019956662", "price": 86488.3, "amount": 0.003, "side": "buy", "timestamp": 1766029293674}, {"id": "3019956663", "price": 86488.4, "amount": 0.002, "side": "buy", "timestamp": 1766029293674}, {"id": "3019956664", "price": 86488.5, "amount": 0.002, "side": "buy", "timestamp": 1766029293674}, {"id": "3019956665", "price": 86488.8, "amount": 0.003, "side": "buy", "timestamp": 1766029293674}, {"id": "3019956666", "price": 86488.9, "amount": 0.006, "side": "buy", "timestamp": 1766029293674}, {"id": "3019956667", "price": 86489.0, "amount": 0.015, "side": "buy", "timestamp": 1766029293676}, {"id": "3019956668", "price": 86489.1, "amount": 0.003, "side": "buy", "timestamp": 1766029293679}, {"id": "3019956669", "price": 86489.5, "amount": 0.002, "side": "buy", "timestamp": 1766029293679}, {"id": "3019956670", "price": 86489.6, "amount": 0.002, "side": "buy", "timestamp": 1766029293679}, {"id": "3019956671", "price": 86490.0, "amount": 0.03, "side": "buy", "timestamp": 1766029293682}, {"id": "3019956672", "price": 86490.1, "amount": 0.009, "side": "buy", "timestamp": 1766029293685}, {"id": "3019956673", "price": 86490.2, "amount": 0.002, "side": "buy", "timestamp": 1766029293707}, {"id": "3019957435", "price": 86478.0, "amount": 0.01, "side": "sell", "timestamp": 1766029338689}, {"id": "3019957436", "price": 86478.1, "amount": 0.006, "side": "buy", "timestamp": 1766029338819}, {"id": "3019957437", "price": 86478.0, "amount": 0.01, "side": "sell", "timestamp": 1766029338910}, {"id": "3019957438", "price": 86478.1, "amount": 0.005, "side": "buy", "timestamp": 1766029338946}, {"id": "3019957439", "price": 86478.1, "amount": 0.003, "side": "buy", "timestamp": 1766029339066}, {"id": "3019957440", "price": 86478.0, "amount": 0.002, "side": "sell", "timestamp": 1766029339133}, {"id": "3019957441", "price": 86478.1, "amount": 0.032, "side": "buy", "timestamp": 1766029339242}, {"id": "3019957442", "price": 86478.0, "amount": 0.305, "side": "sell", "timestamp": 1766029339645}, {"id": "3019957443", "price": 86478.1, "amount": 0.002, "side": "buy", "timestamp": 1766029340221}, {"id": "3019957444", "price": 86478.0, "amount": 0.103, "side": "sell", "timestamp": 1766029340414}, {"id": "3019957445", "price": 86478.0, "amount": 1.0, "side": "sell", "timestamp": 1766029341552}, {"id": "3019957446", "price": 86478.1, "amount": 0.005, "side": "buy", "timestamp": 1766029341846}, {"id": "3019957447", "price": 86478.0, "amount": 0.02, "side": "sell", "timestamp": 1766029342114}, {"id": "3019957448", "price": 86478.1, "amount": 2.027, "side": "buy", "timestamp": 1766029342117}, {"id": "3019957449", "price": 86478.1, "amount": 0.004, "side": "buy", "timestamp": 1766029342247}, {"id": "3019957450", "price": 86478.1, "amount": 1.888, "side": "buy", "timestamp": 1766029342414}, {"id": "3019957451", "price": 86478.2, "amount": 0.108, "side": "buy", "timestamp": 1766029342457}, {"id": "3019957452", "price": 86478.9, "amount": 0.034, "side": "buy", "timestamp": 1766029342457}, {"id": "3019957453", "price": 86479.7, "amount": 0.482, "side": "buy", "timestamp": 1766029342457}, {"id": "3019957454", "price": 86479.9, "amount": 0.044, "side": "buy", "timestamp": 1766029342458}, {"id": "3019957455", "price": 86480.0, "amount": 0.002, "side": "buy", "timestamp": 1766029342458}, {"id": "3019957456", "price": 86480.1, "amount": 0.003, "side": "buy", "timestamp": 1766029342458}, {"id": "3019957457", "price": 86480.2, "amount": 0.002, "side": "buy", "timestamp": 1766029342458}, {"id": "3019957458", "price": 86480.3, "amount": 0.003, "side": "buy", "timestamp": 1766029342458}, {"id": "3019957459", "price": 86480.9, "amount": 0.003, "side": "buy", "timestamp": 1766029342459}, {"id": "3019957460", "price": 86481.0, "amount": 0.002, "side": "buy", "timestamp": 1766029342459}, {"id": "3019957461", "price": 86481.2, "amount": 0.002, "side": "buy", "timestamp": 1766029342459}, {"id": "3019957462", "price": 86481.6, "amount": 0.027, "side": "buy", "timestamp": 1766029342460}, {"id": "3019957463", "price": 86481.8, "amount": 1.156, "side": "buy", "timestamp": 1766029342460}, {"id": "3019957464", "price": 86482.0, "amount": 0.001, "side": "sell", "timestamp": 1766029342462}, {"id": "3019957465", "price": 86482.1, "amount": 0.005, "side": "buy", "timestamp": 1766029342466}, {"id": "3019957466", "price": 86482.2, "amount": 1.271, "side": "buy", "timestamp": 1766029342466}, {"id": "3019957467", "price": 86482.2, "amount": 0.011, "side": "buy", "timestamp": 1766029342584}, {"id": "3019957468", "price": 86482.2, "amount": 0.027, "side": "buy", "timestamp": 1766029342795}, {"id": "3019957469", "price": 86482.2, "amount": 0.115, "side": "buy", "timestamp": 1766029343286}, {"id": "3019957470", "price": 86482.2, "amount": 0.007, "side": "buy", "timestamp": 1766029343426}, {"id": "3019957471", "price": 86482.1, "amount": 0.012, "side": "sell", "timestamp": 1766029343461}, {"id": "3019957472", "price": 86482.2, "amount": 0.231, "side": "buy", "timestamp": 1766029343533}, {"id": "3019957473", "price": 86482.2, "amount": 0.006, "side": "buy", "timestamp": 1766029343781}, {"id": "3019957474", "price": 86482.1, "amount": 0.02, "side": "sell", "timestamp": 1766029343796}, {"id": "3019957475", "price": 86482.2, "amount": 0.836, "side": "buy", "timestamp": 1766029344057}, {"id": "3019957476", "price": 86482.1, "amount": 0.023, "side": "sell", "timestamp": 1766029344407}, {"id": "3019957477", "price": 86482.2, "amount": 0.059, "side": "buy", "timestamp": 1766029344507}, {"id": "3019957478", "price": 86482.2, "amount": 0.039, "side": "buy", "timestamp": 1766029344926}, {"id": "3019957479", "price": 86482.2, "amount": 0.015, "side": "buy", "timestamp": 1766029345041}, {"id": "3019957480", "price": 86482.1, "amount": 0.002, "side": "sell", "timestamp": 1766029345205}, {"id": "3019957481", "price": 86482.1, "amount": 0.03, "side": "sell", "timestamp": 1766029345336}, {"id": "3019957482", "price": 86482.2, "amount": 0.413, "side": "buy", "timestamp": 1766029346066}, {"id": "3019957483", "price": 86482.1, "amount": 0.022, "side": "sell", "timestamp": 1766029346183}, {"id": "3019957484", "price": 86482.2, "amount": 0.125, "side": "buy", "timestamp": 1766029346218}, {"id": "3019957942", "price": 86510.8, "amount": 0.004, "side": "buy", "timestamp": 1766029389621}, {"id": "3019957943", "price": 86511.2, "amount": 0.002, "side": "buy", "timestamp": 1766029389621}, {"id": "3019957944", "price": 86511.3, "amount": 0.003, "side": "buy", "timestamp": 1766029389621}, {"id": "3019957945", "price": 86511.6, "amount": 0.002, "side": "buy", "timestamp": 1766029389621}, {"id": "3019957946", "price": 86511.7, "amount": 0.028, "side": "buy", "timestamp": 1766029389632}, {"id": "3019957947", "price": 86511.8, "amount": 0.002, "side": "buy", "timestamp": 1766029389636}, {"id": "3019957948", "price": 86512.0, "amount": 0.002, "side": "buy", "timestamp": 1766029389636}, {"id": "3019957949", "price": 86512.3, "amount": 0.002, "side": "buy", "timestamp": 1766029389636}, {"id": "3019957950", "price": 86512.4, "amount": 0.002, "side": "buy", "timestamp": 1766029389636}, {"id": "3019957951", "price": 86512.5, "amount": 0.002, "side": "buy", "timestamp": 1766029389746}, {"id": "3019957952", "price": 86512.4, "amount": 0.2, "side": "sell", "timestamp": 1766029389752}, {"id": "3019957953", "price": 86512.5, "amount": 0.037, "side": "buy", "timestamp": 1766029389762}, {"id": "3019957954", "price": 86512.5, "amount": 0.022, "side": "buy", "timestamp": 1766029389887}, {"id": "3019957955", "price": 86512.4, "amount": 0.005, "side": "sell", "timestamp": 1766029389953}, {"id": "3019957956", "price": 86512.5, "amount": 0.031, "side": "buy", "timestamp": 1766029389976}, {"id": "3019957957", "price": 86512.4, "amount": 0.002, "side": "sell", "timestamp": 1766029390039}, {"id": "3019957958", "price": 86512.5, "amount": 0.015, "side": "buy", "timestamp": 1766029390147}, {"id": "3019957959", "price": 86512.5, "amount": 0.007, "side": "buy", "timestamp": 1766029390265}, {"id": "3019957960", "price": 86512.5, "amount": 0.002, "side": "buy", "timestamp": 1766029390473}, {"id": "3019957961", "price": 86512.4, "amount": 0.022, "side": "sell", "timestamp": 1766029391602}, {"id": "3019957962", "price": 86512.5, "amount": 0.012, "side": "buy", "timestamp": 1766029391628}, {"id": "3019957963", "price": 86512.5, "amount": 0.015, "side": "buy", "timestamp": 1766029391864}, {"id": "3019957964", "price": 86512.4, "amount": 0.015, "side": "sell", "timestamp": 1766029391954}, {"id": "3019957965", "price": 86512.4, "amount": 0.129, "side": "sell", "timestamp": 1766029392361}, {"id": "3019957966", "price": 86512.5, "amount": 0.002, "side": "buy", "timestamp": 1766029392815}, {"id": "3019957967", "price": 86512.5, "amount": 0.004, "side": "buy", "timestamp": 1766029392994}, {"id": "3019957968", "price": 86512.4, "amount": 0.002, "side": "sell", "timestamp": 1766029393049}, {"id": "3019957969", "price": 86512.5, "amount": 0.02, "side": "buy", "timestamp": 1766029393061}, {"id": "3019957970", "price": 86512.4, "amount": 0.936, "side": "sell", "timestamp": 1766029393677}, {"id": "3019957971", "price": 86512.5, "amount": 0.057, "side": "buy", "timestamp": 1766029394130}, {"id": "3019957972", "price": 86512.4, "amount": 0.005, "side": "sell", "timestamp": 1766029394455}, {"id": "3019957973", "price": 86512.5, "amount": 0.002, "side": "buy", "timestamp": 1766029394486}, {"id": "3019957974", "price": 86512.5, "amount": 0.046, "side": "buy", "timestamp": 1766029394784}, {"id": "3019957975", "price": 86512.5, "amount": 0.085, "side": "buy", "timestamp": 1766029395109}, {"id": "3019957976", "price": 86512.4, "amount": 0.021, "side": "sell", "timestamp": 1766029395183}, {"id": "3019957977", "price": 86512.5, "amount": 0.007, "side": "buy", "timestamp": 1766029395185}, {"id": "3019957978", "price": 86512.4, "amount": 0.048, "side": "sell", "timestamp": 1766029395650}, {"id": "3019957979", "price": 86512.5, "amount": 0.013, "side": "buy", "timestamp": 1766029395719}, {"id": "3019957980", "price": 86512.5, "amount": 0.41, "side": "buy", "timestamp": 1766029395833}, {"id": "3019957981", "price": 86512.5, "amount": 0.003, "side": "buy", "timestamp": 1766029396014}, {"id": "3019957982", "price": 86512.4, "amount": 0.003, "side": "sell", "timestamp": 1766029396055}, {"id": "3019957983", "price": 86512.5, "amount": 0.021, "side": "buy", "timestamp": 1766029396121}, {"id": "3019957984", "price": 86512.5, "amount": 0.02, "side": "buy", "timestamp": 1766029396605}, {"id": "3019957985", "price": 86512.5, "amount": 0.006, "side": "buy", "timestamp": 1766029397034}, {"id": "3019957986", "price": 86512.5, "amount": 0.235, "side": "buy", "timestamp": 1766029397255}, {"id": "3019957987", "price": 86512.4, "amount": 0.002, "side": "sell", "timestamp": 1766029397331}, {"id": "3019957988", "price": 86512.5, "amount": 0.015, "side": "buy", "timestamp": 1766029397464}, {"id": "3019957989", "price": 86512.4, "amount": 0.001, "side": "sell", "timestamp": 1766029397674}, {"id": "3019957990", "price": 86512.4, "amount": 0.004, "side": "sell", "timestamp": 1766029397881}, {"id": "3019957991", "price": 86512.5, "amount": 0.002, "side": "buy", "timestamp": 1766029398044}, {"id": "3019958910", "price": 86466.8, "amount": 0.002, "side": "buy", "timestamp": 1766029445334}, {"id": "3019958911", "price": 86466.9, "amount": 0.005, "side": "buy", "timestamp": 1766029445334}, {"id": "3019958912", "price": 86467.0, "amount": 0.008, "side": "buy", "timestamp": 1766029445334}, {"id": "3019958913", "price": 86467.1, "amount": 0.003, "side": "buy", "timestamp": 1766029445334}, {"id": "3019958914", "price": 86467.2, "amount": 0.024, "side": "buy", "timestamp": 1766029445334}, {"id": "3019958915", "price": 86467.3, "amount": 0.005, "side": "buy", "timestamp": 1766029445334}, {"id": "3019958916", "price": 86467.6, "amount": 0.002, "side": "buy", "timestamp": 1766029445334}, {"id": "3019958917", "price": 86467.7, "amount": 0.002, "side": "buy", "timestamp": 1766029445334}, {"id": "3019958918", "price": 86467.8, "amount": 0.007, "side": "buy", "timestamp": 1766029445334}, {"id": "3019958919", "price": 86467.9, "amount": 0.081, "side": "buy", "timestamp": 1766029445334}, {"id": "3019958920", "price": 86468.0, "amount": 0.01, "side": "buy", "timestamp": 1766029445334}, {"id": "3019958921", "price": 86468.1, "amount": 0.005, "side": "buy", "timestamp": 1766029445334}, {"id": "3019958922", "price": 86468.2, "amount": 0.007, "side": "buy", "timestamp": 1766029445334}, {"id": "3019958923", "price": 86468.3, "amount": 0.002, "side": "buy", "timestamp": 1766029445334}, {"id": "3019958924", "price": 86468.6, "amount": 0.004, "side": "buy", "timestamp": 1766029445334}, {"id": "3019958925", "price": 86468.7, "amount": 0.005, "side": "buy", "timestamp": 1766029445334}, {"id": "3019958926", "price": 86468.8, "amount": 0.004, "side": "buy", "timestamp": 1766029445334}, {"id": "3019958927", "price": 86469.3, "amount": 0.026, "side": "buy", "timestamp": 1766029445335}, {"id": "3019958928", "price": 86469.4, "amount": 0.005, "side": "buy", "timestamp": 1766029445335}, {"id": "3019958929", "price": 86469.5, "amount": 0.006, "side": "buy", "timestamp": 1766029445335}, {"id": "3019958930", "price": 86469.6, "amount": 0.183, "side": "buy", "timestamp": 1766029445335}, {"id": "3019958931", "price": 86469.7, "amount": 0.002, "side": "buy", "timestamp": 1766029445344}, {"id": "3019958932", "price": 86470.0, "amount": 0.004, "side": "buy", "timestamp": 1766029445344}, {"id": "3019958933", "price": 86470.2, "amount": 0.003, "side": "buy", "timestamp": 1766029445350}, {"id": "3019958934", "price": 86470.3, "amount": 0.002, "side": "buy", "timestamp": 1766029445350}, {"id": "3019958935", "price": 86470.4, "amount": 0.002, "side": "buy", "timestamp": 1766029445350}, {"id": "3019958936", "price": 86470.8, "amount": 0.01, "side": "buy", "timestamp": 1766029445350}, {"id": "3019958937", "price": 86470.9, "amount": 0.014, "side": "buy", "timestamp": 1766029445350}, {"id": "3019958938", "price": 86471.0, "amount": 0.004, "side": "buy", "timestamp": 1766029445370}, {"id": "3019958939", "price": 86471.3, "amount": 0.011, "side": "buy", "timestamp": 1766029445395}, {"id": "3019958940", "price": 86471.5, "amount": 0.029, "side": "sell", "timestamp": 1766029445482}, {"id": "3019958941", "price": 86471.5, "amount": 0.002, "side": "sell", "timestamp": 1766029446141}, {"id": "3019958942", "price": 86471.6, "amount": 0.021, "side": "buy", "timestamp": 1766029446377}, {"id": "3019958943", "price": 86471.6, "amount": 0.024, "side": "buy", "timestamp": 1766029446504}, {"id": "3019958944", "price": 86471.5, "amount": 0.056, "side": "sell", "timestamp": 1766029446961}, {"id": "3019958945", "price": 86471.5, "amount": 0.002, "side": "sell", "timestamp": 1766029447164}, {"id": "3019958946", "price": 86471.5, "amount": 0.023, "side": "sell", "timestamp": 1766029447331}, {"id": "3019958947", "price": 86471.6, "amount": 0.113, "side": "buy", "timestamp": 1766029447420}, {"id": "3019958948", "price": 86471.5, "amount": 0.044, "side": "sell", "timestamp": 1766029447972}, {"id": "3019958949", "price": 86471.6, "amount": 0.001, "side": "buy", "timestamp": 1766029448800}, {"id": "3019958950", "price": 86471.5, "amount": 0.004, "side": "sell", "timestamp": 1766029448964}, {"id": "3019958951", "price": 86471.6, "amount": 0.036, "side": "buy", "timestamp": 1766029449207}, {"id": "3019958952", "price": 86471.6, "amount": 0.033, "side": "buy", "timestamp": 1766029449480}, {"id": "3019958953", "price": 86471.6, "amount": 0.062, "side": "buy", "timestamp": 1766029449658}, {"id": "3019958954", "price": 86471.6, "amount": 0.004, "side": "buy", "timestamp": 1766029449846}, {"id": "3019958955", "price": 86471.6, "amount": 0.031, "side": "buy", "timestamp": 1766029449972}, {"id": "3019958956", "price": 86471.6, "amount": 0.046, "side": "buy", "timestamp": 1766029450171}, {"id": "3019958957", "price": 86471.5, "amount": 0.298, "side": "sell", "timestamp": 1766029450468}, {"id": "3019958958", "price": 86471.6, "amount": 0.002, "side": "buy", "timestamp": 1766029450559}, {"id": "3019958959", "price": 86471.5, "amount": 0.005, "side": "sell", "timestamp": 1766029450752}, {"id": "3019959374", "price": 86478.2, "amount": 0.008, "side": "sell", "timestamp": 1766029501748}, {"id": "3019959375", "price": 86478.1, "amount": 0.002, "side": "sell", "timestamp": 1766029501748}, {"id": "3019959376", "price": 86478.0, "amount": 0.002, "side": "sell", "timestamp": 1766029501748}, {"id": "3019959377", "price": 86477.9, "amount": 0.005, "side": "sell", "timestamp": 1766029501748}, {"id": "3019959378", "price": 86477.4, "amount": 0.002, "side": "sell", "timestamp": 1766029501748}, {"id": "3019959379", "price": 86477.3, "amount": 0.542, "side": "sell", "timestamp": 1766029501748}, {"id": "3019959380", "price": 86477.1, "amount": 0.005, "side": "sell", "timestamp": 1766029501748}, {"id": "3019959381", "price": 86477.0, "amount": 0.024, "side": "sell", "timestamp": 1766029501748}, {"id": "3019959382", "price": 86476.9, "amount": 0.004, "side": "sell", "timestamp": 1766029501748}, {"id": "3019959383", "price": 86476.8, "amount": 0.002, "side": "sell", "timestamp": 1766029501748}, {"id": "3019959384", "price": 86476.5, "amount": 0.867, "side": "sell", "timestamp": 1766029501748}, {"id": "3019959385", "price": 86476.4, "amount": 0.002, "side": "sell", "timestamp": 1766029501748}, {"id": "3019959386", "price": 86476.3, "amount": 0.003, "side": "sell", "timestamp": 1766029501748}, {"id": "3019959387", "price": 86476.1, "amount": 0.004, "side": "sell", "timestamp": 1766029501748}, {"id": "3019959388", "price": 86476.0, "amount": 0.023, "side": "sell", "timestamp": 1766029501748}, {"id": "3019959389", "price": 86475.7, "amount": 0.002, "side": "sell", "timestamp": 1766029501748}, {"id": "3019959390", "price": 86475.6, "amount": 0.004, "side": "sell", "timestamp": 1766029501748}, {"id": "3019959391", "price": 86475.5, "amount": 0.005, "side": "sell", "timestamp": 1766029501748}, {"id": "3019959392", "price": 86475.3, "amount": 0.014, "side": "sell", "timestamp": 1766029501748}, {"id": "3019959393", "price": 86475.1, "amount": 0.005, "side": "sell", "timestamp": 1766029501748}, {"id": "3019959394", "price": 86475.0, "amount": 0.002, "side": "sell", "timestamp": 1766029501748}, {"id": "3019959395", "price": 86474.9, "amount": 0.279, "side": "sell", "timestamp": 1766029501748}, {"id": "3019959396", "price": 86474.8, "amount": 0.03, "side": "sell", "timestamp": 1766029501748}, {"id": "3019959397", "price": 86474.7, "amount": 0.003, "side": "sell", "timestamp": 1766029501748}, {"id": "3019959398", "price": 86476.5, "amount": 0.023, "side": "sell", "timestamp": 1766029501756}, {"id": "3019959399", "price": 86476.3, "amount": 0.025, "side": "sell", "timestamp": 1766029501758}, {"id": "3019959400", "price": 86476.1, "amount": 0.002, "side": "sell", "timestamp": 1766029501762}, {"id": "3019959401", "price": 86474.1, "amount": 0.004, "side": "sell", "timestamp": 1766029501762}, {"id": "3019959402", "price": 86474.0, "amount": 0.005, "side": "sell", "timestamp": 1766029501762}, {"id": "3019959403", "price": 86473.6, "amount": 0.56, "side": "sell", "timestamp": 1766029501794}, {"id": "3019959404", "price": 86473.4, "amount": 0.082, "side": "sell", "timestamp": 1766029501824}, {"id": "3019959405", "price": 86473.2, "amount": 0.002, "side": "sell", "timestamp": 1766029501824}, {"id": "3019959406", "price": 86473.1, "amount": 0.003, "side": "sell", "timestamp": 1766029501824}, {"id": "3019959407", "price": 86473.0, "amount": 0.008, "side": "sell", "timestamp": 1766029501824}, {"id": "3019959408", "price": 86472.8, "amount": 0.004, "side": "sell", "timestamp": 1766029501847}, {"id": "3019959409", "price": 86472.7, "amount": 0.003, "side": "sell", "timestamp": 1766029501847}, {"id": "3019959410", "price": 86472.4, "amount": 0.002, "side": "sell", "timestamp": 1766029501847}, {"id": "3019959411", "price": 86472.2, "amount": 0.002, "side": "sell", "timestamp": 1766029501847}, {"id": "3019959412", "price": 86472.0, "amount": 0.002, "side": "sell", "timestamp": 1766029501847}, {"id": "3019959413", "price": 86471.9, "amount": 0.004, "side": "sell", "timestamp": 1766029501847}, {"id": "3019959414", "price": 86471.6, "amount": 0.003, "side": "sell", "timestamp": 1766029501847}, {"id": "3019959415", "price": 86471.4, "amount": 0.002, "side": "sell", "timestamp": 1766029501847}, {"id": "3019959416", "price": 86470.9, "amount": 0.005, "side": "sell", "timestamp": 1766029501863}, {"id": "3019959417", "price": 86470.8, "amount": 0.004, "side": "sell", "timestamp": 1766029501863}, {"id": "3019959418", "price": 86470.6, "amount": 0.003, "side": "sell", "timestamp": 1766029501863}, {"id": "3019959419", "price": 86470.5, "amount": 0.002, "side": "sell", "timestamp": 1766029501863}, {"id": "3019959420", "price": 86470.3, "amount": 0.002, "side": "sell", "timestamp": 1766029501863}, {"id": "3019959421", "price": 86470.3, "amount": 0.005, "side": "buy", "timestamp": 1766029502000}, {"id": "3019959422", "price": 86470.2, "amount": 0.002, "side": "sell", "timestamp": 1766029502167}, {"id": "3019959423", "price": 86470.3, "amount": 0.02, "side": "buy", "timestamp": 1766029502318}, {"id": "3019959666", "price": 86480.9, "amount": 0.03, "side": "buy", "timestamp": 1766029539352}, {"id": "3019959667", "price": 86480.8, "amount": 0.002, "side": "sell", "timestamp": 1766029539824}, {"id": "3019959668", "price": 86480.8, "amount": 0.008, "side": "sell", "timestamp": 1766029540021}, {"id": "3019959669", "price": 86480.9, "amount": 0.04, "side": "buy", "timestamp": 1766029541017}, {"id": "3019959670", "price": 86480.9, "amount": 0.029, "side": "buy", "timestamp": 1766029541138}, {"id": "3019959671", "price": 86480.9, "amount": 0.023, "side": "buy", "timestamp": 1766029541280}, {"id": "3019959672", "price": 86480.8, "amount": 0.004, "side": "sell", "timestamp": 1766029541281}, {"id": "3019959673", "price": 86480.9, "amount": 0.035, "side": "buy", "timestamp": 1766029541435}, {"id": "3019959674", "price": 86480.9, "amount": 0.021, "side": "buy", "timestamp": 1766029541549}, {"id": "3019959675", "price": 86480.9, "amount": 0.009, "side": "buy", "timestamp": 1766029541762}, {"id": "3019959676", "price": 86480.8, "amount": 1.288, "side": "sell", "timestamp": 1766029541784}, {"id": "3019959677", "price": 86480.9, "amount": 0.006, "side": "buy", "timestamp": 1766029541794}, {"id": "3019959678", "price": 86480.9, "amount": 0.004, "side": "buy", "timestamp": 1766029541924}, {"id": "3019959679", "price": 86480.8, "amount": 0.476, "side": "sell", "timestamp": 1766029542974}, {"id": "3019959680", "price": 86480.9, "amount": 0.01, "side": "buy", "timestamp": 1766029542988}, {"id": "3019959681", "price": 86480.9, "amount": 0.052, "side": "buy", "timestamp": 1766029543378}, {"id": "3019959682", "price": 86480.9, "amount": 0.008, "side": "buy", "timestamp": 1766029543694}, {"id": "3019959683", "price": 86480.9, "amount": 0.093, "side": "buy", "timestamp": 1766029544430}, {"id": "3019959684", "price": 86480.8, "amount": 0.049, "side": "sell", "timestamp": 1766029544592}, {"id": "3019959685", "price": 86480.8, "amount": 0.004, "side": "sell", "timestamp": 1766029544849}, {"id": "3019959686", "price": 86480.9, "amount": 0.003, "side": "buy", "timestamp": 1766029544873}, {"id": "3019959687", "price": 86480.8, "amount": 0.002, "side": "sell", "timestamp": 1766029544933}, {"id": "3019959688", "price": 86480.8, "amount": 0.003, "side": "sell", "timestamp": 1766029545084}, {"id": "3019959689", "price": 86480.9, "amount": 0.021, "side": "buy", "timestamp": 1766029545623}, {"id": "3019959690", "price": 86480.9, "amount": 0.231, "side": "buy", "timestamp": 1766029545899}, {"id": "3019959691", "price": 86480.8, "amount": 0.004, "side": "sell", "timestamp": 1766029546447}, {"id": "3019959692", "price": 86480.9, "amount": 0.011, "side": "buy", "timestamp": 1766029546461}, {"id": "3019959693", "price": 86480.8, "amount": 0.007, "side": "sell", "timestamp": 1766029546876}, {"id": "3019959694", "price": 86480.9, "amount": 0.108, "side": "buy", "timestamp": 1766029546878}, {"id": "3019959695", "price": 86480.8, "amount": 0.002, "side": "sell", "timestamp": 1766029547165}, {"id": "3019959696", "price": 86480.9, "amount": 1.029, "side": "buy", "timestamp": 1766029547242}, {"id": "3019959697", "price": 86480.9, "amount": 0.068, "side": "buy", "timestamp": 1766029547378}, {"id": "3019959698", "price": 86480.9, "amount": 0.016, "side": "buy", "timestamp": 1766029547511}, {"id": "3019959699", "price": 86480.9, "amount": 0.004, "side": "buy", "timestamp": 1766029547680}, {"id": "3019959700", "price": 86480.9, "amount": 0.216, "side": "buy", "timestamp": 1766029547812}, {"id": "3019959701", "price": 86480.8, "amount": 0.003, "side": "sell", "timestamp": 1766029548234}, {"id": "3019959702", "price": 86480.8, "amount": 0.302, "side": "sell", "timestamp": 1766029548385}, {"id": "3019959703", "price": 86480.9, "amount": 0.003, "side": "buy", "timestamp": 1766029548726}, {"id": "3019959704", "price": 86480.9, "amount": 0.002, "side": "buy", "timestamp": 1766029549212}, {"id": "3019959705", "price": 86480.9, "amount": 0.004, "side": "buy", "timestamp": 1766029549325}, {"id": "3019959706", "price": 86480.9, "amount": 0.01, "side": "buy", "timestamp": 1766029550122}, {"id": "3019959707", "price": 86480.9, "amount": 0.026, "side": "buy", "timestamp": 1766029550247}, {"id": "3019959708", "price": 86480.9, "amount": 0.009, "side": "buy", "timestamp": 1766029550500}, {"id": "3019959709", "price": 86480.8, "amount": 0.03, "side": "sell", "timestamp": 1766029551250}, {"id": "3019959710", "price": 86480.9, "amount": 0.017, "side": "buy", "timestamp": 1766029551529}, {"id": "3019959711", "price": 86480.9, "amount": 0.004, "side": "buy", "timestamp": 1766029551849}, {"id": "3019959712", "price": 86480.9, "amount": 0.021, "side": "buy", "timestamp": 1766029552807}, {"id": "3019959713", "price": 86480.8, "amount": 0.002, "side": "sell", "timestamp": 1766029553205}, {"id": "3019959714", "price": 86480.9, "amount": 0.011, "side": "buy", "timestamp": 1766029553422}, {"id": "3019959715", "price": 86480.8, "amount": 0.057, "side": "sell", "timestamp": 1766029553700}, {"id": "3019960094", "price": 86483.2, "amount": 0.005, "side": "buy", "timestamp": 1766029590121}, {"id": "3019960095", "price": 86483.1, "amount": 0.002, "side": "sell", "timestamp": 1766029590371}, {"id": "3019960096", "price": 86483.2, "amount": 0.006, "side": "buy", "timestamp": 1766029590519}, {"id": "3019960097", "price": 86483.1, "amount": 0.01, "side": "sell", "timestamp": 1766029590533}, {"id": "3019960098", "price": 86483.1, "amount": 0.003, "side": "sell", "timestamp": 1766029590681}, {"id": "3019960099", "price": 86483.2, "amount": 0.156, "side": "buy", "timestamp": 1766029591627}, {"id": "3019960100", "price": 86483.1, "amount": 0.003, "side": "sell", "timestamp": 1766029591842}, {"id": "3019960101", "price": 86483.1, "amount": 0.01, "side": "sell", "timestamp": 1766029592265}, {"id": "3019960102", "price": 86483.2, "amount": 0.036, "side": "buy", "timestamp": 1766029592356}, {"id": "3019960103", "price": 86483.2, "amount": 0.002, "side": "buy", "timestamp": 1766029592823}, {"id": "3019960104", "price": 86483.1, "amount": 0.117, "side": "sell", "timestamp": 1766029593561}, {"id": "3019960105", "price": 86483.1, "amount": 0.005, "side": "sell", "timestamp": 1766029594061}, {"id": "3019960106", "price": 86483.2, "amount": 0.002, "side": "buy", "timestamp": 1766029595009}, {"id": "3019960107", "price": 86483.1, "amount": 0.002, "side": "sell", "timestamp": 1766029595060}, {"id": "3019960108", "price": 86483.2, "amount": 0.002, "side": "buy", "timestamp": 1766029595110}, {"id": "3019960109", "price": 86483.2, "amount": 0.002, "side": "buy", "timestamp": 1766029595499}, {"id": "3019960110", "price": 86483.1, "amount": 0.065, "side": "sell", "timestamp": 1766029595569}, {"id": "3019960111", "price": 86483.2, "amount": 0.027, "side": "buy", "timestamp": 1766029595985}, {"id": "3019960112", "price": 86483.1, "amount": 0.01, "side": "sell", "timestamp": 1766029596333}, {"id": "3019960113", "price": 86483.2, "amount": 0.122, "side": "buy", "timestamp": 1766029597608}, {"id": "3019960114", "price": 86483.2, "amount": 0.095, "side": "buy", "timestamp": 1766029598102}, {"id": "3019960115", "price": 86483.2, "amount": 0.026, "side": "buy", "timestamp": 1766029598999}, {"id": "3019960116", "price": 86483.2, "amount": 0.018, "side": "buy", "timestamp": 1766029599599}, {"id": "3019960117", "price": 86483.2, "amount": 0.032, "side": "buy", "timestamp": 1766029599850}, {"id": "3019960118", "price": 86483.2, "amount": 0.102, "side": "buy", "timestamp": 1766029599954}, {"id": "3019960119", "price": 86483.2, "amount": 0.015, "side": "buy", "timestamp": 1766029600234}, {"id": "3019960120", "price": 86483.2, "amount": 0.029, "side": "buy", "timestamp": 1766029600354}, {"id": "3019960121", "price": 86483.2, "amount": 0.015, "side": "buy", "timestamp": 1766029600528}, {"id": "3019960122", "price": 86483.1, "amount": 0.003, "side": "sell", "timestamp": 1766029600750}, {"id": "3019960123", "price": 86483.2, "amount": 0.1, "side": "buy", "timestamp": 1766029601084}, {"id": "3019960124", "price": 86483.1, "amount": 0.002, "side": "sell", "timestamp": 1766029601145}, {"id": "3019960125", "price": 86483.2, "amount": 0.002, "side": "buy", "timestamp": 1766029601265}, {"id": "3019960126", "price": 86483.1, "amount": 0.012, "side": "sell", "timestamp": 1766029601379}, {"id": "3019960127", "price": 86483.2, "amount": 0.002, "side": "buy", "timestamp": 1766029601507}, {"id": "3019960128", "price": 86483.2, "amount": 0.002, "side": "buy", "timestamp": 1766029602013}, {"id": "3019960129", "price": 86483.1, "amount": 0.005, "side": "sell", "timestamp": 1766029602128}, {"id": "3019960130", "price": 86483.2, "amount": 0.005, "side": "buy", "timestamp": 1766029602287}, {"id": "3019960131", "price": 86483.1, "amount": 0.011, "side": "sell", "timestamp": 1766029602719}, {"id": "3019960132", "price": 86483.2, "amount": 0.007, "side": "buy", "timestamp": 1766029602799}, {"id": "3019960133", "price": 86483.2, "amount": 0.002, "side": "buy", "timestamp": 1766029603858}, {"id": "3019960134", "price": 86483.2, "amount": 0.001, "side": "buy", "timestamp": 1766029604134}, {"id": "3019960135", "price": 86483.1, "amount": 0.017, "side": "sell", "timestamp": 1766029604344}, {"id": "3019960136", "price": 86483.1, "amount": 0.102, "side": "sell", "timestamp": 1766029604624}, {"id": "3019960137", "price": 86483.1, "amount": 0.002, "side": "sell", "timestamp": 1766029604842}, {"id": "3019960138", "price": 86483.2, "amount": 0.002, "side": "buy", "timestamp": 1766029604888}, {"id": "3019960139", "price": 86483.2, "amount": 0.01, "side": "buy", "timestamp": 1766029605010}, {"id": "3019960140", "price": 86483.1, "amount": 0.004, "side": "sell", "timestamp": 1766029605464}, {"id": "3019960141", "price": 86483.2, "amount": 0.005, "side": "buy", "timestamp": 1766029605712}, {"id": "3019960142", "price": 86483.2, "amount": 0.108, "side": "buy", "timestamp": 1766029605994}, {"id": "3019960143", "price": 86483.2, "amount": 0.016, "side": "buy", "timestamp": 1766029606440}, {"id": "3019960562", "price": 86499.9, "amount": 0.025, "side": "sell", "timestamp": 1766029647816}, {"id": "3019960563", "price": 86500.0, "amount": 0.002, "side": "buy", "timestamp": 1766029648139}, {"id": "3019960564", "price": 86499.9, "amount": 0.442, "side": "sell", "timestamp": 1766029648911}, {"id": "3019960565", "price": 86499.8, "amount": 0.003, "side": "sell", "timestamp": 1766029649003}, {"id": "3019960566", "price": 86499.7, "amount": 0.004, "side": "sell", "timestamp": 1766029649003}, {"id": "3019960567", "price": 86499.5, "amount": 0.002, "side": "sell", "timestamp": 1766029649003}, {"id": "3019960568", "price": 86499.0, "amount": 0.002, "side": "sell", "timestamp": 1766029649003}, {"id": "3019960569", "price": 86498.9, "amount": 0.004, "side": "sell", "timestamp": 1766029649003}, {"id": "3019960570", "price": 86498.8, "amount": 0.002, "side": "sell", "timestamp": 1766029649003}, {"id": "3019960571", "price": 86498.5, "amount": 0.011, "side": "sell", "timestamp": 1766029649007}, {"id": "3019960572", "price": 86498.3, "amount": 0.037, "side": "sell", "timestamp": 1766029649010}, {"id": "3019960573", "price": 86498.2, "amount": 0.052, "side": "sell", "timestamp": 1766029649014}, {"id": "3019960574", "price": 86498.1, "amount": 0.004, "side": "sell", "timestamp": 1766029649017}, {"id": "3019960575", "price": 86498.0, "amount": 0.004, "side": "sell", "timestamp": 1766029649017}, {"id": "3019960576", "price": 86497.2, "amount": 0.006, "side": "sell", "timestamp": 1766029649017}, {"id": "3019960577", "price": 86497.1, "amount": 0.003, "side": "sell", "timestamp": 1766029649017}, {"id": "3019960578", "price": 86496.7, "amount": 0.005, "side": "sell", "timestamp": 1766029649017}, {"id": "3019960579", "price": 86496.5, "amount": 0.089, "side": "sell", "timestamp": 1766029649068}, {"id": "3019960580", "price": 86496.4, "amount": 0.003, "side": "sell", "timestamp": 1766029649074}, {"id": "3019960581", "price": 86496.2, "amount": 0.002, "side": "sell", "timestamp": 1766029649074}, {"id": "3019960582", "price": 86495.4, "amount": 0.005, "side": "sell", "timestamp": 1766029649074}, {"id": "3019960583", "price": 86495.2, "amount": 0.002, "side": "sell", "timestamp": 1766029649074}, {"id": "3019960584", "price": 86495.1, "amount": 0.002, "side": "sell", "timestamp": 1766029649204}, {"id": "3019960585", "price": 86495.2, "amount": 0.009, "side": "buy", "timestamp": 1766029649400}, {"id": "3019960586", "price": 86495.2, "amount": 0.002, "side": "buy", "timestamp": 1766029649623}, {"id": "3019960587", "price": 86495.2, "amount": 0.269, "side": "buy", "timestamp": 1766029649819}, {"id": "3019960588", "price": 86495.2, "amount": 0.023, "side": "buy", "timestamp": 1766029650111}, {"id": "3019960589", "price": 86495.2, "amount": 0.031, "side": "buy", "timestamp": 1766029650276}, {"id": "3019960590", "price": 86495.2, "amount": 0.018, "side": "buy", "timestamp": 1766029650380}, {"id": "3019960591", "price": 86495.1, "amount": 0.006, "side": "sell", "timestamp": 1766029650706}, {"id": "3019960592", "price": 86495.2, "amount": 0.01, "side": "buy", "timestamp": 1766029652156}, {"id": "3019960593", "price": 86495.1, "amount": 0.018, "side": "sell", "timestamp": 1766029653833}, {"id": "3019960594", "price": 86495.2, "amount": 0.011, "side": "buy", "timestamp": 1766029653997}, {"id": "3019960595", "price": 86495.1, "amount": 0.03, "side": "sell", "timestamp": 1766029654293}, {"id": "3019960596", "price": 86495.2, "amount": 0.003, "side": "buy", "timestamp": 1766029654423}, {"id": "3019960597", "price": 86495.2, "amount": 0.015, "side": "buy", "timestamp": 1766029654553}, {"id": "3019960598", "price": 86495.2, "amount": 0.042, "side": "buy", "timestamp": 1766029654990}, {"id": "3019960599", "price": 86495.2, "amount": 0.024, "side": "buy", "timestamp": 1766029655101}, {"id": "3019960600", "price": 86495.1, "amount": 0.002, "side": "sell", "timestamp": 1766029655131}, {"id": "3019960601", "price": 86495.2, "amount": 0.002, "side": "buy", "timestamp": 1766029655175}, {"id": "3019960602", "price": 86495.2, "amount": 0.022, "side": "buy", "timestamp": 1766029655352}, {"id": "3019960603", "price": 86495.2, "amount": 0.002, "side": "buy", "timestamp": 1766029656043}, {"id": "3019960604", "price": 86495.1, "amount": 0.032, "side": "sell", "timestamp": 1766029657019}, {"id": "3019960605", "price": 86495.1, "amount": 0.016, "side": "sell", "timestamp": 1766029657190}, {"id": "3019960606", "price": 86495.2, "amount": 0.002, "side": "buy", "timestamp": 1766029657201}, {"id": "3019960607", "price": 86495.1, "amount": 0.002, "side": "sell", "timestamp": 1766029657205}, {"id": "3019960608", "price": 86495.2, "amount": 0.034, "side": "buy", "timestamp": 1766029657810}, {"id": "3019960609", "price": 86495.1, "amount": 0.006, "side": "sell", "timestamp": 1766029658671}, {"id": "3019960610", "price": 86495.2, "amount": 0.002, "side": "buy", "timestamp": 1766029659448}, {"id": "3019960611", "price": 86495.2, "amount": 0.001, "side": "buy", "timestamp": 1766029659705}, {"id": "3019960701", "price": 86494.3, "amount": 0.065, "side": "buy", "timestamp": 1766029691039}, {"id": "3019960702", "price": 86494.2, "amount": 0.013, "side": "sell", "timestamp": 1766029691160}, {"id": "3019960703", "price": 86494.3, "amount": 0.006, "side": "buy", "timestamp": 1766029692019}, {"id": "3019960704", "price": 86494.3, "amount": 0.003, "side": "buy", "timestamp": 1766029692253}, {"id": "3019960705", "price": 86494.2, "amount": 0.122, "side": "sell", "timestamp": 1766029692266}, {"id": "3019960706", "price": 86494.2, "amount": 0.24, "side": "sell", "timestamp": 1766029692567}, {"id": "3019960707", "price": 86494.2, "amount": 0.012, "side": "sell", "timestamp": 1766029693280}, {"id": "3019960708", "price": 86494.2, "amount": 0.006, "side": "sell", "timestamp": 1766029693572}, {"id": "3019960709", "price": 86494.3, "amount": 0.05, "side": "buy", "timestamp": 1766029693749}, {"id": "3019960710", "price": 86494.3, "amount": 0.005, "side": "buy", "timestamp": 1766029694134}, {"id": "3019960711", "price": 86494.2, "amount": 0.203, "side": "sell", "timestamp": 1766029694232}, {"id": "3019960712", "price": 86494.2, "amount": 0.011, "side": "sell", "timestamp": 1766029694905}, {"id": "3019960713", "price": 86494.3, "amount": 0.404, "side": "buy", "timestamp": 1766029694923}, {"id": "3019960714", "price": 86494.3, "amount": 0.037, "side": "buy", "timestamp": 1766029695315}, {"id": "3019960715", "price": 86494.2, "amount": 0.028, "side": "sell", "timestamp": 1766029695664}, {"id": "3019960716", "price": 86494.3, "amount": 0.006, "side": "buy", "timestamp": 1766029695664}, {"id": "3019960717", "price": 86494.3, "amount": 1.875, "side": "buy", "timestamp": 1766029696084}, {"id": "3019960718", "price": 86494.2, "amount": 0.004, "side": "sell", "timestamp": 1766029696316}, {"id": "3019960719", "price": 86494.2, "amount": 0.002, "side": "sell", "timestamp": 1766029697080}, {"id": "3019960720", "price": 86494.2, "amount": 0.006, "side": "sell", "timestamp": 1766029697495}, {"id": "3019960721", "price": 86494.3, "amount": 0.009, "side": "buy", "timestamp": 1766029698130}, {"id": "3019960722", "price": 86494.3, "amount": 0.5, "side": "buy", "timestamp": 1766029699083}, {"id": "3019960723", "price": 86494.2, "amount": 0.018, "side": "sell", "timestamp": 1766029699084}, {"id": "3019960724", "price": 86494.2, "amount": 0.03, "side": "sell", "timestamp": 1766029700556}, {"id": "3019960725", "price": 86494.3, "amount": 0.077, "side": "buy", "timestamp": 1766029701671}, {"id": "3019960726", "price": 86494.2, "amount": 0.038, "side": "sell", "timestamp": 1766029701755}, {"id": "3019960727", "price": 86494.3, "amount": 0.011, "side": "buy", "timestamp": 1766029701763}, {"id": "3019960728", "price": 86494.2, "amount": 0.057, "side": "sell", "timestamp": 1766029702316}, {"id": "3019960729", "price": 86494.2, "amount": 0.009, "side": "sell", "timestamp": 1766029702733}, {"id": "3019960730", "price": 86494.2, "amount": 0.098, "side": "sell", "timestamp": 1766029703125}, {"id": "3019960731", "price": 86494.3, "amount": 0.012, "side": "buy", "timestamp": 1766029703211}, {"id": "3019960732", "price": 86494.3, "amount": 0.098, "side": "buy", "timestamp": 1766029703996}, {"id": "3019960733", "price": 86494.3, "amount": 0.033, "side": "buy", "timestamp": 1766029705480}, {"id": "3019960734", "price": 86494.2, "amount": 0.038, "side": "sell", "timestamp": 1766029705721}, {"id": "3019960735", "price": 86494.2, "amount": 0.006, "side": "sell", "timestamp": 1766029705981}, {"id": "3019960736", "price": 86494.3, "amount": 0.043, "side": "buy", "timestamp": 1766029706171}, {"id": "3019960737", "price": 86494.2, "amount": 0.079, "side": "sell", "timestamp": 1766029706272}, {"id": "3019960738", "price": 86494.2, "amount": 0.013, "side": "sell", "timestamp": 1766029706992}, {"id": "3019960739", "price": 86494.2, "amount": 0.061, "side": "sell", "timestamp": 1766029707779}, {"id": "3019960740", "price": 86494.2, "amount": 0.007, "side": "sell", "timestamp": 1766029708126}, {"id": "3019960741", "price": 86494.3, "amount": 0.016, "side": "buy", "timestamp": 1766029708367}, {"id": "3019960742", "price": 86494.2, "amount": 0.008, "side": "sell", "timestamp": 1766029708372}, {"id": "3019960743", "price": 86494.2, "amount": 0.056, "side": "sell", "timestamp": 1766029708613}, {"id": "3019960744", "price": 86494.2, "amount": 0.002, "side": "sell", "timestamp": 1766029709011}, {"id": "3019960745", "price": 86494.2, "amount": 0.017, "side": "sell", "timestamp": 1766029709224}, {"id": "3019960746", "price": 86494.3, "amount": 0.069, "side": "buy", "timestamp": 1766029709518}, {"id": "3019960747", "price": 86494.3, "amount": 0.002, "side": "buy", "timestamp": 1766029710412}, {"id": "3019960748", "price": 86494.3, "amount": 0.025, "side": "buy", "timestamp": 1766029710877}, {"id": "3019960749", "price": 86494.2, "amount": 0.023, "side": "sell", "timestamp": 1766029711606}, {"id": "3019960750", "price": 86494.2, "amount": 0.005, "side": "sell", "timestamp": 1766029711820}, {"id": "3019960844", "price": 86499.5, "amount": 0.047, "side": "sell", "timestamp": 1766029744300}, {"id": "3019960845", "price": 86499.6, "amount": 0.059, "side": "buy", "timestamp": 1766029744306}, {"id": "3019960846", "price": 86499.6, "amount": 0.005, "side": "buy", "timestamp": 1766029745021}, {"id": "3019960847", "price": 86499.5, "amount": 0.002, "side": "sell", "timestamp": 1766029745119}, {"id": "3019960848", "price": 86499.6, "amount": 0.01, "side": "buy", "timestamp": 1766029745148}, {"id": "3019960849", "price": 86499.6, "amount": 0.005, "side": "buy", "timestamp": 1766029746661}, {"id": "3019960850", "price": 86499.6, "amount": 0.522, "side": "buy", "timestamp": 1766029747140}, {"id": "3019960851", "price": 86499.6, "amount": 0.002, "side": "buy", "timestamp": 1766029747711}, {"id": "3019960852", "price": 86499.6, "amount": 0.207, "side": "buy", "timestamp": 1766029747898}, {"id": "3019960853", "price": 86499.6, "amount": 0.005, "side": "buy", "timestamp": 1766029748172}, {"id": "3019960854", "price": 86499.6, "amount": 0.015, "side": "buy", "timestamp": 1766029748480}, {"id": "3019960855", "price": 86499.6, "amount": 0.238, "side": "buy", "timestamp": 1766029748896}, {"id": "3019960856", "price": 86499.5, "amount": 0.02, "side": "sell", "timestamp": 1766029749151}, {"id": "3019960857", "price": 86499.5, "amount": 0.014, "side": "sell", "timestamp": 1766029749795}, {"id": "3019960858", "price": 86499.6, "amount": 0.006, "side": "buy", "timestamp": 1766029750352}, {"id": "3019960859", "price": 86499.6, "amount": 0.044, "side": "buy", "timestamp": 1766029750736}, {"id": "3019960860", "price": 86499.5, "amount": 0.003, "side": "sell", "timestamp": 1766029750952}, {"id": "3019960861", "price": 86499.5, "amount": 0.002, "side": "sell", "timestamp": 1766029751156}, {"id": "3019960862", "price": 86499.6, "amount": 0.008, "side": "buy", "timestamp": 1766029752286}, {"id": "3019960863", "price": 86499.6, "amount": 0.024, "side": "buy", "timestamp": 1766029752547}, {"id": "3019960864", "price": 86499.5, "amount": 0.006, "side": "sell", "timestamp": 1766029752680}, {"id": "3019960865", "price": 86499.5, "amount": 0.002, "side": "sell", "timestamp": 1766029752813}, {"id": "3019960866", "price": 86499.6, "amount": 0.005, "side": "buy", "timestamp": 1766029753780}, {"id": "3019960867", "price": 86499.5, "amount": 0.675, "side": "sell", "timestamp": 1766029754390}, {"id": "3019960868", "price": 86499.6, "amount": 0.011, "side": "buy", "timestamp": 1766029754666}, {"id": "3019960869", "price": 86499.5, "amount": 0.02, "side": "sell", "timestamp": 1766029755550}, {"id": "3019960870", "price": 86499.6, "amount": 0.005, "side": "buy", "timestamp": 1766029755749}, {"id": "3019960871", "price": 86499.5, "amount": 0.11, "side": "sell", "timestamp": 1766029756092}, {"id": "3019960872", "price": 86499.6, "amount": 0.009, "side": "buy", "timestamp": 1766029756155}, {"id": "3019960873", "price": 86499.6, "amount": 0.04, "side": "buy", "timestamp": 1766029756461}, {"id": "3019960874", "price": 86499.5, "amount": 0.01, "side": "sell", "timestamp": 1766029756491}, {"id": "3019960875", "price": 86499.5, "amount": 0.002, "side": "sell", "timestamp": 1766029757021}, {"id": "3019960876", "price": 86499.6, "amount": 0.018, "side": "buy", "timestamp": 1766029757536}, {"id": "3019960877", "price": 86499.6, "amount": 0.002, "side": "buy", "timestamp": 1766029757913}, {"id": "3019960878", "price": 86499.6, "amount": 0.002, "side": "buy", "timestamp": 1766029758177}, {"id": "3019960879", "price": 86499.5, "amount": 0.006, "side": "sell", "timestamp": 1766029758182}, {"id": "3019960880", "price": 86499.5, "amount": 0.058, "side": "sell", "timestamp": 1766029758438}, {"id": "3019960881", "price": 86499.5, "amount": 0.004, "side": "sell", "timestamp": 1766029759341}, {"id": "3019960882", "price": 86499.5, "amount": 0.012, "side": "sell", "timestamp": 1766029759478}, {"id": "3019960883", "price": 86499.6, "amount": 0.004, "side": "buy", "timestamp": 1766029759575}, {"id": "3019960884", "price": 86499.5, "amount": 0.005, "side": "sell", "timestamp": 1766029760016}, {"id": "3019960885", "price": 86499.5, "amount": 0.203, "side": "sell", "timestamp": 1766029760759}, {"id": "3019960886", "price": 86499.6, "amount": 0.002, "side": "buy", "timestamp": 1766029760857}, {"id": "3019960887", "price": 86499.6, "amount": 0.003, "side": "buy", "timestamp": 1766029761253}, {"id": "3019960888", "price": 86499.6, "amount": 0.038, "side": "buy", "timestamp": 1766029761658}, {"id": "3019960889", "price": 86499.5, "amount": 0.009, "side": "sell", "timestamp": 1766029761750}, {"id": "3019960890", "price": 86499.6, "amount": 0.004, "side": "buy", "timestamp": 1766029762330}, {"id": "3019960891", "price": 86499.6, "amount": 0.025, "side": "buy", "timestamp": 1766029762634}, {"id": "3019960892", "price": 86499.5, "amount": 0.002, "side": "sell", "timestamp": 1766029763076}, {"id": "3019960893", "price": 86499.6, "amount": 0.01, "side": "buy", "timestamp": 1766029763319}, {"id": "3019961289", "price": 86483.0, "amount": 0.042, "side": "buy", "timestamp": 1766029811043}, {"id": "3019961290", "price": 86483.5, "amount": 0.002, "side": "buy", "timestamp": 1766029811058}, {"id": "3019961291", "price": 86483.8, "amount": 0.002, "side": "buy", "timestamp": 1766029811058}, {"id": "3019961292", "price": 86483.9, "amount": 0.006, "side": "buy", "timestamp": 1766029811058}, {"id": "3019961293", "price": 86484.0, "amount": 0.002, "side": "buy", "timestamp": 1766029811058}, {"id": "3019961294", "price": 86484.3, "amount": 0.002, "side": "buy", "timestamp": 1766029811058}, {"id": "3019961295", "price": 86484.6, "amount": 0.002, "side": "buy", "timestamp": 1766029811058}, {"id": "3019961296", "price": 86484.8, "amount": 0.004, "side": "buy", "timestamp": 1766029811058}, {"id": "3019961297", "price": 86485.0, "amount": 0.002, "side": "buy", "timestamp": 1766029811058}, {"id": "3019961298", "price": 86485.2, "amount": 0.002, "side": "buy", "timestamp": 1766029811058}, {"id": "3019961299", "price": 86485.5, "amount": 0.002, "side": "buy", "timestamp": 1766029811058}, {"id": "3019961300", "price": 86485.7, "amount": 0.005, "side": "buy", "timestamp": 1766029811058}, {"id": "3019961301", "price": 86485.9, "amount": 0.002, "side": "buy", "timestamp": 1766029811058}, {"id": "3019961302", "price": 86486.2, "amount": 0.008, "side": "buy", "timestamp": 1766029811058}, {"id": "3019961303", "price": 86486.3, "amount": 0.002, "side": "buy", "timestamp": 1766029811059}, {"id": "3019961304", "price": 86486.4, "amount": 0.004, "side": "buy", "timestamp": 1766029811059}, {"id": "3019961305", "price": 86486.5, "amount": 0.003, "side": "buy", "timestamp": 1766029811059}, {"id": "3019961306", "price": 86486.7, "amount": 0.004, "side": "buy", "timestamp": 1766029811059}, {"id": "3019961307", "price": 86486.8, "amount": 0.002, "side": "buy", "timestamp": 1766029811059}, {"id": "3019961308", "price": 86487.1, "amount": 0.054, "side": "buy", "timestamp": 1766029811059}, {"id": "3019961309", "price": 86487.4, "amount": 0.018, "side": "buy", "timestamp": 1766029811106}, {"id": "3019961310", "price": 86487.5, "amount": 0.02, "side": "buy", "timestamp": 1766029811243}, {"id": "3019961311", "price": 86487.6, "amount": 0.002, "side": "buy", "timestamp": 1766029811243}, {"id": "3019961312", "price": 86487.7, "amount": 0.003, "side": "buy", "timestamp": 1766029811247}, {"id": "3019961313", "price": 86487.9, "amount": 0.002, "side": "buy", "timestamp": 1766029811250}, {"id": "3019961314", "price": 86488.4, "amount": 0.002, "side": "buy", "timestamp": 1766029811250}, {"id": "3019961315", "price": 86488.5, "amount": 0.002, "side": "buy", "timestamp": 1766029811250}, {"id": "3019961316", "price": 86488.8, "amount": 0.007, "side": "buy", "timestamp": 1766029811250}, {"id": "3019961317", "price": 86489.0, "amount": 0.004, "side": "buy", "timestamp": 1766029811250}, {"id": "3019961318", "price": 86489.2, "amount": 0.005, "side": "buy", "timestamp": 1766029811250}, {"id": "3019961319", "price": 86489.3, "amount": 0.002, "side": "buy", "timestamp": 1766029811250}, {"id": "3019961320", "price": 86489.4, "amount": 0.01, "side": "buy", "timestamp": 1766029811250}, {"id": "3019961321", "price": 86489.5, "amount": 0.002, "side": "sell", "timestamp": 1766029811254}, {"id": "3019961322", "price": 86489.6, "amount": 0.002, "side": "buy", "timestamp": 1766029811386}, {"id": "3019961323", "price": 86489.5, "amount": 0.002, "side": "sell", "timestamp": 1766029811472}, {"id": "3019961324", "price": 86489.5, "amount": 0.114, "side": "sell", "timestamp": 1766029811909}, {"id": "3019961325", "price": 86489.6, "amount": 0.002, "side": "buy", "timestamp": 1766029812658}, {"id": "3019961326", "price": 86489.5, "amount": 1.735, "side": "sell", "timestamp": 1766029813023}, {"id": "3019961327", "price": 86489.5, "amount": 0.02, "side": "sell", "timestamp": 1766029813147}, {"id": "3019961328", "price": 86489.5, "amount": 0.022, "side": "sell", "timestamp": 1766029813737}, {"id": "3019961329", "price": 86489.6, "amount": 0.039, "side": "buy", "timestamp": 1766029814325}, {"id": "3019961330", "price": 86489.6, "amount": 0.039, "side": "buy", "timestamp": 1766029814460}, {"id": "3019961331", "price": 86489.6, "amount": 0.02, "side": "buy", "timestamp": 1766029815059}, {"id": "3019961332", "price": 86489.5, "amount": 0.043, "side": "sell", "timestamp": 1766029815064}, {"id": "3019961333", "price": 86489.6, "amount": 0.009, "side": "buy", "timestamp": 1766029815234}, {"id": "3019961334", "price": 86489.6, "amount": 0.005, "side": "buy", "timestamp": 1766029815615}, {"id": "3019961335", "price": 86489.5, "amount": 0.098, "side": "sell", "timestamp": 1766029815800}, {"id": "3019961336", "price": 86489.6, "amount": 0.022, "side": "buy", "timestamp": 1766029816017}, {"id": "3019961337", "price": 86489.6, "amount": 0.035, "side": "buy", "timestamp": 1766029816138}, {"id": "3019961338", "price": 86489.6, "amount": 0.5, "side": "buy", "timestamp": 1766029816581}, {"id": "3019962448", "price": 86593.1, "amount": 0.006, "side": "buy", "timestamp": 1766029861320}, {"id": "3019962449", "price": 86593.0, "amount": 0.006, "side": "sell", "timestamp": 1766029861552}, {"id": "3019962450", "price": 86593.0, "amount": 0.011, "side": "sell", "timestamp": 1766029861694}, {"id": "3019962451", "price": 86593.1, "amount": 0.026, "side": "buy", "timestamp": 1766029862416}, {"id": "3019962452", "price": 86593.0, "amount": 0.006, "side": "sell", "timestamp": 1766029862640}, {"id": "3019962453", "price": 86593.1, "amount": 0.002, "side": "buy", "timestamp": 1766029862950}, {"id": "3019962454", "price": 86593.0, "amount": 0.086, "side": "sell", "timestamp": 1766029863037}, {"id": "3019962455", "price": 86593.0, "amount": 2.692, "side": "sell", "timestamp": 1766029863227}, {"id": "3019962456", "price": 86592.9, "amount": 0.011, "side": "sell", "timestamp": 1766029863232}, {"id": "3019962457", "price": 86592.8, "amount": 0.05, "side": "sell", "timestamp": 1766029863232}, {"id": "3019962458", "price": 86592.7, "amount": 0.014, "side": "sell", "timestamp": 1766029863232}, {"id": "3019962459", "price": 86592.6, "amount": 0.023, "side": "sell", "timestamp": 1766029863232}, {"id": "3019962460", "price": 86592.5, "amount": 0.002, "side": "sell", "timestamp": 1766029863232}, {"id": "3019962461", "price": 86592.0, "amount": 0.05, "side": "sell", "timestamp": 1766029863232}, {"id": "3019962462", "price": 86591.9, "amount": 0.006, "side": "sell", "timestamp": 1766029863232}, {"id": "3019962463", "price": 86591.7, "amount": 0.002, "side": "sell", "timestamp": 1766029863233}, {"id": "3019962464", "price": 86591.6, "amount": 0.869, "side": "sell", "timestamp": 1766029863233}, {"id": "3019962465", "price": 86591.5, "amount": 0.006, "side": "sell", "timestamp": 1766029863233}, {"id": "3019962466", "price": 86591.2, "amount": 0.004, "side": "sell", "timestamp": 1766029863233}, {"id": "3019962467", "price": 86591.0, "amount": 0.007, "side": "sell", "timestamp": 1766029863238}, {"id": "3019962468", "price": 86590.9, "amount": 0.003, "side": "sell", "timestamp": 1766029863251}, {"id": "3019962469", "price": 86590.8, "amount": 0.006, "side": "sell", "timestamp": 1766029863406}, {"id": "3019962470", "price": 86590.9, "amount": 0.089, "side": "buy", "timestamp": 1766029863436}, {"id": "3019962471", "price": 86590.9, "amount": 0.023, "side": "buy", "timestamp": 1766029863869}, {"id": "3019962472", "price": 86590.9, "amount": 0.091, "side": "buy", "timestamp": 1766029864198}, {"id": "3019962473", "price": 86590.9, "amount": 0.678, "side": "buy", "timestamp": 1766029864851}, {"id": "3019962474", "price": 86590.8, "amount": 0.25, "side": "sell", "timestamp": 1766029865020}, {"id": "3019962475", "price": 86590.8, "amount": 0.002, "side": "sell", "timestamp": 1766029865197}, {"id": "3019962476", "price": 86590.9, "amount": 0.195, "side": "buy", "timestamp": 1766029865369}, {"id": "3019962477", "price": 86590.8, "amount": 0.008, "side": "sell", "timestamp": 1766029865403}, {"id": "3019962478", "price": 86590.9, "amount": 0.018, "side": "buy", "timestamp": 1766029865412}, {"id": "3019962479", "price": 86590.9, "amount": 0.055, "side": "buy", "timestamp": 1766029865681}, {"id": "3019962480", "price": 86590.8, "amount": 0.034, "side": "sell", "timestamp": 1766029865967}, {"id": "3019962481", "price": 86590.9, "amount": 0.024, "side": "buy", "timestamp": 1766029866302}, {"id": "3019962482", "price": 86590.8, "amount": 0.203, "side": "sell", "timestamp": 1766029866334}, {"id": "3019962483", "price": 86590.9, "amount": 0.057, "side": "buy", "timestamp": 1766029867246}, {"id": "3019962484", "price": 86590.9, "amount": 0.113, "side": "buy", "timestamp": 1766029867545}, {"id": "3019962485", "price": 86590.8, "amount": 0.013, "side": "sell", "timestamp": 1766029867815}, {"id": "3019962486", "price": 86590.8, "amount": 0.054, "side": "sell", "timestamp": 1766029867918}, {"id": "3019962487", "price": 86590.7, "amount": 0.048, "side": "sell", "timestamp": 1766029867918}, {"id": "3019962488", "price": 86589.8, "amount": 0.008, "side": "sell", "timestamp": 1766029867922}, {"id": "3019962489", "price": 86589.3, "amount": 0.002, "side": "sell", "timestamp": 1766029867922}, {"id": "3019962490", "price": 86589.8, "amount": 0.005, "side": "sell", "timestamp": 1766029867923}, {"id": "3019962491", "price": 86589.3, "amount": 0.002, "side": "sell", "timestamp": 1766029867923}, {"id": "3019962492", "price": 86589.1, "amount": 0.002, "side": "sell", "timestamp": 1766029867923}, {"id": "3019962493", "price": 86589.0, "amount": 0.005, "side": "sell", "timestamp": 1766029867939}, {"id": "3019962494", "price": 86588.9, "amount": 0.002, "side": "sell", "timestamp": 1766029867939}, {"id": "3019962495", "price": 86588.9, "amount": 0.137, "side": "buy", "timestamp": 1766029868068}, {"id": "3019962496", "price": 86588.9, "amount": 0.036, "side": "buy", "timestamp": 1766029868652}, {"id": "3019962497", "price": 86588.8, "amount": 0.007, "side": "sell", "timestamp": 1766029868917}, {"id": "3019963238", "price": 86611.8, "amount": 0.002, "side": "sell", "timestamp": 1766029909919}, {"id": "3019963239", "price": 86611.7, "amount": 0.002, "side": "sell", "timestamp": 1766029909919}, {"id": "3019963240", "price": 86611.6, "amount": 0.005, "side": "sell", "timestamp": 1766029909919}, {"id": "3019963241", "price": 86611.4, "amount": 0.005, "side": "sell", "timestamp": 1766029909919}, {"id": "3019963242", "price": 86611.3, "amount": 0.084, "side": "sell", "timestamp": 1766029909919}, {"id": "3019963243", "price": 86611.3, "amount": 0.002, "side": "buy", "timestamp": 1766029910164}, {"id": "3019963244", "price": 86611.2, "amount": 0.005, "side": "sell", "timestamp": 1766029910236}, {"id": "3019963245", "price": 86611.3, "amount": 0.086, "side": "buy", "timestamp": 1766029910341}, {"id": "3019963246", "price": 86611.3, "amount": 0.22, "side": "buy", "timestamp": 1766029910766}, {"id": "3019963247", "price": 86611.3, "amount": 0.002, "side": "buy", "timestamp": 1766029911126}, {"id": "3019963248", "price": 86611.3, "amount": 0.02, "side": "buy", "timestamp": 1766029911341}, {"id": "3019963249", "price": 86611.2, "amount": 0.011, "side": "sell", "timestamp": 1766029911357}, {"id": "3019963250", "price": 86611.3, "amount": 0.004, "side": "buy", "timestamp": 1766029911633}, {"id": "3019963251", "price": 86611.3, "amount": 0.115, "side": "buy", "timestamp": 1766029911958}, {"id": "3019963252", "price": 86611.2, "amount": 0.09, "side": "sell", "timestamp": 1766029912081}, {"id": "3019963253", "price": 86611.3, "amount": 0.107, "side": "buy", "timestamp": 1766029912524}, {"id": "3019963254", "price": 86611.3, "amount": 0.064, "side": "buy", "timestamp": 1766029912631}, {"id": "3019963255", "price": 86611.2, "amount": 0.208, "side": "sell", "timestamp": 1766029912663}, {"id": "3019963256", "price": 86611.2, "amount": 0.002, "side": "sell", "timestamp": 1766029913036}, {"id": "3019963257", "price": 86611.2, "amount": 0.005, "side": "sell", "timestamp": 1766029913345}, {"id": "3019963258", "price": 86611.2, "amount": 0.008, "side": "sell", "timestamp": 1766029913479}, {"id": "3019963259", "price": 86611.2, "amount": 0.026, "side": "sell", "timestamp": 1766029913629}, {"id": "3019963260", "price": 86611.3, "amount": 0.017, "side": "buy", "timestamp": 1766029913814}, {"id": "3019963261", "price": 86611.3, "amount": 0.01, "side": "buy", "timestamp": 1766029914109}, {"id": "3019963262", "price": 86611.2, "amount": 0.012, "side": "sell", "timestamp": 1766029914114}, {"id": "3019963263", "price": 86611.3, "amount": 0.065, "side": "buy", "timestamp": 1766029914353}, {"id": "3019963264", "price": 86611.3, "amount": 0.912, "side": "buy", "timestamp": 1766029914804}, {"id": "3019963265", "price": 86611.2, "amount": 0.031, "side": "sell", "timestamp": 1766029915359}, {"id": "3019963266", "price": 86611.3, "amount": 0.003, "side": "buy", "timestamp": 1766029915424}, {"id": "3019963267", "price": 86611.3, "amount": 0.02, "side": "buy", "timestamp": 1766029915613}, {"id": "3019963268", "price": 86611.3, "amount": 0.002, "side": "buy", "timestamp": 1766029916376}, {"id": "3019963269", "price": 86611.2, "amount": 1.491, "side": "sell", "timestamp": 1766029916381}, {"id": "3019963270", "price": 86611.3, "amount": 0.012, "side": "buy", "timestamp": 1766029917004}, {"id": "3019963271", "price": 86611.3, "amount": 0.001, "side": "buy", "timestamp": 1766029917340}, {"id": "3019963272", "price": 86611.2, "amount": 0.113, "side": "sell", "timestamp": 1766029917687}, {"id": "3019963273", "price": 86611.2, "amount": 0.007, "side": "sell", "timestamp": 1766029918011}, {"id": "3019963274", "price": 86611.3, "amount": 0.002, "side": "buy", "timestamp": 1766029918279}, {"id": "3019963275", "price": 86611.2, "amount": 0.052, "side": "sell", "timestamp": 1766029918429}, {"id": "3019963276", "price": 86611.3, "amount": 0.005, "side": "buy", "timestamp": 1766029918481}, {"id": "3019963277", "price": 86611.3, "amount": 0.034, "side": "buy", "timestamp": 1766029919019}, {"id": "3019963278", "price": 86611.2, "amount": 0.002, "side": "sell", "timestamp": 1766029919120}, {"id": "3019963279", "price": 86611.2, "amount": 0.187, "side": "sell", "timestamp": 1766029919348}, {"id": "3019963280", "price": 86611.3, "amount": 0.055, "side": "buy", "timestamp": 1766029919879}, {"id": "3019963281", "price": 86611.2, "amount": 0.007, "side": "sell", "timestamp": 1766029920156}, {"id": "3019963282", "price": 86611.3, "amount": 0.068, "side": "buy", "timestamp": 1766029920216}, {"id": "3019963283", "price": 86611.3, "amount": 0.002, "side": "buy", "timestamp": 1766029920346}, {"id": "3019963284", "price": 86611.2, "amount": 0.007, "side": "sell", "timestamp": 1766029920474}, {"id": "3019963285", "price": 86611.3, "amount": 0.017, "side": "buy", "timestamp": 1766029920679}, {"id": "3019963286", "price": 86611.3, "amount": 0.11, "side": "buy", "timestamp": 1766029920796}, {"id": "3019963287", "price": 86611.2, "amount": 0.176, "side": "sell", "timestamp": 1766029921078}, {"id": "3019963552", "price": 86586.6, "amount": 0.005, "side": "sell", "timestamp": 1766029962869}, {"id": "3019963553", "price": 86586.3, "amount": 0.077, "side": "sell", "timestamp": 1766029963080}, {"id": "3019963554", "price": 86586.3, "amount": 0.003, "side": "sell", "timestamp": 1766029963281}, {"id": "3019963555", "price": 86586.3, "amount": 0.011, "side": "sell", "timestamp": 1766029963450}, {"id": "3019963556", "price": 86586.3, "amount": 0.048, "side": "sell", "timestamp": 1766029963819}, {"id": "3019963557", "price": 86586.3, "amount": 0.028, "side": "sell", "timestamp": 1766029963974}, {"id": "3019963558", "price": 86586.4, "amount": 0.003, "side": "buy", "timestamp": 1766029964132}, {"id": "3019963559", "price": 86586.3, "amount": 0.005, "side": "sell", "timestamp": 1766029964381}, {"id": "3019963560", "price": 86586.4, "amount": 0.004, "side": "buy", "timestamp": 1766029964436}, {"id": "3019963561", "price": 86586.4, "amount": 1.154, "side": "buy", "timestamp": 1766029964609}, {"id": "3019963562", "price": 86586.4, "amount": 0.002, "side": "buy", "timestamp": 1766029964787}, {"id": "3019963563", "price": 86586.4, "amount": 0.2, "side": "buy", "timestamp": 1766029964985}, {"id": "3019963564", "price": 86586.4, "amount": 0.3, "side": "buy", "timestamp": 1766029965108}, {"id": "3019963565", "price": 86586.4, "amount": 0.012, "side": "buy", "timestamp": 1766029965234}, {"id": "3019963566", "price": 86586.3, "amount": 2.503, "side": "sell", "timestamp": 1766029965334}, {"id": "3019963567", "price": 86586.3, "amount": 0.002, "side": "sell", "timestamp": 1766029965541}, {"id": "3019963568", "price": 86586.4, "amount": 0.054, "side": "buy", "timestamp": 1766029965988}, {"id": "3019963569", "price": 86586.3, "amount": 0.002, "side": "sell", "timestamp": 1766029966362}, {"id": "3019963570", "price": 86586.4, "amount": 1.164, "side": "buy", "timestamp": 1766029966407}, {"id": "3019963571", "price": 86586.3, "amount": 0.004, "side": "sell", "timestamp": 1766029966448}, {"id": "3019963572", "price": 86586.3, "amount": 0.005, "side": "sell", "timestamp": 1766029966576}, {"id": "3019963573", "price": 86586.4, "amount": 0.147, "side": "buy", "timestamp": 1766029966711}, {"id": "3019963574", "price": 86586.5, "amount": 0.073, "side": "buy", "timestamp": 1766029966711}, {"id": "3019963575", "price": 86586.6, "amount": 0.002, "side": "buy", "timestamp": 1766029966767}, {"id": "3019963576", "price": 86586.5, "amount": 0.006, "side": "sell", "timestamp": 1766029966856}, {"id": "3019963577", "price": 86586.6, "amount": 0.013, "side": "buy", "timestamp": 1766029966960}, {"id": "3019963578", "price": 86586.5, "amount": 0.002, "side": "sell", "timestamp": 1766029967106}, {"id": "3019963579", "price": 86586.6, "amount": 0.282, "side": "buy", "timestamp": 1766029967622}, {"id": "3019963580", "price": 86586.7, "amount": 0.002, "side": "buy", "timestamp": 1766029967631}, {"id": "3019963581", "price": 86587.0, "amount": 0.912, "side": "sell", "timestamp": 1766029967690}, {"id": "3019963582", "price": 86587.1, "amount": 0.02, "side": "buy", "timestamp": 1766029967757}, {"id": "3019963583", "price": 86587.0, "amount": 0.005, "side": "sell", "timestamp": 1766029968332}, {"id": "3019963584", "price": 86587.0, "amount": 0.577, "side": "sell", "timestamp": 1766029968608}, {"id": "3019963585", "price": 86587.1, "amount": 0.006, "side": "buy", "timestamp": 1766029968775}, {"id": "3019963586", "price": 86587.0, "amount": 0.129, "side": "sell", "timestamp": 1766029968945}, {"id": "3019963587", "price": 86587.1, "amount": 0.564, "side": "buy", "timestamp": 1766029969876}, {"id": "3019963588", "price": 86587.2, "amount": 0.002, "side": "buy", "timestamp": 1766029969911}, {"id": "3019963589", "price": 86587.3, "amount": 0.07, "side": "buy", "timestamp": 1766029969911}, {"id": "3019963590", "price": 86587.5, "amount": 0.004, "side": "buy", "timestamp": 1766029969911}, {"id": "3019963591", "price": 86587.7, "amount": 0.006, "side": "buy", "timestamp": 1766029969911}, {"id": "3019963592", "price": 86588.4, "amount": 0.002, "side": "buy", "timestamp": 1766029969911}, {"id": "3019963593", "price": 86588.7, "amount": 0.004, "side": "buy", "timestamp": 1766029969911}, {"id": "3019963594", "price": 86588.8, "amount": 0.015, "side": "buy", "timestamp": 1766029969911}, {"id": "3019963595", "price": 86588.8, "amount": 0.002, "side": "sell", "timestamp": 1766029970193}, {"id": "3019963596", "price": 86588.9, "amount": 0.002, "side": "buy", "timestamp": 1766029971317}, {"id": "3019963597", "price": 86588.8, "amount": 0.198, "side": "sell", "timestamp": 1766029971412}