[{"symbol": "ETHUSDT", "bids": [[3240.45, 46.43], [3240.44, 0.014], [3240.43, 0.556], [3240.41, 0.046], [3240.4, 0.017], [3240.39, 0.014], [3240.38, 0.031], [3240.36, 0.222], [3240.35, 0.051], [3240.34, 2.076], [3240.33, 5.021], [3240.32, 8.735], [3240.31, 0.058], [3240.3, 3.245], [3240.28, 0.031], [3240.27, 0.364], [3240.26, 0.206], [3240.25, 1.318], [3240.24, 0.02], [3240.23, 10.422]], "asks": [[3240.46, 142.674], [3240.47, 0.052], [3240.49, 31.235], [3240.5, 0.014], [3240.51, 12.97], [3240.52, 30.31], [3240.53, 0.007], [3240.54, 0.029], [3240.55, 0.008], [3240.57, 31.602], [3240.58, 0.007], [3240.59, 0.01], [3240.6, 0.075], [3240.61, 31.417], [3240.62, 0.022], [3240.63, 0.028], [3240.64, 0.015], [3240.65, 0.088], [3240.66, 1.262], [3240.67, 0.007]], "timestamp": "2025-12-12T08:49:21.616367+00:00"}, {"symbol": "ETHUSDT", "bids": [[3243.06, 68.858], [3243.05, 36.152], [3243.04, 26.555], [3243.03, 33.329], [3243.01, 0.038], [3243.0, 66.253], [3242.99, 168.515], [3242.98, 3.907], [3242.97, 0.083], [3242.96, 0.15], [3242.95, 1.234], [3242.94, 0.308], [3242.92, 0.013], [3242.91, 0.046], [3242.9, 0.007], [3242.89, 0.067], [3242.88, 2.18], [3242.87, 1.298], [3242.86, 0.011], [3242.85, 0.036]], "asks": [[3243.07, 1.427], [3243.08, 0.061], [3243.09, 0.008], [3243.1, 0.02], [3243.11, 0.091], [3243.12, 6.52], [3243.14, 0.013], [3243.15, 0.035], [3243.16, 0.561], [3243.17, 0.897], [3243.18, 0.033], [3243.19, 3.032], [3243.2, 0.875], [3243.21, 1.52], [3243.22, 0.008], [3243.23, 0.02], [3243.24, 0.07], [3243.25, 0.008], [3243.26, 0.029], [3243.27, 0.434]], "timestamp": "2025-12-12T08:50:15.069223+00:00"}, {"symbol": "ETHUSDT", "bids": [[3241.5, 33.8], [3241.49, 0.045], [3241.48, 0.007], [3241.46, 0.015], [3241.45, 0.01], [3241.44, 0.053], [3241.43, 0.034], [3241.42, 0.015], [3241.41, 8.135], [3241.39, 0.073], [3241.38, 0.007], [3241.37, 4.199], [3241.36, 7.049], [3241.35, 9.232], [3241.34, 1.241], [3241.33, 0.793], [3241.32, 8.169], [3241.31, 6.406], [3241.3, 23.047], [3241.29, 0.023]], "asks": [[3241.51, 81.901], [3241.52, 7.862], [3241.55, 0.038], [3241.56, 0.154], [3241.59, 1.609], [3241.6, 0.007], [3241.61, 0.009], [3241.62, 0.021], [3241.64, 0.054], [3241.65, 0.028], [3241.66, 1.242], [3241.67, 0.008], [3241.68, 0.064], [3241.7, 0.041], [3241.71, 0.021], [3241.72, 0.007], [3241.73, 0.054], [3241.74, 1.247], [3241.75, 7.553], [3241.76, 51.427]], "timestamp": "2025-12-12T08:51:07.805983+00:00"}, {"symbol": "ETHUSDT", "bids": [[3243.35, 20.284], [3243.34, 0.007], [3243.33, 0.059], [3243.32, 1.507], [3243.31, 0.046], [3243.3, 0.041], [3243.29, 0.007], [3243.27, 8.062], [3243.26, 0.141], [3243.24, 8.439], [3243.23, 3.026], [3243.22, 0.061], [3243.21, 0.084], [3243.2, 0.024], [3243.19, 0.035], [3243.18, 0.654], [3243.17, 0.028], [3243.16, 0.007], [3243.15, 0.782], [3243.14, 0.029]], "asks": [[3243.36, 46.684], [3243.37, 0.634], [3243.38, 1.291], [3243.39, 0.01], [3243.4, 0.055], [3243.41, 0.017], [3243.42, 0.007], [3243.43, 0.01], [3243.44, 0.092], [3243.45, 0.178], [3243.46, 1.244], [3243.47, 0.165], [3243.48, 0.052], [3243.5, 0.367], [3243.51, 0.315], [3243.52, 1.262], [3243.53, 1.179], [3243.54, 0.63], [3243.55, 3.305], [3243.56, 4.997]], "timestamp": "2025-12-12T08:52:00.850364+00:00"}, {"symbol": "ETHUSDT", "bids": [[3243.92, 180.425], [3243.91, 1.3], [3243.9, 0.908], [3243.88, 0.007], [3243.87, 0.061], [3243.86, 193.174], [3243.85, 9.618], [3243.84, 1.289], [3243.82, 0.132], [3243.81, 0.028], [3243.8, 0.03], [3243.79, 0.007], [3243.78, 0.052], [3243.77, 0.021], [3243.75, 0.352], [3243.74, 0.015], [3243.73, 0.092], [3243.72, 0.015], [3243.71, 0.028], [3243.7, 0.71]], "asks": [[3243.93, 20.135], [3243.94, 0.014], [3243.95, 0.009], [3243.96, 0.063], [3243.97, 3.049], [3243.98, 0.228], [3244.0, 5.168], [3244.01, 0.051], [3244.03, 0.018], [3244.05, 0.02], [3244.06, 0.372], [3244.07, 0.225], [3244.08, 0.98], [3244.09, 0.025], [3244.1, 0.614], [3244.11, 0.02], [3244.12, 1.286], [3244.13, 0.018], [3244.14, 1.663], [3244.15, 0.059]], "timestamp": "2025-12-12T08:52:54.319002+00:00"}, {"symbol": "ETHUSDT", "bids": [[3242.67, 195.978], [3242.66, 5.113], [3242.65, 195.938], [3242.64, 0.545], [3242.63, 0.071], [3242.62, 0.007], [3242.61, 2.972], [3242.6, 0.89], [3242.59, 1.323], [3242.58, 0.007], [3242.57, 0.048], [3242.56, 0.028], [3242.55, 0.775], [3242.54, 6.828], [3242.53, 3.747], [3242.52, 5.153], [3242.51, 3.744], [3242.5, 1.191], [3242.49, 5.442], [3242.48, 0.022]], "asks": [[3242.68, 1.905], [3242.69, 0.007], [3242.7, 0.021], [3242.71, 0.609], [3242.72, 1.279], [3242.73, 0.037], [3242.74, 0.007], [3242.76, 0.066], [3242.77, 0.007], [3242.79, 0.778], [3242.8, 0.755], [3242.81, 0.038], [3242.82, 0.633], [3242.83, 0.028], [3242.84, 0.017], [3242.85, 0.058], [3242.86, 0.035], [3242.87, 0.007], [3242.88, 0.007], [3242.89, 4.298]], "timestamp": "2025-12-12T08:53:47.069690+00:00"}, {"symbol": "ETHUSDT", "bids": [[3244.82, 0.732], [3244.81, 0.014], [3244.8, 0.06], [3244.79, 0.035], [3244.78, 2.007], [3244.77, 0.954], [3244.76, 0.804], [3244.75, 0.073], [3244.74, 1.708], [3244.73, 0.013], [3244.72, 0.023], [3244.71, 0.02], [3244.7, 0.046], [3244.69, 14.47], [3244.68, 0.222], [3244.67, 0.137], [3244.66, 0.026], [3244.65, 0.437], [3244.64, 0.045], [3244.63, 0.007]], "asks": [[3244.83, 54.845], [3244.84, 0.023], [3244.86, 0.017], [3244.87, 0.017], [3244.88, 0.048], [3244.89, 0.294], [3244.9, 0.017], [3244.91, 1.271], [3244.92, 0.036], [3244.93, 0.021], [3244.94, 0.066], [3244.95, 0.582], [3244.96, 0.007], [3244.97, 8.147], [3244.98, 34.832], [3244.99, 0.007], [3245.0, 7.079], [3245.02, 0.059], [3245.03, 12.595], [3245.04, 0.021]], "timestamp": "2025-12-12T08:54:40.391179+00:00"}, {"symbol": "ETHUSDT", "bids": [[3243.6, 33.695], [3243.59, 0.007], [3243.58, 0.045], [3243.57, 1.5], [3243.56, 0.007], [3243.55, 0.025], [3243.54, 0.05], [3243.53, 0.015], [3243.52, 0.014], [3243.51, 0.564], [3243.5, 0.148], [3243.49, 0.542], [3243.48, 1.881], [3243.47, 0.022], [3243.46, 10.175], [3243.45, 14.766], [3243.44, 0.215], [3243.43, 0.064], [3243.42, 0.008], [3243.41, 0.09]], "asks": [[3243.61, 167.493], [3243.62, 0.069], [3243.63, 0.92], [3243.64, 1.949], [3243.65, 0.007], [3243.66, 2.408], [3243.67, 0.007], [3243.68, 0.017], [3243.69, 0.185], [3243.7, 0.353], [3243.71, 0.025], [3243.72, 1.293], [3243.73, 0.007], [3243.74, 0.015], [3243.75, 0.028], [3243.77, 0.148], [3243.78, 0.346], [3243.79, 0.065], [3243.8, 1.981], [3243.81, 0.058]], "timestamp": "2025-12-12T08:55:34.379081+00:00"}, {"symbol": "ETHUSDT", "bids": [[3243.78, 178.358], [3243.77, 0.044], [3243.75, 0.022], [3243.74, 4.958], [3243.73, 24.097], [3243.72, 0.084], [3243.71, 0.479], [3243.7, 0.678], [3243.69, 0.38], [3243.68, 6.362], [3243.67, 0.076], [3243.66, 0.007], [3243.65, 0.891], [3243.64, 0.221], [3243.62, 1.174], [3243.61, 0.438], [3243.6, 0.044], [3243.59, 0.007], [3243.58, 1.265], [3243.57, 0.055]], "asks": [[3243.79, 39.006], [3243.8, 0.306], [3243.81, 0.038], [3243.82, 1.5], [3243.83, 0.008], [3243.84, 0.03], [3243.85, 1.61], [3243.86, 0.038], [3243.87, 0.275], [3243.88, 0.008], [3243.89, 0.009], [3243.9, 0.147], [3243.91, 0.152], [3243.92, 0.102], [3243.93, 0.013], [3243.94, 0.015], [3243.95, 0.358], [3243.96, 0.007], [3243.97, 0.034], [3243.98, 0.007]], "timestamp": "2025-12-12T08:56:27.605357+00:00"}, {"symbol": "ETHUSDT", "bids": [[3241.31, 107.667], [3241.3, 0.021], [3241.28, 1.273], [3241.27, 0.013], [3241.26, 0.015], [3241.25, 0.01], [3241.24, 0.557], [3241.23, 0.061], [3241.21, 0.029], [3241.2, 1.45], [3241.19, 2.308], [3241.18, 5.566], [3241.17, 0.155], [3241.16, 12.107], [3241.15, 0.051], [3241.14, 1.513], [3241.13, 0.022], [3241.12, 1.258], [3241.11, 0.145], [3241.1, 0.356]], "asks": [[3241.32, 54.208], [3241.33, 0.066], [3241.34, 0.007], [3241.35, 0.014], [3241.36, 0.446], [3241.37, 1.743], [3241.38, 0.007], [3241.4, 0.918], [3241.41, 0.662], [3241.43, 0.021], [3241.44, 1.207], [3241.45, 0.792], [3241.47, 0.582], [3241.48, 0.665], [3241.5, 0.046], [3241.51, 0.013], [3241.52, 0.82], [3241.53, 0.162], [3241.54, 0.046], [3241.55, 4.973]], "timestamp": "2025-12-12T08:57:21.061506+00:00"}, {"symbol": "ETHUSDT", "bids": [[3241.38, 57.953], [3241.37, 0.356], [3241.36, 0.016], [3241.35, 0.711], [3241.34, 1.273], [3241.33, 0.01], [3241.32, 0.171], [3241.31, 0.347], [3241.3, 0.076], [3241.29, 0.634], [3241.28, 5.728], [3241.27, 1.256], [3241.26, 0.308], [3241.25, 1.08], [3241.24, 0.054], [3241.22, 6.993], [3241.21, 1.219], [3241.2, 1.304], [3241.19, 0.007], [3241.18, 0.024]], "asks": [[3241.39, 13.233], [3241.4, 0.061], [3241.41, 0.007], [3241.42, 1.508], [3241.43, 1.859], [3241.44, 111.458], [3241.45, 0.926], [3241.47, 0.028], [3241.48, 0.017], [3241.49, 0.054], [3241.5, 0.052], [3241.51, 0.007], [3241.52, 0.015], [3241.53, 0.021], [3241.54, 0.014], [3241.55, 0.103], [3241.56, 1.374], [3241.57, 0.15], [3241.58, 0.007], [3241.59, 0.053]], "timestamp": "2025-12-12T08:58:14.350866+00:00"}, {"symbol": "ETHUSDT", "bids": [[3241.63, 67.174], [3241.62, 0.129], [3241.61, 0.416], [3241.6, 0.778], [3241.59, 0.315], [3241.58, 0.113], [3241.57, 3.213], [3241.56, 0.053], [3241.55, 7.111], [3241.53, 0.021], [3241.52, 0.045], [3241.51, 0.155], [3241.5, 0.056], [3241.49, 1.564], [3241.48, 5.028], [3241.47, 0.038], [3241.46, 0.028], [3241.45, 0.024], [3241.44, 0.042], [3241.43, 4.902]], "asks": [[3241.64, 61.016], [3241.65, 0.226], [3241.66, 0.44], [3241.67, 1.514], [3241.68, 1.272], [3241.7, 0.007], [3241.71, 0.007], [3241.72, 0.059], [3241.73, 0.007], [3241.74, 0.014], [3241.75, 0.021], [3241.76, 1.37], [3241.77, 1.241], [3241.78, 0.029], [3241.79, 0.007], [3241.8, 0.028], [3241.81, 0.3], [3241.82, 1.6], [3241.83, 0.007], [3241.84, 1.263]], "timestamp": "2025-12-12T08:59:07.453062+00:00"}, {"symbol": "ETHUSDT", "bids": [[3243.71, 3.358], [3243.69, 0.131], [3243.57, 0.009], [3243.5, 39.738], [3243.49, 0.036], [3243.48, 1.964], [3243.47, 1.373], [3243.46, 0.316], [3243.45, 0.007], [3243.44, 0.008], [3243.42, 0.058], [3243.41, 0.008], [3243.4, 0.054], [3243.39, 0.694], [3243.38, 0.072], [3243.37, 0.016], [3243.36, 14.507], [3243.35, 17.537], [3243.34, 16.061], [3243.33, 0.51]], "asks": [[3243.81, 5.941], [3243.83, 152.542], [3243.84, 55.227], [3243.85, 242.627], [3243.87, 0.273], [3243.89, 11.431], [3243.9, 0.42], [3243.92, 0.638], [3243.93, 0.008], [3243.94, 0.028], [3243.95, 0.009], [3243.96, 0.624], [3243.97, 0.071], [3243.98, 0.167], [3243.99, 0.021], [3244.0, 1.96], [3244.01, 11.427], [3244.02, 12.603], [3244.03, 0.059], [3244.04, 0.945]], "timestamp": "2025-12-12T09:00:00.199938+00:00"}, {"symbol": "ETHUSDT", "bids": [[3245.27, 165.718], [3245.26, 0.035], [3245.25, 0.007], [3245.21, 0.038], [3245.2, 0.345], [3245.19, 0.523], [3245.18, 1.233], [3245.17, 0.058], [3245.16, 0.008], [3245.15, 0.394], [3245.14, 0.007], [3245.13, 0.354], [3245.12, 1.256], [3245.11, 0.008], [3245.1, 0.041], [3245.09, 1.286], [3245.08, 0.33], [3245.06, 0.787], [3245.05, 21.635], [3245.04, 0.943]], "asks": [[3245.28, 3.238], [3245.29, 0.028], [3245.3, 0.013], [3245.33, 0.051], [3245.34, 0.015], [3245.36, 0.013], [3245.37, 0.008], [3245.38, 2.363], [3245.39, 14.749], [3245.4, 0.113], [3245.41, 0.038], [3245.42, 0.028], [3245.43, 0.008], [3245.44, 0.75], [3245.45, 0.069], [3245.46, 0.007], [3245.47, 0.013], [3245.48, 0.008], [3245.49, 0.587], [3245.5, 1.867]], "timestamp": "2025-12-12T09:00:53.558171+00:00"}, {"symbol": "ETHUSDT", "bids": [[3246.39, 17.547], [3246.38, 0.045], [3246.37, 0.007], [3246.36, 0.007], [3246.35, 0.007], [3246.34, 0.061], [3246.33, 0.007], [3246.31, 1.877], [3246.3, 0.074], [3246.29, 0.013], [3246.27, 0.015], [3246.25, 0.342], [3246.24, 0.037], [3246.23, 0.189], [3246.21, 1.26], [3246.2, 0.015], [3246.19, 0.048], [3246.18, 0.175], [3246.17, 0.02], [3246.16, 0.01]], "asks": [[3246.4, 150.552], [3246.41, 0.052], [3246.44, 0.752], [3246.45, 0.007], [3246.46, 0.713], [3246.48, 0.029], [3246.5, 0.75], [3246.51, 0.279], [3246.52, 0.007], [3246.53, 0.007], [3246.54, 0.945], [3246.55, 0.038], [3246.56, 1.689], [3246.57, 1.227], [3246.58, 0.143], [3246.59, 0.021], [3246.6, 0.049], [3246.61, 0.045], [3246.62, 0.021], [3246.63, 0.008]], "timestamp": "2025-12-12T09:01:46.790471+00:00"}, {"symbol": "ETHUSDT", "bids": [[3247.1, 110.803], [3247.09, 0.328], [3247.08, 6.877], [3247.07, 0.084], [3247.05, 0.408], [3247.04, 0.007], [3247.03, 0.038], [3247.02, 0.285], [3247.01, 1.522], [3247.0, 4.643], [3246.99, 0.353], [3246.98, 0.007], [3246.97, 0.324], [3246.96, 0.021], [3246.95, 3.136], [3246.94, 0.007], [3246.93, 0.028], [3246.92, 0.007], [3246.91, 0.053], [3246.9, 21.679]], "asks": [[3247.11, 29.251], [3247.12, 0.289], [3247.13, 0.157], [3247.15, 0.717], [3247.16, 0.085], [3247.17, 0.02], [3247.19, 0.059], [3247.2, 4.114], [3247.21, 2.271], [3247.22, 0.021], [3247.23, 0.298], [3247.24, 0.045], [3247.25, 0.021], [3247.26, 0.908], [3247.27, 1.539], [3247.28, 3.189], [3247.29, 0.061], [3247.3, 0.293], [3247.31, 0.008], [3247.32, 0.015]], "timestamp": "2025-12-12T09:02:40.263065+00:00"}, {"symbol": "ETHUSDT", "bids": [[3242.88, 180.043], [3242.87, 1.385], [3242.85, 0.052], [3242.81, 0.038], [3242.8, 0.035], [3242.79, 0.008], [3242.77, 0.046], [3242.76, 0.021], [3242.75, 5.949], [3242.74, 3.113], [3242.73, 30.059], [3242.72, 21.476], [3242.71, 31.027], [3242.7, 0.05], [3242.69, 32.897], [3242.68, 32.262], [3242.67, 0.056], [3242.66, 0.015], [3242.65, 0.021], [3242.64, 1.539]], "asks": [[3242.89, 26.777], [3242.9, 0.226], [3242.91, 0.154], [3242.92, 1.5], [3242.93, 0.014], [3242.94, 0.008], [3242.95, 0.778], [3242.96, 0.315], [3242.97, 0.329], [3242.98, 0.008], [3242.99, 0.007], [3243.0, 0.021], [3243.01, 0.059], [3243.02, 0.589], [3243.03, 3.067], [3243.04, 0.007], [3243.06, 0.28], [3243.07, 3.903], [3243.08, 0.77], [3243.09, 0.045]], "timestamp": "2025-12-12T09:03:33.618583+00:00"}, {"symbol": "ETHUSDT", "bids": [[3242.11, 88.133], [3242.1, 1.385], [3242.09, 0.163], [3242.08, 0.734], [3242.07, 0.052], [3242.06, 0.052], [3242.05, 0.016], [3242.04, 2.719], [3242.03, 1.249], [3242.02, 0.049], [3242.01, 0.204], [3242.0, 3.129], [3241.99, 0.028], [3241.98, 3.671], [3241.97, 0.025], [3241.96, 0.008], [3241.95, 7.136], [3241.94, 1.935], [3241.93, 0.458], [3241.92, 0.043]], "asks": [[3242.12, 6.301], [3242.13, 0.007], [3242.15, 0.007], [3242.16, 0.007], [3242.18, 0.045], [3242.2, 0.021], [3242.23, 0.059], [3242.24, 0.71], [3242.25, 0.007], [3242.26, 0.021], [3242.28, 0.038], [3242.29, 0.021], [3242.3, 0.01], [3242.31, 0.175], [3242.33, 0.007], [3242.34, 0.069], [3242.35, 0.339], [3242.36, 0.795], [3242.37, 0.753], [3242.38, 0.686]], "timestamp": "2025-12-12T09:04:27.330210+00:00"}, {"symbol": "ETHUSDT", "bids": [[3242.26, 105.893], [3242.25, 0.022], [3242.23, 1.241], [3242.22, 0.154], [3242.2, 0.346], [3242.19, 0.127], [3242.18, 0.035], [3242.16, 1.302], [3242.15, 0.426], [3242.14, 0.045], [3242.13, 0.007], [3242.12, 0.013], [3242.11, 0.008], [3242.1, 1.054], [3242.09, 0.172], [3242.08, 1.303], [3242.07, 0.031], [3242.06, 0.045], [3242.05, 0.021], [3242.04, 0.007]], "asks": [[3242.27, 69.069], [3242.28, 0.021], [3242.3, 0.013], [3242.31, 0.038], [3242.32, 0.014], [3242.33, 0.59], [3242.34, 0.007], [3242.35, 0.051], [3242.36, 0.418], [3242.37, 0.064], [3242.38, 0.02], [3242.39, 0.046], [3242.4, 1.09], [3242.41, 0.021], [3242.42, 0.015], [3242.43, 0.11], [3242.44, 0.185], [3242.45, 0.316], [3242.46, 0.007], [3242.47, 0.021]], "timestamp": "2025-12-12T09:05:20.603641+00:00"}, {"symbol": "ETHUSDT", "bids": [[3241.84, 61.329], [3241.83, 0.321], [3241.81, 0.813], [3241.8, 0.276], [3241.79, 0.059], [3241.78, 0.297], [3241.77, 0.431], [3241.76, 0.459], [3241.75, 0.045], [3241.74, 0.067], [3241.73, 0.013], [3241.72, 0.014], [3241.71, 0.076], [3241.7, 0.058], [3241.69, 0.009], [3241.68, 0.022], [3241.67, 0.022], [3241.66, 0.059], [3241.65, 0.03], [3241.64, 2.026]], "asks": [[3241.85, 153.681], [3241.86, 0.373], [3241.88, 1.234], [3241.89, 0.868], [3241.9, 0.014], [3241.91, 0.308], [3241.92, 0.947], [3241.93, 0.035], [3241.95, 0.439], [3241.96, 0.035], [3241.97, 1.234], [3241.98, 0.033], [3241.99, 0.066], [3242.0, 0.014], [3242.01, 0.124], [3242.02, 0.268], [3242.03, 0.007], [3242.04, 1.282], [3242.05, 0.045], [3242.06, 0.035]], "timestamp": "2025-12-12T09:06:13.954665+00:00"}, {"symbol": "ETHUSDT", "bids": [[3242.74, 139.022], [3242.73, 0.021], [3242.72, 3.518], [3242.71, 21.241], [3242.7, 0.049], [3242.69, 0.007], [3242.68, 0.053], [3242.67, 0.213], [3242.66, 0.008], [3242.65, 0.014], [3242.64, 1.933], [3242.63, 0.375], [3242.62, 0.007], [3242.61, 0.017], [3242.6, 0.806], [3242.59, 0.045], [3242.58, 0.169], [3242.57, 0.007], [3242.56, 1.258], [3242.55, 1.286]], "asks": [[3242.75, 20.488], [3242.76, 0.233], [3242.77, 0.038], [3242.78, 1.5], [3242.79, 0.007], [3242.8, 0.077], [3242.81, 2.117], [3242.82, 12.538], [3242.83, 0.013], [3242.84, 0.008], [3242.85, 0.015], [3242.86, 0.058], [3242.87, 0.021], [3242.88, 0.035], [3242.89, 0.58], [3242.9, 0.073], [3242.91, 0.164], [3242.93, 0.021], [3242.94, 0.626], [3242.95, 0.347]], "timestamp": "2025-12-12T09:07:07.919653+00:00"}, {"symbol": "ETHUSDT", "bids": [[3242.0, 76.016], [3241.99, 0.109], [3241.97, 0.007], [3241.95, 0.123], [3241.94, 0.008], [3241.93, 0.021], [3241.92, 0.014], [3241.91, 0.007], [3241.9, 1.391], [3241.89, 0.013], [3241.88, 0.071], [3241.87, 0.015], [3241.86, 0.167], [3241.85, 2.879], [3241.84, 7.7], [3241.83, 0.25], [3241.82, 8.944], [3241.81, 24.711], [3241.8, 6.07], [3241.79, 0.059]], "asks": [[3242.01, 219.495], [3242.02, 0.028], [3242.05, 0.038], [3242.07, 4.105], [3242.08, 1.275], [3242.09, 19.1], [3242.1, 0.336], [3242.12, 0.028], [3242.13, 0.045], [3242.14, 0.062], [3242.15, 0.754], [3242.17, 0.059], [3242.18, 0.007], [3242.19, 0.549], [3242.2, 0.043], [3242.22, 0.098], [3242.23, 0.059], [3242.25, 0.5], [3242.26, 1.187], [3242.27, 0.038]], "timestamp": "2025-12-12T09:08:01.188258+00:00"}, {"symbol": "ETHUSDT", "bids": [[3239.58, 10.005], [3239.57, 0.007], [3239.55, 0.206], [3239.53, 0.122], [3239.52, 0.824], [3239.51, 0.013], [3239.5, 0.464], [3239.49, 0.059], [3239.48, 0.007], [3239.47, 0.021], [3239.46, 2.194], [3239.45, 0.409], [3239.44, 1.298], [3239.43, 0.335], [3239.42, 1.29], [3239.41, 0.013], [3239.4, 0.029], [3239.39, 0.332], [3239.38, 0.08], [3239.37, 0.022]], "asks": [[3239.59, 48.656], [3239.6, 0.136], [3239.63, 1.235], [3239.64, 0.038], [3239.66, 0.677], [3239.67, 1.264], [3239.68, 0.046], [3239.69, 0.017], [3239.7, 0.07], [3239.72, 0.125], [3239.73, 0.051], [3239.75, 0.008], [3239.76, 0.966], [3239.77, 0.107], [3239.78, 1.256], [3239.8, 0.014], [3239.81, 0.839], [3239.82, 0.008], [3239.83, 0.01], [3239.84, 0.007]], "timestamp": "2025-12-12T09:08:53.905101+00:00"}, {"symbol": "ETHUSDT", "bids": [[3237.69, 95.856], [3237.68, 0.016], [3237.67, 0.039], [3237.66, 7.609], [3237.65, 0.014], [3237.64, 40.031], [3237.62, 0.066], [3237.61, 0.3], [3237.6, 0.594], [3237.59, 0.022], [3237.58, 0.655], [3237.57, 0.519], [3237.56, 6.479], [3237.55, 0.6], [3237.54, 1.315], [3237.53, 0.42], [3237.52, 1.256], [3237.51, 0.152], [3237.5, 6.723], [3237.49, 0.169]], "asks": [[3237.7, 65.461], [3237.71, 0.014], [3237.73, 0.045], [3237.75, 5.67], [3237.76, 2.882], [3237.77, 0.038], [3237.78, 1.244], [3237.8, 0.008], [3237.81, 0.046], [3237.84, 0.008], [3237.86, 0.038], [3237.87, 5.015], [3237.9, 5.03], [3237.91, 0.788], [3237.92, 10.0], [3237.93, 5.038], [3237.94, 5.316], [3237.95, 5.007], [3237.96, 30.638], [3237.97, 0.046]], "timestamp": "2025-12-12T09:09:47.563641+00:00"}, {"symbol": "ETHUSDT", "bids": [[3239.08, 34.59], [3239.07, 0.007], [3239.06, 0.015], [3239.05, 0.045], [3239.04, 0.271], [3239.03, 5.963], [3239.02, 0.014], [3239.01, 0.038], [3239.0, 0.035], [3238.99, 0.049], [3238.97, 0.157], [3238.96, 0.02], [3238.95, 0.015], [3238.94, 0.02], [3238.93, 0.007], [3238.92, 0.213], [3238.9, 0.755], [3238.89, 1.366], [3238.88, 1.245], [3238.87, 0.057]], "asks": [[3239.09, 64.371], [3239.1, 0.083], [3239.11, 0.007], [3239.12, 0.352], [3239.13, 1.243], [3239.14, 0.095], [3239.15, 0.014], [3239.16, 0.065], [3239.17, 0.021], [3239.18, 0.823], [3239.19, 0.007], [3239.2, 0.053], [3239.21, 1.242], [3239.22, 0.179], [3239.23, 0.02], [3239.24, 0.052], [3239.25, 2.383], [3239.26, 1.213], [3239.27, 0.11], [3239.28, 1.624]], "timestamp": "2025-12-12T09:10:40.505001+00:00"}, {"symbol": "ETHUSDT", "bids": [[3241.2, 121.749], [3241.19, 0.036], [3241.17, 0.045], [3241.16, 0.007], [3241.14, 0.048], [3241.13, 12.16], [3241.12, 51.482], [3241.11, 5.028], [3241.1, 0.023], [3241.09, 0.028], [3241.08, 2.273], [3241.07, 0.045], [3241.06, 0.038], [3241.05, 0.263], [3241.04, 0.183], [3241.03, 1.177], [3241.02, 0.482], [3241.01, 22.87], [3241.0, 0.398], [3240.99, 1.008]], "asks": [[3241.21, 14.297], [3241.22, 0.007], [3241.23, 0.038], [3241.24, 0.492], [3241.25, 0.008], [3241.26, 0.168], [3241.28, 0.202], [3241.29, 0.028], [3241.3, 0.037], [3241.31, 0.023], [3241.32, 0.632], [3241.33, 0.067], [3241.34, 0.188], [3241.35, 1.356], [3241.36, 0.3], [3241.37, 0.061], [3241.38, 0.008], [3241.39, 0.021], [3241.4, 0.029], [3241.41, 0.158]], "timestamp": "2025-12-12T09:11:34.060857+00:00"}, {"symbol": "ETHUSDT", "bids": [[3241.48, 76.315], [3241.47, 0.036], [3241.45, 1.553], [3241.43, 0.007], [3241.42, 0.008], [3241.41, 0.038], [3241.4, 1.263], [3241.39, 0.007], [3241.38, 0.097], [3241.37, 0.159], [3241.36, 0.007], [3241.35, 0.754], [3241.34, 0.037], [3241.33, 0.054], [3241.32, 0.539], [3241.31, 0.028], [3241.3, 0.007], [3241.29, 0.045], [3241.28, 1.726], [3241.27, 1.276]], "asks": [[3241.49, 31.014], [3241.5, 0.028], [3241.52, 0.01], [3241.53, 0.46], [3241.54, 1.5], [3241.55, 0.01], [3241.56, 0.018], [3241.57, 1.183], [3241.58, 0.007], [3241.59, 0.01], [3241.6, 0.032], [3241.61, 0.02], [3241.62, 0.015], [3241.63, 0.058], [3241.64, 7.693], [3241.65, 0.182], [3241.66, 14.947], [3241.67, 0.059], [3241.68, 0.036], [3241.7, 0.37]], "timestamp": "2025-12-12T09:12:28.117556+00:00"}, {"symbol": "ETHUSDT", "bids": [[3243.92, 111.443], [3243.91, 2.225], [3243.9, 0.147], [3243.89, 0.077], [3243.86, 3.226], [3243.85, 5.438], [3243.84, 0.059], [3243.83, 0.044], [3243.82, 0.022], [3243.81, 0.021], [3243.8, 0.014], [3243.79, 6.324], [3243.78, 0.078], [3243.75, 0.097], [3243.73, 5.581], [3243.72, 0.021], [3243.71, 6.031], [3243.7, 0.567], [3243.69, 3.006], [3243.68, 43.403]], "asks": [[3243.93, 56.612], [3243.94, 0.695], [3243.95, 0.019], [3243.96, 0.015], [3243.97, 0.038], [3243.98, 0.008], [3243.99, 2.368], [3244.0, 10.809], [3244.01, 0.051], [3244.02, 0.025], [3244.03, 0.007], [3244.04, 1.249], [3244.05, 0.051], [3244.06, 0.01], [3244.07, 0.216], [3244.08, 0.036], [3244.09, 0.06], [3244.1, 1.557], [3244.11, 0.013], [3244.12, 1.578]], "timestamp": "2025-12-12T09:13:21.173384+00:00"}, {"symbol": "ETHUSDT", "bids": [[3244.73, 116.732], [3244.72, 3.096], [3244.71, 2.125], [3244.7, 6.421], [3244.69, 0.952], [3244.67, 0.038], [3244.65, 0.029], [3244.63, 0.063], [3244.61, 0.038], [3244.6, 0.354], [3244.59, 0.167], [3244.58, 0.007], [3244.57, 0.008], [3244.56, 0.051], [3244.54, 0.015], [3244.53, 1.956], [3244.52, 0.529], [3244.51, 1.009], [3244.5, 1.052], [3244.49, 1.78]], "asks": [[3244.74, 49.139], [3244.75, 0.025], [3244.77, 0.038], [3244.78, 0.042], [3244.8, 3.657], [3244.81, 11.016], [3244.82, 0.091], [3244.83, 0.631], [3244.84, 0.099], [3244.85, 0.123], [3244.86, 0.015], [3244.87, 0.038], [3244.88, 0.61], [3244.89, 1.569], [3244.9, 0.754], [3244.91, 0.277], [3244.92, 0.343], [3244.93, 0.058], [3244.94, 0.037], [3244.95, 2.956]], "timestamp": "2025-12-12T09:14:14.011756+00:00"}, {"symbol": "ETHUSDT", "bids": [[3246.23, 31.488], [3246.22, 0.982], [3246.21, 0.007], [3246.2, 0.007], [3246.19, 0.02], [3246.18, 0.046], [3246.17, 0.304], [3246.15, 0.021], [3246.13, 0.048], [3246.12, 0.021], [3246.11, 0.025], [3246.1, 0.007], [3246.09, 0.008], [3246.08, 0.013], [3246.07, 0.038], [3246.06, 1.254], [3246.05, 0.014], [3246.03, 0.06], [3246.02, 0.244], [3246.01, 0.054]], "asks": [[3246.24, 189.126], [3246.25, 0.784], [3246.26, 0.877], [3246.27, 1.658], [3246.29, 0.053], [3246.3, 0.721], [3246.31, 0.008], [3246.32, 0.013], [3246.33, 0.059], [3246.34, 1.248], [3246.35, 0.013], [3246.36, 0.022], [3246.37, 0.038], [3246.38, 0.256], [3246.39, 0.771], [3246.4, 11.384], [3246.41, 1.322], [3246.42, 0.051], [3246.43, 0.779], [3246.44, 0.605]], "timestamp": "2025-12-12T09:15:06.982484+00:00"}, {"symbol": "ETHUSDT", "bids": [[3245.85, 96.417], [3245.84, 0.092], [3245.82, 0.821], [3245.8, 0.053], [3245.79, 0.008], [3245.78, 0.008], [3245.77, 0.013], [3245.76, 0.123], [3245.75, 0.013], [3245.74, 0.018], [3245.73, 0.008], [3245.72, 0.038], [3245.71, 0.021], [3245.7, 0.022], [3245.68, 1.333], [3245.67, 0.015], [3245.66, 0.008], [3245.65, 0.007], [3245.64, 0.023], [3245.63, 0.022]], "asks": [[3245.86, 57.204], [3245.87, 0.052], [3245.88, 0.007], [3245.89, 0.153], [3245.9, 0.008], [3245.91, 0.047], [3245.92, 0.007], [3245.93, 0.042], [3245.94, 0.016], [3245.95, 0.232], [3245.96, 0.16], [3245.97, 0.673], [3245.98, 1.548], [3245.99, 0.059], [3246.0, 0.888], [3246.01, 0.139], [3246.02, 0.03], [3246.03, 0.046], [3246.04, 0.008], [3246.05, 0.068]], "timestamp": "2025-12-12T09:15:59.791984+00:00"}, {"symbol": "ETHUSDT", "bids": [[3246.19, 76.108], [3246.18, 0.04], [3246.17, 0.007], [3246.16, 0.042], [3246.15, 0.046], [3246.14, 0.015], [3246.13, 0.007], [3246.12, 0.09], [3246.11, 0.053], [3246.1, 0.007], [3246.08, 0.028], [3246.07, 0.163], [3246.06, 0.007], [3246.05, 0.045], [3246.04, 18.444], [3246.02, 0.02], [3246.01, 0.327], [3246.0, 0.035], [3245.99, 0.095], [3245.98, 0.008]], "asks": [[3246.2, 123.033], [3246.21, 0.087], [3246.22, 0.015], [3246.23, 0.024], [3246.24, 2.325], [3246.25, 0.015], [3246.26, 1.321], [3246.27, 1.675], [3246.28, 0.339], [3246.29, 0.117], [3246.3, 1.107], [3246.31, 0.051], [3246.32, 0.513], [3246.33, 0.976], [3246.34, 0.046], [3246.35, 1.583], [3246.36, 0.322], [3246.37, 3.442], [3246.38, 1.111], [3246.39, 0.28]], "timestamp": "2025-12-12T09:16:53.389146+00:00"}, {"symbol": "ETHUSDT", "bids": [[3246.24, 39.592], [3246.23, 0.014], [3246.21, 0.007], [3246.2, 0.008], [3246.19, 0.038], [3246.18, 0.215], [3246.17, 0.02], [3246.16, 0.008], [3246.15, 0.056], [3246.14, 0.016], [3246.13, 0.188], [3246.12, 0.014], [3246.11, 0.336], [3246.1, 0.429], [3246.08, 0.065], [3246.07, 0.025], [3246.06, 0.8], [3246.05, 0.698], [3246.04, 0.322], [3246.03, 10.552]], "asks": [[3246.25, 34.289], [3246.26, 0.233], [3246.28, 0.01], [3246.29, 0.02], [3246.3, 0.082], [3246.31, 0.038], [3246.32, 0.048], [3246.33, 0.031], [3246.34, 0.363], [3246.35, 0.358], [3246.36, 0.73], [3246.37, 0.008], [3246.38, 0.007], [3246.39, 0.604], [3246.4, 0.593], [3246.41, 4.629], [3246.42, 7.843], [3246.44, 0.059], [3246.45, 0.932], [3246.46, 0.321]], "timestamp": "2025-12-12T09:17:46.289937+00:00"}, {"symbol": "ETHUSDT", "bids": [[3247.82, 8.15], [3247.81, 0.376], [3247.8, 0.007], [3247.79, 0.007], [3247.77, 0.123], [3247.76, 0.015], [3247.75, 0.007], [3247.73, 0.053], [3247.72, 0.007], [3247.71, 0.01], [3247.7, 0.022], [3247.69, 0.053], [3247.68, 0.327], [3247.67, 0.008], [3247.66, 0.166], [3247.65, 0.068], [3247.64, 0.029], [3247.63, 0.015], [3247.62, 0.02], [3247.61, 0.358]], "asks": [[3247.83, 55.364], [3247.84, 0.014], [3247.85, 1.24], [3247.86, 0.664], [3247.87, 0.102], [3247.88, 8.203], [3247.89, 0.783], [3247.9, 0.024], [3247.91, 9.86], [3247.92, 0.145], [3247.93, 0.053], [3247.95, 0.528], [3247.96, 0.047], [3247.97, 1.321], [3247.98, 0.322], [3247.99, 1.057], [3248.0, 30.879], [3248.01, 0.357], [3248.02, 2.318], [3248.03, 0.007]], "timestamp": "2025-12-12T09:18:39.772834+00:00"}, {"symbol": "ETHUSDT", "bids": [[3248.5, 133.52], [3248.49, 0.674], [3248.48, 0.077], [3248.47, 0.081], [3248.46, 0.015], [3248.45, 0.112], [3248.44, 0.036], [3248.43, 3.975], [3248.41, 0.347], [3248.4, 0.229], [3248.39, 0.045], [3248.38, 0.021], [3248.37, 0.007], [3248.36, 1.252], [3248.35, 0.022], [3248.34, 0.272], [3248.33, 0.007], [3248.32, 0.018], [3248.31, 0.02], [3248.3, 0.401]], "asks": [[3248.51, 154.766], [3248.52, 0.085], [3248.53, 0.008], [3248.55, 0.176], [3248.56, 0.053], [3248.59, 0.028], [3248.6, 0.045], [3248.61, 0.463], [3248.62, 1.48], [3248.63, 1.539], [3248.64, 0.03], [3248.65, 0.783], [3248.67, 13.821], [3248.68, 0.115], [3248.7, 3.831], [3248.71, 0.094], [3248.72, 1.339], [3248.73, 3.09], [3248.74, 8.029], [3248.75, 25.382]], "timestamp": "2025-12-12T09:19:32.889623+00:00"}, {"symbol": "ETHUSDT", "bids": [[3245.13, 70.717], [3245.12, 0.045], [3245.11, 0.008], [3245.1, 0.741], [3245.09, 0.015], [3245.08, 0.676], [3245.07, 1.241], [3245.06, 0.041], [3245.05, 0.024], [3245.04, 0.071], [3245.03, 0.03], [3245.02, 0.58], [3245.01, 0.764], [3245.0, 16.764], [3244.99, 0.308], [3244.98, 0.318], [3244.97, 1.524], [3244.96, 0.353], [3244.95, 0.402], [3244.94, 1.263]], "asks": [[3245.14, 237.578], [3245.15, 0.04], [3245.16, 0.014], [3245.17, 0.062], [3245.19, 0.015], [3245.2, 0.014], [3245.21, 0.038], [3245.22, 0.028], [3245.24, 0.011], [3245.25, 1.283], [3245.27, 0.007], [3245.28, 0.021], [3245.3, 0.053], [3245.31, 0.02], [3245.32, 0.007], [3245.33, 0.021], [3245.34, 0.2], [3245.35, 0.345], [3245.36, 0.021], [3245.37, 0.012]], "timestamp": "2025-12-12T09:20:26.362349+00:00"}, {"symbol": "ETHUSDT", "bids": [[3247.15, 36.643], [3247.14, 0.091], [3247.11, 0.092], [3247.1, 0.747], [3247.09, 0.046], [3247.08, 0.473], [3247.07, 0.007], [3247.06, 0.008], [3247.04, 0.066], [3247.03, 0.008], [3247.02, 0.93], [3247.01, 0.027], [3247.0, 0.013], [3246.99, 1.295], [3246.98, 1.277], [3246.97, 0.041], [3246.96, 2.123], [3246.95, 0.051], [3246.94, 0.026], [3246.93, 0.329]], "asks": [[3247.16, 70.972], [3247.17, 0.223], [3247.18, 0.844], [3247.19, 1.055], [3247.2, 0.055], [3247.21, 0.072], [3247.22, 1.268], [3247.23, 0.079], [3247.24, 0.031], [3247.25, 0.038], [3247.26, 0.161], [3247.27, 0.035], [3247.29, 0.066], [3247.3, 1.256], [3247.31, 0.007], [3247.32, 0.043], [3247.33, 1.403], [3247.34, 0.02], [3247.35, 0.028], [3247.36, 0.056]], "timestamp": "2025-12-12T09:21:19.520286+00:00"}, {"symbol": "ETHUSDT", "bids": [[3243.53, 1.389], [3243.52, 0.084], [3243.51, 0.029], [3243.5, 0.008], [3243.49, 0.268], [3243.48, 0.098], [3243.47, 0.053], [3243.45, 0.084], [3243.44, 0.362], [3243.43, 0.086], [3243.42, 0.62], [3243.41, 0.572], [3243.4, 0.385], [3243.39, 0.033], [3243.38, 0.015], [3243.37, 0.01], [3243.36, 0.211], [3243.35, 0.007], [3243.34, 0.806], [3243.33, 0.663]], "asks": [[3243.54, 167.632], [3243.55, 2.745], [3243.57, 0.024], [3243.58, 2.813], [3243.59, 0.008], [3243.6, 0.021], [3243.62, 13.671], [3243.65, 0.021], [3243.67, 0.062], [3243.68, 1.247], [3243.69, 0.624], [3243.7, 0.02], [3243.71, 0.325], [3243.72, 1.748], [3243.73, 0.09], [3243.74, 1.164], [3243.75, 0.915], [3243.76, 1.303], [3243.79, 0.035], [3243.8, 0.038]], "timestamp": "2025-12-12T09:22:13.045573+00:00"}, {"symbol": "ETHUSDT", "bids": [[3242.01, 0.915], [3242.0, 6.278], [3241.99, 0.008], [3241.98, 0.116], [3241.97, 0.061], [3241.96, 0.046], [3241.94, 0.147], [3241.93, 0.008], [3241.92, 0.052], [3241.91, 0.013], [3241.9, 0.135], [3241.89, 0.008], [3241.88, 0.641], [3241.87, 0.01], [3241.86, 0.015], [3241.85, 0.013], [3241.84, 0.038], [3241.83, 0.33], [3241.82, 0.007], [3241.81, 10.921]], "asks": [[3242.02, 151.1], [3242.03, 0.018], [3242.04, 1.286], [3242.05, 0.897], [3242.07, 0.046], [3242.08, 0.008], [3242.09, 0.008], [3242.1, 0.035], [3242.11, 0.038], [3242.12, 1.247], [3242.13, 0.008], [3242.15, 0.029], [3242.16, 0.008], [3242.17, 0.038], [3242.18, 3.001], [3242.19, 0.516], [3242.2, 0.014], [3242.21, 0.038], [3242.22, 1.242], [3242.24, 0.016]], "timestamp": "2025-12-12T09:23:06.004386+00:00"}, {"symbol": "ETHUSDT", "bids": [[3244.15, 109.196], [3244.14, 3.091], [3244.13, 0.007], [3244.11, 0.092], [3244.1, 0.381], [3244.08, 0.02], [3244.07, 0.008], [3244.06, 14.74], [3244.05, 0.109], [3244.04, 0.021], [3244.03, 0.007], [3244.01, 0.173], [3244.0, 14.212], [3243.99, 4.095], [3243.98, 0.028], [3243.97, 0.035], [3243.95, 0.743], [3243.94, 0.562], [3243.93, 1.386], [3243.92, 2.788]], "asks": [[3244.16, 57.37], [3244.17, 0.046], [3244.18, 0.008], [3244.19, 0.929], [3244.2, 0.022], [3244.21, 0.016], [3244.23, 0.008], [3244.24, 0.058], [3244.25, 0.007], [3244.26, 0.379], [3244.27, 0.013], [3244.28, 1.271], [3244.29, 0.015], [3244.3, 0.651], [3244.31, 0.611], [3244.32, 1.952], [3244.33, 0.027], [3244.34, 1.402], [3244.35, 0.402], [3244.36, 0.455]], "timestamp": "2025-12-12T09:23:59.748157+00:00"}, {"symbol": "ETHUSDT", "bids": [[3244.66, 0.46], [3244.65, 0.014], [3244.63, 0.007], [3244.61, 0.046], [3244.6, 0.733], [3244.59, 0.02], [3244.58, 0.008], [3244.57, 0.324], [3244.56, 0.176], [3244.55, 0.059], [3244.53, 0.007], [3244.52, 0.102], [3244.51, 0.038], [3244.5, 0.038], [3244.49, 0.008], [3244.48, 0.97], [3244.47, 0.355], [3244.46, 5.023], [3244.45, 0.049], [3244.43, 0.013]], "asks": [[3244.67, 168.172], [3244.68, 0.035], [3244.69, 0.046], [3244.7, 0.014], [3244.71, 0.427], [3244.72, 1.274], [3244.73, 0.054], [3244.74, 0.007], [3244.75, 0.073], [3244.76, 0.045], [3244.77, 0.042], [3244.78, 0.029], [3244.8, 1.321], [3244.81, 0.021], [3244.83, 0.17], [3244.84, 1.196], [3244.85, 0.008], [3244.86, 0.058], [3244.87, 0.009], [3244.88, 0.021]], "timestamp": "2025-12-12T09:24:53.712835+00:00"}, {"symbol": "ETHUSDT", "bids": [[3245.01, 49.273], [3245.0, 22.813], [3244.99, 0.806], [3244.98, 0.007], [3244.97, 1.507], [3244.96, 0.067], [3244.95, 0.015], [3244.94, 0.007], [3244.93, 0.013], [3244.92, 0.669], [3244.91, 0.007], [3244.9, 0.253], [3244.89, 0.021], [3244.88, 0.122], [3244.87, 0.027], [3244.86, 0.016], [3244.85, 0.282], [3244.84, 0.038], [3244.83, 0.038], [3244.82, 0.132]], "asks": [[3245.02, 27.231], [3245.03, 0.599], [3245.04, 1.248], [3245.06, 0.015], [3245.07, 0.033], [3245.08, 0.493], [3245.09, 0.133], [3245.1, 0.058], [3245.11, 1.54], [3245.12, 0.033], [3245.13, 0.122], [3245.14, 0.013], [3245.15, 0.008], [3245.16, 0.342], [3245.17, 0.211], [3245.18, 0.008], [3245.19, 0.028], [3245.2, 0.025], [3245.21, 1.304], [3245.22, 0.031]], "timestamp": "2025-12-12T09:25:47.576255+00:00"}, {"symbol": "ETHUSDT", "bids": [[3243.93, 10.065], [3243.92, 0.007], [3243.91, 10.015], [3243.9, 0.024], [3243.89, 0.021], [3243.88, 0.007], [3243.87, 0.3], [3243.86, 0.016], [3243.85, 0.021], [3243.84, 0.032], [3243.83, 0.051], [3243.82, 0.092], [3243.81, 0.035], [3243.8, 0.013], [3243.79, 0.008], [3243.78, 0.061], [3243.77, 0.007], [3243.76, 0.029], [3243.75, 0.007], [3243.74, 0.038]], "asks": [[3243.94, 191.049], [3243.95, 4.136], [3243.97, 0.01], [3243.98, 24.667], [3243.99, 7.58], [3244.0, 3.836], [3244.01, 2.521], [3244.02, 2.334], [3244.03, 0.082], [3244.04, 0.018], [3244.05, 0.338], [3244.06, 0.323], [3244.07, 0.188], [3244.08, 1.244], [3244.09, 0.016], [3244.1, 0.689], [3244.11, 0.045], [3244.12, 0.023], [3244.13, 0.02], [3244.15, 1.307]], "timestamp": "2025-12-12T09:26:41.131660+00:00"}, {"symbol": "ETHUSDT", "bids": [[3242.02, 51.847], [3242.01, 0.296], [3242.0, 1.133], [3241.99, 0.008], [3241.98, 0.172], [3241.97, 0.022], [3241.96, 0.021], [3241.95, 0.007], [3241.94, 0.247], [3241.93, 0.007], [3241.92, 0.23], [3241.91, 0.353], [3241.9, 0.143], [3241.89, 0.061], [3241.88, 1.737], [3241.86, 5.778], [3241.85, 0.061], [3241.84, 0.134], [3241.83, 1.807], [3241.82, 0.785]], "asks": [[3242.03, 81.869], [3242.04, 0.015], [3242.07, 0.008], [3242.08, 0.046], [3242.09, 0.077], [3242.1, 0.021], [3242.11, 0.624], [3242.12, 1.272], [3242.14, 0.021], [3242.15, 0.733], [3242.16, 0.038], [3242.17, 0.021], [3242.19, 1.396], [3242.2, 0.051], [3242.21, 0.008], [3242.22, 0.478], [3242.24, 1.504], [3242.25, 0.623], [3242.26, 0.29], [3242.27, 1.601]], "timestamp": "2025-12-12T09:27:34.350876+00:00"}, {"symbol": "ETHUSDT", "bids": [[3240.0, 428.875], [3239.99, 0.362], [3239.98, 0.028], [3239.97, 0.097], [3239.96, 0.058], [3239.95, 0.008], [3239.94, 0.008], [3239.93, 0.189], [3239.92, 0.529], [3239.9, 0.646], [3239.89, 0.01], [3239.88, 0.073], [3239.87, 0.237], [3239.85, 0.038], [3239.84, 4.499], [3239.83, 14.736], [3239.82, 0.013], [3239.81, 0.022], [3239.8, 0.14], [3239.79, 0.293]], "asks": [[3240.01, 134.445], [3240.02, 0.447], [3240.03, 0.952], [3240.05, 0.007], [3240.06, 3.333], [3240.07, 0.04], [3240.08, 0.007], [3240.09, 0.028], [3240.1, 0.023], [3240.11, 0.015], [3240.12, 1.601], [3240.14, 0.021], [3240.15, 0.065], [3240.16, 0.602], [3240.17, 0.154], [3240.18, 0.014], [3240.19, 1.587], [3240.2, 0.028], [3240.22, 0.045], [3240.23, 0.097]], "timestamp": "2025-12-12T09:28:27.424916+00:00"}, {"symbol": "ETHUSDT", "bids": [[3238.19, 24.74], [3238.18, 0.045], [3238.17, 0.037], [3238.15, 0.007], [3238.14, 0.084], [3238.13, 0.045], [3238.12, 0.174], [3238.1, 1.236], [3238.09, 0.008], [3238.08, 0.669], [3238.07, 0.008], [3238.06, 0.008], [3238.05, 0.02], [3238.04, 0.106], [3238.03, 0.008], [3238.02, 0.784], [3238.01, 3.513], [3238.0, 17.153], [3237.99, 1.572], [3237.97, 0.583]], "asks": [[3238.2, 62.794], [3238.21, 7.299], [3238.22, 0.008], [3238.24, 0.008], [3238.25, 0.053], [3238.26, 0.008], [3238.27, 0.084], [3238.28, 0.028], [3238.29, 0.352], [3238.3, 0.166], [3238.31, 0.027], [3238.32, 0.015], [3238.33, 0.382], [3238.34, 1.272], [3238.35, 0.903], [3238.37, 0.038], [3238.38, 0.052], [3238.4, 3.599], [3238.41, 2.189], [3238.42, 0.346]], "timestamp": "2025-12-12T09:29:20.673138+00:00"}, {"symbol": "ETHUSDT", "bids": [[3233.44, 132.617], [3233.43, 0.017], [3233.42, 0.008], [3233.4, 0.084], [3233.39, 0.627], [3233.38, 0.997], [3233.37, 1.469], [3233.36, 0.077], [3233.35, 0.008], [3233.34, 0.051], [3233.33, 0.045], [3233.32, 0.062], [3233.31, 3.477], [3233.3, 0.507], [3233.29, 1.009], [3233.28, 12.452], [3233.27, 52.668], [3233.26, 0.056], [3233.25, 0.689], [3233.24, 2.119]], "asks": [[3233.45, 26.109], [3233.46, 0.253], [3233.5, 0.046], [3233.52, 0.2], [3233.53, 0.021], [3233.54, 0.038], [3233.55, 0.014], [3233.56, 0.021], [3233.57, 0.008], [3233.59, 0.008], [3233.6, 0.058], [3233.62, 0.008], [3233.63, 0.02], [3233.64, 0.038], [3233.65, 0.035], [3233.66, 0.015], [3233.68, 0.06], [3233.69, 0.008], [3233.7, 0.119], [3233.71, 0.013]], "timestamp": "2025-12-12T09:30:13.410041+00:00"}, {"symbol": "ETHUSDT", "bids": [[3238.07, 43.555], [3238.06, 0.014], [3238.05, 0.018], [3238.04, 0.008], [3238.03, 0.045], [3238.02, 2.805], [3238.01, 0.029], [3238.0, 1.242], [3237.99, 0.053], [3237.98, 0.021], [3237.97, 0.015], [3237.96, 3.649], [3237.94, 0.069], [3237.93, 0.084], [3237.92, 0.028], [3237.91, 0.027], [3237.9, 0.072], [3237.89, 0.008], [3237.88, 0.02], [3237.87, 0.076]], "asks": [[3238.08, 52.76], [3238.09, 0.015], [3238.1, 0.402], [3238.11, 0.007], [3238.12, 1.317], [3238.13, 0.316], [3238.14, 6.65], [3238.15, 0.016], [3238.16, 0.145], [3238.17, 1.544], [3238.19, 0.059], [3238.2, 0.038], [3238.21, 0.015], [3238.22, 0.021], [3238.24, 0.045], [3238.25, 1.264], [3238.26, 0.007], [3238.28, 0.059], [3238.3, 0.214], [3238.31, 0.836]], "timestamp": "2025-12-12T09:31:06.023752+00:00"}, {"symbol": "ETHUSDT", "bids": [[3237.61, 43.522], [3237.6, 1.318], [3237.58, 0.031], [3237.56, 0.046], [3237.55, 0.007], [3237.54, 3.328], [3237.53, 1.244], [3237.52, 0.048], [3237.51, 0.032], [3237.5, 0.447], [3237.48, 16.575], [3237.47, 0.021], [3237.46, 0.387], [3237.45, 4.254], [3237.44, 0.722], [3237.43, 3.721], [3237.42, 4.13], [3237.41, 3.69], [3237.4, 0.646], [3237.39, 8.913]], "asks": [[3237.62, 2.886], [3237.63, 0.046], [3237.67, 0.046], [3237.69, 0.077], [3237.7, 0.021], [3237.71, 0.038], [3237.72, 0.016], [3237.73, 0.021], [3237.75, 0.016], [3237.76, 1.995], [3237.77, 7.108], [3237.78, 30.065], [3237.79, 0.036], [3237.8, 1.839], [3237.81, 0.028], [3237.82, 0.448], [3237.84, 0.289], [3237.85, 0.265], [3237.86, 0.272], [3237.87, 0.364]], "timestamp": "2025-12-12T09:31:59.659990+00:00"}, {"symbol": "ETHUSDT", "bids": [[3239.38, 47.618], [3239.37, 0.084], [3239.36, 0.008], [3239.35, 0.007], [3239.34, 0.038], [3239.33, 0.008], [3239.32, 0.022], [3239.3, 1.255], [3239.29, 0.015], [3239.28, 0.01], [3239.27, 0.205], [3239.26, 0.015], [3239.25, 0.014], [3239.24, 0.02], [3239.23, 0.046], [3239.22, 0.008], [3239.21, 2.177], [3239.2, 0.07], [3239.19, 0.227], [3239.18, 0.008]], "asks": [[3239.39, 63.223], [3239.4, 0.659], [3239.43, 0.115], [3239.44, 0.008], [3239.46, 0.625], [3239.47, 0.029], [3239.48, 0.404], [3239.49, 1.543], [3239.5, 0.475], [3239.51, 0.021], [3239.52, 8.03], [3239.53, 0.008], [3239.54, 0.285], [3239.55, 1.472], [3239.56, 0.188], [3239.57, 0.374], [3239.58, 0.387], [3239.59, 0.027], [3239.6, 1.299], [3239.61, 5.245]], "timestamp": "2025-12-12T09:32:52.542020+00:00"}, {"symbol": "ETHUSDT", "bids": [[3239.17, 193.098], [3239.16, 1.294], [3239.13, 0.656], [3239.12, 0.046], [3239.11, 12.765], [3239.1, 0.036], [3239.09, 3.887], [3239.08, 0.129], [3239.07, 0.014], [3239.06, 0.021], [3239.05, 0.8], [3239.04, 1.35], [3239.03, 4.948], [3239.01, 1.124], [3239.0, 1.14], [3238.99, 0.056], [3238.98, 0.014], [3238.97, 24.766], [3238.96, 1.894], [3238.95, 3.407]], "asks": [[3239.18, 31.199], [3239.19, 0.029], [3239.2, 0.287], [3239.21, 0.686], [3239.22, 3.175], [3239.23, 0.316], [3239.24, 0.015], [3239.25, 0.022], [3239.26, 0.1], [3239.27, 0.325], [3239.28, 0.362], [3239.29, 0.31], [3239.3, 0.375], [3239.31, 0.324], [3239.33, 0.376], [3239.34, 0.581], [3239.35, 0.007], [3239.36, 0.522], [3239.37, 0.155], [3239.38, 0.014]], "timestamp": "2025-12-12T09:33:45.893144+00:00"}, {"symbol": "ETHUSDT", "bids": [[3239.08, 90.499], [3239.07, 0.048], [3239.06, 0.045], [3239.04, 0.069], [3239.03, 0.022], [3239.02, 1.383], [3239.01, 1.248], [3239.0, 0.053], [3238.99, 0.008], [3238.98, 0.9], [3238.97, 0.013], [3238.96, 0.008], [3238.95, 0.045], [3238.94, 0.104], [3238.93, 0.021], [3238.91, 0.066], [3238.9, 2.351], [3238.89, 2.901], [3238.88, 0.007], [3238.87, 9.085]], "asks": [[3239.09, 53.403], [3239.1, 0.067], [3239.11, 0.015], [3239.12, 0.528], [3239.13, 1.3], [3239.14, 0.038], [3239.15, 0.022], [3239.16, 0.007], [3239.17, 0.013], [3239.18, 0.05], [3239.19, 0.034], [3239.2, 1.566], [3239.21, 0.975], [3239.22, 3.167], [3239.23, 0.313], [3239.24, 0.028], [3239.25, 0.024], [3239.26, 0.013], [3239.27, 0.022], [3239.28, 0.065]], "timestamp": "2025-12-12T09:34:38.841601+00:00"}, {"symbol": "ETHUSDT", "bids": [[3241.3, 1.004], [3241.29, 0.014], [3241.28, 0.814], [3241.26, 0.465], [3241.25, 0.103], [3241.23, 0.102], [3241.22, 0.154], [3241.2, 0.022], [3241.19, 0.021], [3241.17, 0.038], [3241.16, 0.008], [3241.13, 0.152], [3241.12, 0.046], [3241.11, 0.462], [3241.1, 0.756], [3241.09, 0.015], [3241.08, 0.048], [3241.07, 0.021], [3241.06, 0.308], [3241.05, 0.968]], "asks": [[3241.31, 89.686], [3241.32, 4.426], [3241.33, 4.604], [3241.34, 0.008], [3241.35, 0.007], [3241.36, 0.663], [3241.37, 0.008], [3241.38, 0.89], [3241.39, 1.248], [3241.4, 0.067], [3241.41, 0.029], [3241.42, 0.013], [3241.43, 0.008], [3241.44, 6.22], [3241.45, 1.772], [3241.46, 10.681], [3241.47, 4.865], [3241.48, 1.18], [3241.49, 0.015], [3241.5, 0.473]], "timestamp": "2025-12-12T09:35:32.492157+00:00"}, {"symbol": "ETHUSDT", "bids": [[3239.58, 54.296], [3239.57, 0.045], [3239.56, 1.5], [3239.55, 0.022], [3239.54, 0.015], [3239.53, 0.038], [3239.52, 0.007], [3239.51, 1.263], [3239.49, 0.055], [3239.48, 0.015], [3239.47, 0.013], [3239.46, 0.008], [3239.45, 0.387], [3239.44, 0.051], [3239.43, 0.019], [3239.42, 0.028], [3239.41, 0.007], [3239.4, 0.052], [3239.39, 0.028], [3239.38, 1.273]], "asks": [[3239.59, 136.931], [3239.6, 4.463], [3239.61, 0.038], [3239.63, 3.337], [3239.64, 0.107], [3239.65, 0.15], [3239.66, 0.007], [3239.67, 3.331], [3239.68, 4.243], [3239.69, 0.038], [3239.7, 6.189], [3239.71, 7.111], [3239.72, 0.367], [3239.73, 1.589], [3239.74, 0.029], [3239.75, 1.41], [3239.76, 0.035], [3239.77, 1.273], [3239.78, 0.02], [3239.79, 0.057]], "timestamp": "2025-12-12T09:36:26.185379+00:00"}, {"symbol": "ETHUSDT", "bids": [[3237.38, 0.545], [3237.37, 0.045], [3237.36, 0.015], [3237.35, 0.056], [3237.34, 0.007], [3237.33, 0.059], [3237.3, 0.046], [3237.29, 0.045], [3237.28, 0.025], [3237.27, 0.068], [3237.26, 0.007], [3237.25, 0.06], [3237.24, 0.084], [3237.23, 0.137], [3237.22, 4.76], [3237.21, 0.632], [3237.2, 0.017], [3237.19, 0.031], [3237.18, 0.007], [3237.17, 0.07]], "asks": [[3237.39, 166.745], [3237.4, 0.014], [3237.42, 0.077], [3237.43, 4.069], [3237.44, 1.073], [3237.45, 1.358], [3237.46, 10.665], [3237.47, 1.258], [3237.48, 24.791], [3237.49, 0.029], [3237.5, 0.007], [3237.51, 0.015], [3237.52, 0.028], [3237.53, 0.077], [3237.54, 1.565], [3237.55, 0.046], [3237.56, 0.778], [3237.57, 0.321], [3237.58, 0.008], [3237.6, 0.149]], "timestamp": "2025-12-12T09:37:19.194157+00:00"}, {"symbol": "ETHUSDT", "bids": [[3238.37, 72.945], [3238.36, 0.021], [3238.35, 1.365], [3238.34, 0.046], [3238.33, 0.008], [3238.32, 4.701], [3238.31, 20.377], [3238.3, 0.083], [3238.29, 0.118], [3238.28, 0.008], [3238.27, 0.013], [3238.26, 0.02], [3238.25, 1.257], [3238.24, 0.122], [3238.22, 0.028], [3238.21, 0.703], [3238.2, 1.4], [3238.19, 0.046], [3238.18, 0.011], [3238.17, 1.343]], "asks": [[3238.38, 47.768], [3238.39, 0.023], [3238.4, 0.007], [3238.41, 0.122], [3238.43, 0.015], [3238.44, 0.007], [3238.45, 0.056], [3238.46, 0.638], [3238.47, 0.324], [3238.48, 0.018], [3238.49, 0.059], [3238.5, 0.021], [3238.51, 0.014], [3238.52, 0.098], [3238.53, 0.038], [3238.54, 0.018], [3238.55, 0.02], [3238.56, 6.314], [3238.57, 0.643], [3238.58, 0.013]], "timestamp": "2025-12-12T09:38:12.323489+00:00"}, {"symbol": "ETHUSDT", "bids": [[3237.82, 63.997], [3237.81, 1.187], [3237.8, 0.763], [3237.79, 2.904], [3237.78, 0.154], [3237.77, 1.282], [3237.75, 0.02], [3237.74, 0.008], [3237.73, 0.008], [3237.72, 0.008], [3237.71, 0.08], [3237.7, 0.007], [3237.69, 0.034], [3237.67, 0.023], [3237.66, 1.606], [3237.65, 0.028], [3237.64, 0.308], [3237.63, 0.008], [3237.62, 0.051], [3237.61, 0.092]], "asks": [[3237.83, 54.618], [3237.84, 0.028], [3237.85, 0.038], [3237.86, 1.544], [3237.87, 0.008], [3237.88, 0.064], [3237.89, 0.038], [3237.9, 0.109], [3237.91, 7.574], [3237.92, 5.081], [3237.93, 0.046], [3237.94, 0.418], [3237.96, 1.262], [3237.98, 0.331], [3237.99, 0.318], [3238.0, 0.599], [3238.01, 0.365], [3238.02, 0.31], [3238.03, 0.013], [3238.04, 2.068]], "timestamp": "2025-12-12T09:39:05.892818+00:00"}, {"symbol": "ETHUSDT", "bids": [[3236.89, 163.634], [3236.88, 0.07], [3236.87, 0.008], [3236.86, 0.007], [3236.85, 0.045], [3236.84, 0.015], [3236.83, 0.007], [3236.81, 0.059], [3236.8, 0.021], [3236.79, 0.013], [3236.78, 0.643], [3236.77, 1.358], [3236.76, 0.035], [3236.75, 0.021], [3236.74, 0.008], [3236.73, 0.008], [3236.72, 0.008], [3236.71, 0.013], [3236.7, 1.388], [3236.69, 0.863]], "asks": [[3236.9, 82.736], [3236.91, 0.106], [3236.92, 0.026], [3236.94, 0.616], [3236.95, 0.104], [3236.96, 0.053], [3236.97, 0.021], [3236.98, 0.028], [3236.99, 6.571], [3237.0, 11.675], [3237.01, 0.051], [3237.02, 0.021], [3237.04, 0.015], [3237.05, 0.051], [3237.06, 0.016], [3237.07, 0.013], [3237.08, 0.477], [3237.09, 0.021], [3237.1, 8.392], [3237.11, 20.0]], "timestamp": "2025-12-12T09:39:58.213918+00:00"}, {"symbol": "ETHUSDT", "bids": [[3237.76, 223.261], [3237.75, 0.021], [3237.73, 0.015], [3237.72, 0.038], [3237.71, 0.623], [3237.7, 2.29], [3237.69, 0.154], [3237.68, 0.059], [3237.67, 0.007], [3237.66, 0.315], [3237.65, 0.021], [3237.64, 0.045], [3237.63, 0.013], [3237.62, 0.046], [3237.61, 1.027], [3237.6, 3.949], [3237.59, 0.021], [3237.57, 1.743], [3237.56, 0.021], [3237.55, 2.245]], "asks": [[3237.77, 78.237], [3237.78, 0.014], [3237.79, 0.29], [3237.81, 1.582], [3237.82, 0.05], [3237.83, 0.077], [3237.84, 0.022], [3237.85, 0.065], [3237.87, 0.008], [3237.88, 0.02], [3237.89, 0.045], [3237.9, 0.022], [3237.91, 0.026], [3237.92, 8.164], [3237.93, 5.156], [3237.94, 0.013], [3237.95, 0.008], [3237.96, 0.027], [3237.97, 0.028], [3237.98, 0.013]], "timestamp": "2025-12-12T09:40:51.912587+00:00"}, {"symbol": "ETHUSDT", "bids": [[3239.49, 51.849], [3239.48, 0.105], [3239.46, 0.727], [3239.45, 1.439], [3239.44, 0.046], [3239.43, 0.016], [3239.42, 0.02], [3239.41, 0.008], [3239.4, 0.353], [3239.39, 1.611], [3239.38, 0.021], [3239.35, 0.059], [3239.34, 0.376], [3239.32, 0.021], [3239.31, 0.123], [3239.3, 0.017], [3239.29, 0.02], [3239.28, 0.015], [3239.27, 0.312], [3239.26, 0.786]], "asks": [[3239.5, 113.467], [3239.51, 0.007], [3239.52, 0.023], [3239.53, 0.038], [3239.54, 0.038], [3239.55, 0.007], [3239.56, 0.073], [3239.57, 0.12], [3239.58, 0.393], [3239.59, 0.456], [3239.6, 0.322], [3239.61, 0.076], [3239.62, 0.007], [3239.64, 0.176], [3239.65, 1.257], [3239.66, 0.267], [3239.67, 7.662], [3239.68, 3.867], [3239.69, 0.325], [3239.7, 0.051]], "timestamp": "2025-12-12T09:41:44.925807+00:00"}, {"symbol": "ETHUSDT", "bids": [[3241.0, 33.805], [3240.99, 1.401], [3240.98, 0.017], [3240.97, 0.087], [3240.96, 0.022], [3240.94, 0.042], [3240.93, 0.015], [3240.92, 0.013], [3240.91, 0.055], [3240.9, 0.05], [3240.89, 0.076], [3240.88, 0.028], [3240.87, 0.068], [3240.86, 0.059], [3240.85, 0.891], [3240.84, 0.041], [3240.83, 0.008], [3240.82, 0.064], [3240.81, 0.102], [3240.8, 0.161]], "asks": [[3241.01, 78.62], [3241.02, 0.076], [3241.04, 3.143], [3241.05, 0.639], [3241.06, 0.062], [3241.07, 1.235], [3241.08, 0.154], [3241.09, 0.021], [3241.1, 0.778], [3241.11, 20.007], [3241.12, 0.028], [3241.13, 1.235], [3241.14, 0.007], [3241.15, 4.236], [3241.16, 0.038], [3241.17, 0.308], [3241.18, 0.05], [3241.2, 0.046], [3241.21, 1.305], [3241.22, 0.085]], "timestamp": "2025-12-12T09:42:38.174437+00:00"}, {"symbol": "ETHUSDT", "bids": [[3240.89, 61.093], [3240.88, 0.021], [3240.87, 0.045], [3240.85, 0.085], [3240.84, 0.92], [3240.83, 0.399], [3240.82, 0.008], [3240.81, 0.02], [3240.8, 0.218], [3240.79, 0.059], [3240.78, 0.007], [3240.77, 0.015], [3240.76, 0.037], [3240.75, 0.014], [3240.74, 0.058], [3240.73, 0.021], [3240.71, 0.024], [3240.7, 0.051], [3240.69, 0.217], [3240.68, 0.316]], "asks": [[3240.9, 75.327], [3240.91, 1.286], [3240.94, 0.052], [3240.95, 0.038], [3240.96, 1.246], [3240.97, 0.008], [3240.98, 0.013], [3240.99, 0.038], [3241.0, 0.748], [3241.01, 0.013], [3241.02, 0.154], [3241.03, 1.449], [3241.04, 3.607], [3241.05, 1.304], [3241.06, 1.575], [3241.07, 0.008], [3241.08, 3.601], [3241.09, 3.749], [3241.1, 5.09], [3241.11, 3.359]], "timestamp": "2025-12-12T09:43:32.139879+00:00"}, {"symbol": "ETHUSDT", "bids": [[3239.92, 58.622], [3239.91, 0.007], [3239.9, 0.022], [3239.89, 1.88], [3239.88, 0.038], [3239.87, 0.022], [3239.86, 0.008], [3239.85, 1.242], [3239.84, 0.066], [3239.83, 0.007], [3239.81, 0.021], [3239.8, 0.017], [3239.79, 1.012], [3239.78, 0.143], [3239.77, 0.131], [3239.76, 3.777], [3239.75, 1.48], [3239.74, 0.092], [3239.73, 0.013], [3239.72, 0.617]], "asks": [[3239.93, 30.636], [3239.94, 0.021], [3239.95, 0.021], [3239.96, 1.515], [3239.97, 0.038], [3239.98, 0.015], [3239.99, 0.027], [3240.0, 0.486], [3240.01, 0.676], [3240.02, 0.014], [3240.03, 0.015], [3240.04, 0.021], [3240.05, 0.353], [3240.06, 0.193], [3240.07, 0.013], [3240.08, 0.007], [3240.09, 0.796], [3240.1, 0.9], [3240.11, 0.355], [3240.12, 0.028]], "timestamp": "2025-12-12T09:44:25.320276+00:00"}, {"symbol": "ETHUSDT", "bids": [[3240.99, 60.513], [3240.98, 0.021], [3240.96, 1.399], [3240.95, 0.008], [3240.94, 0.028], [3240.93, 0.007], [3240.92, 0.252], [3240.91, 0.015], [3240.9, 0.957], [3240.89, 0.028], [3240.88, 0.053], [3240.87, 1.265], [3240.86, 0.046], [3240.85, 0.013], [3240.84, 0.03], [3240.83, 0.021], [3240.82, 0.099], [3240.81, 0.042], [3240.8, 1.609], [3240.79, 1.299]], "asks": [[3241.0, 84.697], [3241.01, 0.014], [3241.02, 0.154], [3241.03, 0.402], [3241.04, 0.038], [3241.05, 0.94], [3241.06, 0.023], [3241.07, 0.008], [3241.08, 0.059], [3241.1, 1.559], [3241.11, 0.021], [3241.12, 0.007], [3241.13, 1.273], [3241.14, 0.021], [3241.16, 0.008], [3241.17, 0.028], [3241.18, 0.038], [3241.19, 4.884], [3241.2, 21.493], [3241.21, 2.251]], "timestamp": "2025-12-12T09:45:18.143049+00:00"}, {"symbol": "ETHUSDT", "bids": [[3240.39, 50.33], [3240.38, 0.059], [3240.37, 0.008], [3240.36, 0.007], [3240.34, 0.008], [3240.33, 0.884], [3240.32, 1.242], [3240.31, 0.059], [3240.3, 0.021], [3240.29, 0.036], [3240.28, 0.08], [3240.26, 0.007], [3240.25, 1.335], [3240.24, 0.016], [3240.22, 0.028], [3240.2, 0.039], [3240.19, 0.017], [3240.18, 1.293], [3240.17, 0.008], [3240.16, 0.945]], "asks": [[3240.4, 89.31], [3240.41, 20.014], [3240.42, 1.683], [3240.43, 2.742], [3240.44, 0.929], [3240.45, 0.015], [3240.48, 1.615], [3240.49, 0.008], [3240.5, 0.017], [3240.52, 0.059], [3240.53, 0.008], [3240.54, 1.708], [3240.55, 0.58], [3240.56, 0.023], [3240.57, 0.035], [3240.58, 1.596], [3240.59, 0.008], [3240.6, 0.061], [3240.61, 0.097], [3240.62, 0.038]], "timestamp": "2025-12-12T09:46:11.012851+00:00"}, {"symbol": "ETHUSDT", "bids": [[3240.56, 209.803], [3240.55, 0.014], [3240.54, 0.813], [3240.52, 0.045], [3240.51, 0.008], [3240.5, 7.843], [3240.49, 0.015], [3240.48, 0.991], [3240.46, 0.028], [3240.45, 0.015], [3240.44, 1.169], [3240.43, 38.717], [3240.42, 0.048], [3240.41, 0.154], [3240.4, 0.022], [3240.39, 0.045], [3240.38, 0.059], [3240.36, 1.243], [3240.35, 1.565], [3240.34, 0.007]], "asks": [[3240.57, 10.375], [3240.58, 0.045], [3240.59, 0.252], [3240.6, 0.046], [3240.61, 0.02], [3240.62, 0.055], [3240.63, 0.015], [3240.64, 0.926], [3240.65, 0.438], [3240.66, 0.028], [3240.67, 0.007], [3240.68, 0.008], [3240.69, 0.052], [3240.7, 0.022], [3240.71, 0.008], [3240.72, 0.015], [3240.73, 0.212], [3240.74, 0.269], [3240.75, 0.038], [3240.76, 0.622]], "timestamp": "2025-12-12T09:47:04.384609+00:00"}, {"symbol": "ETHUSDT", "bids": [[3242.27, 131.529], [3242.26, 0.021], [3242.25, 0.249], [3242.24, 0.038], [3242.23, 0.299], [3242.22, 2.587], [3242.21, 0.974], [3242.2, 0.297], [3242.19, 2.734], [3242.18, 8.083], [3242.17, 1.081], [3242.16, 4.117], [3242.15, 3.736], [3242.14, 1.404], [3242.13, 0.722], [3242.12, 0.442], [3242.11, 9.977], [3242.1, 0.464], [3242.09, 0.311], [3242.08, 1.463]], "asks": [[3242.28, 4.078], [3242.29, 0.258], [3242.3, 0.05], [3242.31, 2.622], [3242.32, 0.654], [3242.33, 0.265], [3242.34, 5.053], [3242.35, 20.066], [3242.36, 6.47], [3242.37, 0.181], [3242.38, 6.196], [3242.39, 0.838], [3242.4, 0.056], [3242.41, 1.247], [3242.42, 0.305], [3242.43, 3.9], [3242.44, 0.251], [3242.45, 0.808], [3242.46, 0.336], [3242.47, 0.862]], "timestamp": "2025-12-12T09:47:57.154425+00:00"}, {"symbol": "ETHUSDT", "bids": [[3242.22, 136.759], [3242.21, 66.672], [3242.2, 1.144], [3242.19, 0.346], [3242.18, 1.5], [3242.17, 0.015], [3242.16, 4.244], [3242.15, 2.241], [3242.14, 0.052], [3242.13, 0.105], [3242.12, 0.013], [3242.11, 0.008], [3242.1, 0.056], [3242.09, 1.272], [3242.08, 0.09], [3242.07, 0.015], [3242.06, 0.994], [3242.05, 0.059], [3242.04, 0.279], [3242.03, 0.007]], "asks": [[3242.23, 2.375], [3242.24, 0.064], [3242.25, 0.06], [3242.26, 0.022], [3242.27, 0.008], [3242.28, 0.085], [3242.29, 6.358], [3242.3, 6.22], [3242.31, 0.402], [3242.32, 0.112], [3242.33, 0.029], [3242.34, 27.156], [3242.35, 0.073], [3242.36, 0.935], [3242.37, 0.778], [3242.38, 0.042], [3242.39, 0.614], [3242.4, 9.748], [3242.41, 0.02], [3242.42, 0.312]], "timestamp": "2025-12-12T09:48:50.526165+00:00"}, {"symbol": "ETHUSDT", "bids": [[3244.49, 86.85], [3244.48, 0.469], [3244.47, 0.044], [3244.46, 1.053], [3244.45, 9.294], [3244.44, 1.684], [3244.43, 0.015], [3244.42, 1.373], [3244.41, 0.008], [3244.4, 0.06], [3244.39, 0.164], [3244.38, 0.175], [3244.37, 0.113], [3244.36, 0.015], [3244.35, 0.969], [3244.34, 0.059], [3244.33, 0.158], [3244.31, 0.014], [3244.3, 0.46], [3244.29, 1.233]], "asks": [[3244.5, 56.995], [3244.51, 2.342], [3244.52, 0.938], [3244.53, 1.749], [3244.54, 13.467], [3244.55, 84.273], [3244.56, 0.298], [3244.57, 3.207], [3244.58, 0.028], [3244.59, 0.076], [3244.6, 0.013], [3244.61, 0.193], [3244.62, 0.028], [3244.63, 3.968], [3244.64, 0.066], [3244.65, 1.254], [3244.66, 14.088], [3244.67, 2.34], [3244.68, 1.097], [3244.69, 0.082]], "timestamp": "2025-12-12T09:49:44.573110+00:00"}, {"symbol": "ETHUSDT", "bids": [[3250.47, 88.386], [3250.46, 0.059], [3250.45, 0.008], [3250.44, 0.029], [3250.42, 0.046], [3250.41, 0.314], [3250.4, 1.475], [3250.39, 0.053], [3250.38, 0.049], [3250.37, 0.02], [3250.36, 0.07], [3250.35, 0.4], [3250.34, 0.051], [3250.33, 0.015], [3250.32, 0.12], [3250.3, 0.114], [3250.29, 3.583], [3250.28, 0.615], [3250.27, 0.636], [3250.26, 0.893]], "asks": [[3250.48, 53.61], [3250.49, 0.007], [3250.5, 0.014], [3250.53, 0.008], [3250.54, 0.038], [3250.56, 20.098], [3250.58, 0.007], [3250.59, 0.059], [3250.6, 0.008], [3250.61, 0.015], [3250.62, 0.013], [3250.64, 0.046], [3250.65, 0.014], [3250.66, 0.013], [3250.67, 0.008], [3250.68, 0.038], [3250.69, 0.02], [3250.7, 0.015], [3250.71, 2.228], [3250.72, 0.03]], "timestamp": "2025-12-12T09:50:37.018927+00:00"}, {"symbol": "ETHUSDT", "bids": [[3252.16, 219.181], [3252.15, 15.337], [3252.14, 0.102], [3252.13, 0.095], [3252.11, 0.06], [3252.1, 0.023], [3252.09, 0.015], [3252.08, 0.013], [3252.06, 0.053], [3252.04, 0.028], [3252.03, 0.007], [3252.02, 0.028], [3252.01, 0.066], [3252.0, 0.035], [3251.99, 0.015], [3251.98, 3.358], [3251.97, 1.246], [3251.96, 0.058], [3251.94, 0.008], [3251.93, 18.474]], "asks": [[3252.17, 72.604], [3252.18, 1.102], [3252.19, 11.13], [3252.2, 0.224], [3252.21, 3.39], [3252.22, 0.045], [3252.23, 0.134], [3252.24, 0.207], [3252.25, 1.208], [3252.26, 0.053], [3252.27, 0.05], [3252.28, 1.893], [3252.3, 1.32], [3252.31, 0.8], [3252.32, 0.023], [3252.33, 0.028], [3252.34, 0.348], [3252.35, 0.013], [3252.36, 0.042], [3252.37, 0.007]], "timestamp": "2025-12-12T09:51:30.459694+00:00"}, {"symbol": "ETHUSDT", "bids": [[3248.19, 150.027], [3248.18, 0.007], [3248.17, 0.007], [3248.15, 0.739], [3248.14, 2.239], [3248.13, 0.922], [3248.12, 0.02], [3248.11, 0.015], [3248.1, 0.066], [3248.09, 0.01], [3248.08, 0.028], [3248.07, 0.015], [3248.06, 10.735], [3248.05, 0.021], [3248.03, 0.051], [3248.02, 0.066], [3248.01, 0.644], [3248.0, 0.014], [3247.99, 0.062], [3247.98, 0.336]], "asks": [[3248.2, 56.074], [3248.21, 0.653], [3248.22, 0.015], [3248.23, 0.62], [3248.24, 1.866], [3248.25, 0.05], [3248.26, 0.336], [3248.27, 0.045], [3248.28, 0.02], [3248.29, 0.015], [3248.3, 0.03], [3248.31, 0.038], [3248.32, 0.035], [3248.33, 1.015], [3248.35, 0.498], [3248.36, 0.148], [3248.37, 0.02], [3248.39, 0.983], [3248.4, 1.315], [3248.41, 0.007]], "timestamp": "2025-12-12T09:52:23.218862+00:00"}, {"symbol": "ETHUSDT", "bids": [[3248.96, 134.252], [3248.95, 0.036], [3248.94, 0.517], [3248.93, 1.24], [3248.92, 0.007], [3248.91, 0.021], [3248.9, 0.053], [3248.89, 0.028], [3248.87, 0.294], [3248.86, 0.045], [3248.85, 1.314], [3248.84, 0.196], [3248.83, 0.007], [3248.82, 0.173], [3248.81, 1.462], [3248.8, 0.36], [3248.79, 0.381], [3248.78, 0.015], [3248.77, 1.547], [3248.76, 0.378]], "asks": [[3248.97, 91.586], [3248.98, 0.014], [3248.99, 0.038], [3249.0, 0.249], [3249.01, 0.007], [3249.02, 0.643], [3249.03, 0.007], [3249.04, 1.553], [3249.05, 0.059], [3249.06, 0.207], [3249.07, 0.008], [3249.08, 0.028], [3249.09, 0.008], [3249.1, 0.427], [3249.11, 0.053], [3249.12, 0.615], [3249.13, 0.02], [3249.14, 0.022], [3249.15, 0.498], [3249.16, 0.015]], "timestamp": "2025-12-12T09:53:16.082537+00:00"}, {"symbol": "ETHUSDT", "bids": [[3247.5, 206.317], [3247.49, 0.064], [3247.48, 1.269], [3247.47, 0.045], [3247.46, 0.013], [3247.45, 0.008], [3247.44, 0.024], [3247.43, 0.373], [3247.42, 0.576], [3247.41, 0.014], [3247.4, 1.286], [3247.39, 0.018], [3247.38, 0.008], [3247.37, 0.02], [3247.36, 0.763], [3247.35, 1.085], [3247.34, 0.02], [3247.33, 0.302], [3247.32, 0.053], [3247.31, 1.258]], "asks": [[3247.51, 129.005], [3247.52, 0.414], [3247.53, 0.008], [3247.55, 0.623], [3247.56, 0.015], [3247.57, 0.341], [3247.58, 2.409], [3247.59, 12.454], [3247.6, 12.606], [3247.61, 0.007], [3247.62, 0.266], [3247.63, 0.318], [3247.64, 1.255], [3247.65, 1.423], [3247.66, 0.054], [3247.67, 0.331], [3247.68, 0.207], [3247.69, 0.632], [3247.7, 51.707], [3247.71, 0.702]], "timestamp": "2025-12-12T09:54:09.689986+00:00"}, {"symbol": "ETHUSDT", "bids": [[3247.67, 7.376], [3247.65, 0.255], [3247.63, 0.053], [3247.62, 0.014], [3247.6, 0.018], [3247.59, 0.442], [3247.58, 0.293], [3247.57, 0.084], [3247.56, 0.02], [3247.55, 0.338], [3247.54, 0.084], [3247.53, 0.637], [3247.52, 2.494], [3247.51, 0.013], [3247.5, 0.793], [3247.49, 0.027], [3247.48, 0.314], [3247.47, 0.028], [3247.46, 1.287], [3247.45, 0.115]], "asks": [[3247.68, 184.563], [3247.69, 0.032], [3247.7, 0.007], [3247.73, 0.242], [3247.75, 0.038], [3247.76, 0.231], [3247.77, 0.536], [3247.78, 0.008], [3247.79, 1.231], [3247.8, 1.588], [3247.81, 0.668], [3247.82, 0.013], [3247.83, 0.01], [3247.84, 0.046], [3247.85, 0.482], [3247.86, 0.015], [3247.87, 0.021], [3247.88, 1.242], [3247.89, 0.008], [3247.9, 0.769]], "timestamp": "2025-12-12T09:55:03.348360+00:00"}, {"symbol": "ETHUSDT", "bids": [[3249.24, 203.696], [3249.23, 46.925], [3249.2, 30.045], [3249.19, 30.015], [3249.18, 0.014], [3249.17, 0.013], [3249.16, 0.008], [3249.15, 0.045], [3249.14, 0.896], [3249.13, 0.031], [3249.12, 44.253], [3249.11, 0.007], [3249.1, 0.052], [3249.07, 0.021], [3249.06, 49.079], [3249.05, 20.636], [3249.04, 24.945], [3249.03, 0.254], [3249.02, 0.036], [3249.01, 0.03]], "asks": [[3249.25, 0.14], [3249.26, 0.007], [3249.27, 0.046], [3249.28, 0.015], [3249.3, 0.368], [3249.31, 0.198], [3249.32, 0.108], [3249.33, 0.368], [3249.34, 0.013], [3249.35, 1.542], [3249.36, 0.052], [3249.37, 0.008], [3249.38, 0.196], [3249.39, 3.861], [3249.4, 0.823], [3249.41, 0.172], [3249.42, 0.307], [3249.43, 1.636], [3249.44, 0.036], [3249.45, 0.053]], "timestamp": "2025-12-12T09:55:56.497553+00:00"}, {"symbol": "ETHUSDT", "bids": [[3250.11, 45.457], [3250.1, 0.007], [3250.09, 0.814], [3250.08, 0.052], [3250.07, 0.25], [3250.06, 0.015], [3250.05, 0.007], [3250.04, 0.014], [3250.03, 0.008], [3250.02, 0.297], [3250.01, 1.516], [3250.0, 3.113], [3249.99, 0.007], [3249.98, 0.007], [3249.97, 0.03], [3249.96, 0.902], [3249.95, 5.104], [3249.94, 1.938], [3249.93, 0.007], [3249.92, 0.022]], "asks": [[3250.12, 98.292], [3250.13, 0.508], [3250.14, 0.616], [3250.16, 0.007], [3250.17, 0.168], [3250.18, 0.038], [3250.2, 0.397], [3250.21, 0.007], [3250.22, 1.72], [3250.23, 1.012], [3250.24, 1.562], [3250.25, 0.401], [3250.26, 0.566], [3250.27, 0.007], [3250.28, 2.985], [3250.29, 0.425], [3250.3, 0.037], [3250.31, 10.075], [3250.32, 6.572], [3250.33, 0.627]], "timestamp": "2025-12-12T09:56:49.263978+00:00"}, {"symbol": "ETHUSDT", "bids": [[3250.92, 156.524], [3250.91, 1.261], [3250.9, 0.023], [3250.89, 0.826], [3250.88, 0.007], [3250.87, 0.031], [3250.86, 0.045], [3250.85, 0.007], [3250.84, 0.909], [3250.83, 5.413], [3250.82, 3.909], [3250.81, 31.446], [3250.8, 0.08], [3250.79, 0.104], [3250.78, 0.036], [3250.77, 0.015], [3250.76, 0.053], [3250.75, 0.166], [3250.74, 0.623], [3250.73, 0.015]], "asks": [[3250.93, 59.862], [3250.94, 0.165], [3250.95, 0.274], [3250.97, 0.021], [3250.98, 1.883], [3250.99, 0.026], [3251.0, 51.814], [3251.01, 0.009], [3251.02, 0.058], [3251.03, 0.046], [3251.04, 0.045], [3251.05, 0.028], [3251.06, 0.263], [3251.07, 0.018], [3251.08, 0.075], [3251.09, 0.013], [3251.1, 0.06], [3251.11, 0.02], [3251.13, 0.018], [3251.14, 0.336]], "timestamp": "2025-12-12T09:57:42.277278+00:00"}, {"symbol": "ETHUSDT", "bids": [[3252.39, 105.429], [3252.38, 0.007], [3252.37, 0.103], [3252.36, 1.284], [3252.35, 0.007], [3252.34, 0.015], [3252.32, 0.052], [3252.31, 1.61], [3252.3, 1.441], [3252.29, 0.007], [3252.28, 0.077], [3252.27, 0.638], [3252.26, 0.095], [3252.25, 1.438], [3252.24, 1.464], [3252.23, 7.227], [3252.22, 1.166], [3252.21, 1.089], [3252.2, 1.185], [3252.19, 0.844]], "asks": [[3252.4, 17.847], [3252.41, 0.007], [3252.45, 0.766], [3252.46, 0.038], [3252.48, 0.021], [3252.49, 0.077], [3252.5, 0.046], [3252.51, 0.051], [3252.53, 0.059], [3252.54, 0.053], [3252.55, 0.009], [3252.56, 0.189], [3252.57, 0.008], [3252.58, 0.007], [3252.59, 0.051], [3252.6, 0.385], [3252.62, 0.021], [3252.63, 0.198], [3252.64, 0.54], [3252.65, 0.02]], "timestamp": "2025-12-12T09:58:35.795409+00:00"}, {"symbol": "ETHUSDT", "bids": [[3250.11, 52.588], [3250.1, 0.092], [3250.09, 1.248], [3250.08, 0.022], [3250.06, 0.07], [3250.05, 0.105], [3250.03, 0.021], [3250.02, 1.276], [3250.01, 7.016], [3250.0, 12.872], [3249.99, 0.038], [3249.98, 0.215], [3249.97, 2.438], [3249.96, 0.327], [3249.95, 24.607], [3249.94, 1.246], [3249.93, 0.204], [3249.92, 3.172], [3249.91, 7.561], [3249.9, 1.326]], "asks": [[3250.12, 129.371], [3250.13, 1.234], [3250.14, 0.095], [3250.16, 0.007], [3250.17, 0.015], [3250.19, 0.038], [3250.2, 0.049], [3250.21, 0.007], [3250.22, 6.16], [3250.23, 0.932], [3250.24, 0.007], [3250.25, 0.731], [3250.26, 0.028], [3250.27, 0.007], [3250.28, 0.528], [3250.29, 0.181], [3250.3, 2.574], [3250.31, 1.357], [3250.32, 0.637], [3250.33, 0.095]], "timestamp": "2025-12-12T09:59:28.376629+00:00"}, {"symbol": "ETHUSDT", "bids": [[3250.3, 94.235], [3250.29, 13.372], [3250.28, 7.772], [3250.27, 0.007], [3250.25, 0.008], [3250.24, 0.477], [3250.23, 4.038], [3250.22, 0.013], [3250.21, 0.015], [3250.2, 0.03], [3250.19, 1.269], [3250.18, 0.132], [3250.15, 0.675], [3250.14, 0.008], [3250.13, 0.069], [3250.12, 1.368], [3250.11, 0.418], [3250.1, 0.02], [3250.09, 0.007], [3250.08, 0.043]], "asks": [[3250.31, 65.42], [3250.32, 0.378], [3250.33, 0.065], [3250.34, 0.045], [3250.35, 0.015], [3250.36, 0.015], [3250.37, 0.007], [3250.38, 0.361], [3250.39, 0.029], [3250.4, 0.014], [3250.41, 0.008], [3250.42, 0.058], [3250.43, 0.007], [3250.44, 0.028], [3250.45, 1.424], [3250.46, 0.128], [3250.47, 10.423], [3250.48, 0.008], [3250.49, 0.028], [3250.5, 0.044]], "timestamp": "2025-12-12T10:00:21.519898+00:00"}, {"symbol": "ETHUSDT", "bids": [[3251.37, 132.602], [3251.36, 0.384], [3251.34, 0.007], [3251.33, 0.038], [3251.32, 0.015], [3251.31, 0.116], [3251.3, 0.027], [3251.29, 1.239], [3251.28, 0.007], [3251.27, 0.056], [3251.26, 0.021], [3251.25, 0.014], [3251.24, 4.864], [3251.23, 7.617], [3251.22, 25.836], [3251.21, 0.307], [3251.2, 0.044], [3251.19, 0.059], [3251.17, 8.908], [3251.16, 0.008]], "asks": [[3251.38, 68.366], [3251.39, 0.647], [3251.4, 0.23], [3251.41, 0.095], [3251.42, 0.782], [3251.43, 0.128], [3251.44, 0.007], [3251.46, 0.066], [3251.47, 0.059], [3251.48, 0.906], [3251.49, 0.033], [3251.5, 0.063], [3251.51, 0.015], [3251.52, 0.027], [3251.53, 4.228], [3251.54, 3.9], [3251.55, 0.084], [3251.56, 4.707], [3251.57, 3.18], [3251.58, 2.633]], "timestamp": "2025-12-12T10:01:15.789493+00:00"}, {"symbol": "ETHUSDT", "bids": [[3248.73, 1.256], [3248.72, 0.67], [3248.71, 0.008], [3248.7, 0.702], [3248.69, 0.059], [3248.68, 0.009], [3248.67, 0.022], [3248.65, 0.008], [3248.64, 0.022], [3248.63, 4.675], [3248.62, 0.008], [3248.61, 0.007], [3248.6, 0.028], [3248.59, 24.597], [3248.58, 2.637], [3248.57, 0.637], [3248.56, 0.301], [3248.55, 0.016], [3248.54, 0.019], [3248.53, 0.836]], "asks": [[3248.74, 178.521], [3248.75, 0.754], [3248.76, 0.038], [3248.77, 0.007], [3248.78, 0.616], [3248.79, 0.161], [3248.8, 0.353], [3248.81, 2.839], [3248.82, 4.891], [3248.83, 5.769], [3248.84, 0.585], [3248.85, 0.801], [3248.86, 12.397], [3248.87, 0.746], [3248.88, 4.422], [3248.89, 0.045], [3248.9, 0.014], [3248.91, 0.028], [3248.92, 0.074], [3248.93, 0.053]], "timestamp": "2025-12-12T10:02:08.315434+00:00"}, {"symbol": "ETHUSDT", "bids": [[3249.4, 138.412], [3249.39, 0.392], [3249.37, 0.019], [3249.36, 0.038], [3249.35, 0.016], [3249.34, 0.007], [3249.33, 0.02], [3249.32, 0.008], [3249.31, 0.007], [3249.3, 0.059], [3249.29, 0.029], [3249.28, 0.045], [3249.27, 0.007], [3249.26, 7.758], [3249.25, 0.568], [3249.24, 0.732], [3249.23, 0.013], [3249.22, 0.941], [3249.21, 25.025], [3249.2, 21.482]], "asks": [[3249.41, 94.819], [3249.42, 0.167], [3249.45, 2.347], [3249.46, 0.007], [3249.47, 0.008], [3249.48, 0.008], [3249.49, 0.013], [3249.5, 1.619], [3249.51, 0.038], [3249.52, 0.045], [3249.53, 0.066], [3249.54, 0.317], [3249.55, 0.456], [3249.56, 0.035], [3249.57, 1.725], [3249.58, 0.222], [3249.59, 0.028], [3249.6, 0.066], [3249.61, 0.007], [3249.62, 0.021]], "timestamp": "2025-12-12T10:03:01.769266+00:00"}, {"symbol": "ETHUSDT", "bids": [[3250.75, 211.263], [3250.74, 9.004], [3250.73, 0.826], [3250.72, 0.022], [3250.71, 1.54], [3250.7, 0.042], [3250.69, 0.007], [3250.68, 0.037], [3250.67, 1.276], [3250.66, 0.007], [3250.65, 0.095], [3250.64, 0.007], [3250.62, 0.707], [3250.61, 0.069], [3250.6, 0.083], [3250.59, 1.239], [3250.58, 0.015], [3250.57, 1.201], [3250.56, 0.749], [3250.55, 0.008]], "asks": [[3250.76, 25.564], [3250.77, 0.014], [3250.78, 0.241], [3250.79, 0.091], [3250.8, 0.081], [3250.81, 0.022], [3250.82, 0.007], [3250.83, 0.008], [3250.84, 0.058], [3250.85, 0.022], [3250.87, 0.02], [3250.88, 0.331], [3250.89, 0.053], [3250.91, 0.028], [3250.92, 0.015], [3250.94, 0.035], [3250.95, 0.052], [3250.97, 0.028], [3250.98, 1.514], [3250.99, 0.381]], "timestamp": "2025-12-12T10:03:54.664988+00:00"}, {"symbol": "ETHUSDT", "bids": [[3250.03, 2.224], [3250.01, 8.601], [3250.0, 25.865], [3249.99, 27.773], [3249.98, 10.073], [3249.96, 24.564], [3249.95, 201.269], [3249.94, 25.353], [3249.91, 0.038], [3249.9, 0.029], [3249.89, 0.007], [3249.88, 0.02], [3249.87, 33.83], [3249.86, 0.007], [3249.85, 0.009], [3249.84, 0.021], [3249.83, 2.969], [3249.82, 32.244], [3249.81, 0.245], [3249.8, 0.352]], "asks": [[3250.04, 0.015], [3250.05, 0.015], [3250.06, 0.011], [3250.07, 1.006], [3250.08, 0.03], [3250.09, 0.038], [3250.1, 0.01], [3250.11, 0.168], [3250.12, 0.01], [3250.13, 0.247], [3250.14, 0.345], [3250.15, 0.776], [3250.16, 0.024], [3250.17, 0.242], [3250.18, 0.007], [3250.19, 0.682], [3250.2, 0.144], [3250.21, 0.261], [3250.23, 7.554], [3250.24, 0.011]], "timestamp": "2025-12-12T10:04:48.107399+00:00"}, {"symbol": "ETHUSDT", "bids": [[3250.38, 98.883], [3250.37, 1.267], [3250.36, 4.756], [3250.35, 1.153], [3250.34, 0.626], [3250.33, 0.404], [3250.31, 0.7], [3250.3, 1.266], [3250.29, 0.345], [3250.28, 0.149], [3250.27, 0.028], [3250.26, 1.415], [3250.25, 24.628], [3250.24, 6.605], [3250.23, 0.06], [3250.22, 0.017], [3250.21, 1.201], [3250.2, 0.092], [3250.19, 0.008], [3250.18, 0.02]], "asks": [[3250.39, 14.683], [3250.4, 0.162], [3250.41, 0.108], [3250.42, 0.115], [3250.43, 0.015], [3250.44, 0.053], [3250.45, 0.017], [3250.46, 0.205], [3250.47, 0.07], [3250.48, 0.242], [3250.49, 0.969], [3250.5, 0.034], [3250.51, 0.008], [3250.52, 0.007], [3250.53, 0.035], [3250.54, 0.057], [3250.55, 0.112], [3250.56, 0.048], [3250.57, 0.033], [3250.58, 0.007]], "timestamp": "2025-12-12T10:05:41.308426+00:00"}, {"symbol": "ETHUSDT", "bids": [[3251.99, 179.147], [3251.98, 0.049], [3251.97, 0.837], [3251.96, 0.007], [3251.95, 0.052], [3251.94, 0.008], [3251.92, 0.013], [3251.91, 0.434], [3251.9, 0.823], [3251.89, 0.623], [3251.88, 0.029], [3251.86, 7.136], [3251.85, 0.035], [3251.83, 1.537], [3251.82, 22.87], [3251.81, 71.308], [3251.8, 31.351], [3251.79, 30.038], [3251.78, 0.413], [3251.77, 30.24]], "asks": [[3252.0, 54.489], [3252.01, 0.014], [3252.02, 0.275], [3252.03, 0.046], [3252.05, 0.409], [3252.06, 0.95], [3252.07, 0.06], [3252.09, 0.02], [3252.1, 0.008], [3252.11, 0.101], [3252.12, 0.153], [3252.13, 5.599], [3252.14, 0.013], [3252.15, 0.598], [3252.16, 0.044], [3252.17, 0.356], [3252.18, 0.023], [3252.19, 0.046], [3252.2, 0.024], [3252.21, 0.274]], "timestamp": "2025-12-12T10:06:34.255070+00:00"}, {"symbol": "ETHUSDT", "bids": [[3250.0, 11.403], [3249.99, 0.014], [3249.98, 0.048], [3249.97, 0.048], [3249.96, 0.145], [3249.95, 0.008], [3249.94, 0.022], [3249.93, 0.051], [3249.92, 0.015], [3249.91, 1.836], [3249.9, 0.067], [3249.89, 0.305], [3249.88, 0.023], [3249.87, 0.161], [3249.86, 0.029], [3249.85, 0.784], [3249.84, 0.078], [3249.83, 0.021], [3249.82, 0.014], [3249.81, 1.237]], "asks": [[3250.01, 226.431], [3250.02, 46.947], [3250.03, 0.108], [3250.04, 0.007], [3250.05, 0.007], [3250.06, 1.239], [3250.07, 0.449], [3250.08, 0.016], [3250.09, 0.075], [3250.1, 0.014], [3250.11, 0.059], [3250.12, 0.488], [3250.13, 0.616], [3250.14, 1.231], [3250.15, 0.059], [3250.16, 0.007], [3250.17, 0.317], [3250.18, 0.021], [3250.2, 0.59], [3250.21, 1.262]], "timestamp": "2025-12-12T10:07:27.295572+00:00"}, {"symbol": "ETHUSDT", "bids": [[3250.93, 56.551], [3250.92, 1.911], [3250.91, 3.337], [3250.9, 0.753], [3250.89, 4.76], [3250.88, 0.015], [3250.87, 0.015], [3250.86, 1.238], [3250.85, 0.46], [3250.84, 0.024], [3250.83, 0.643], [3250.82, 0.011], [3250.81, 0.046], [3250.8, 0.365], [3250.79, 1.859], [3250.77, 1.593], [3250.76, 1.292], [3250.75, 0.666], [3250.73, 3.319], [3250.72, 4.014]], "asks": [[3250.94, 36.796], [3250.95, 0.044], [3250.97, 0.007], [3250.98, 0.045], [3250.99, 0.133], [3251.0, 3.007], [3251.01, 0.068], [3251.02, 0.066], [3251.04, 0.015], [3251.05, 0.02], [3251.06, 0.046], [3251.07, 0.018], [3251.08, 0.02], [3251.09, 0.024], [3251.1, 0.029], [3251.11, 0.028], [3251.12, 0.038], [3251.13, 0.014], [3251.14, 0.039], [3251.16, 0.154]], "timestamp": "2025-12-12T10:08:20.746999+00:00"}, {"symbol": "ETHUSDT", "bids": [[3252.29, 66.333], [3252.28, 0.014], [3252.27, 0.015], [3252.25, 1.259], [3252.24, 1.245], [3252.23, 0.193], [3252.22, 0.02], [3252.21, 0.053], [3252.2, 0.007], [3252.19, 0.007], [3252.18, 0.028], [3252.17, 1.23], [3252.16, 5.606], [3252.15, 0.082], [3252.14, 0.084], [3252.13, 7.297], [3252.12, 1.201], [3252.11, 15.385], [3252.1, 1.647], [3252.09, 0.634]], "asks": [[3252.3, 45.967], [3252.31, 0.023], [3252.32, 0.053], [3252.35, 0.021], [3252.36, 0.007], [3252.37, 0.017], [3252.38, 0.021], [3252.39, 0.045], [3252.41, 0.021], [3252.42, 0.173], [3252.43, 0.255], [3252.44, 0.036], [3252.45, 0.665], [3252.46, 0.844], [3252.47, 1.919], [3252.48, 1.272], [3252.49, 5.31], [3252.5, 0.42], [3252.51, 0.723], [3252.52, 0.007]], "timestamp": "2025-12-12T10:09:13.895056+00:00"}, {"symbol": "ETHUSDT", "bids": [[3252.96, 0.078], [3252.95, 0.346], [3252.94, 0.046], [3252.93, 0.325], [3252.92, 1.021], [3252.9, 0.777], [3252.88, 1.27], [3252.87, 1.545], [3252.86, 0.015], [3252.85, 0.048], [3252.84, 0.053], [3252.83, 3.406], [3252.82, 0.02], [3252.81, 0.028], [3252.8, 16.006], [3252.79, 0.031], [3252.78, 0.028], [3252.77, 0.007], [3252.76, 3.028], [3252.75, 3.556]], "asks": [[3252.97, 42.922], [3252.98, 16.697], [3252.99, 90.331], [3253.0, 80.699], [3253.01, 80.665], [3253.02, 202.975], [3253.03, 18.544], [3253.05, 45.877], [3253.06, 0.014], [3253.07, 1.306], [3253.08, 0.008], [3253.1, 0.015], [3253.12, 0.062], [3253.13, 0.013], [3253.15, 20.008], [3253.16, 1.909], [3253.17, 0.007], [3253.18, 0.085], [3253.19, 30.013], [3253.2, 0.028]], "timestamp": "2025-12-12T10:10:07.040267+00:00"}, {"symbol": "ETHUSDT", "bids": [[3253.0, 238.172], [3252.99, 1.25], [3252.98, 0.28], [3252.95, 0.015], [3252.94, 0.008], [3252.92, 1.281], [3252.91, 0.638], [3252.9, 0.021], [3252.89, 0.01], [3252.88, 0.059], [3252.86, 0.16], [3252.85, 1.251], [3252.82, 1.219], [3252.81, 3.712], [3252.8, 24.619], [3252.79, 53.567], [3252.78, 30.179], [3252.77, 0.016], [3252.76, 20.106], [3252.75, 32.178]], "asks": [[3253.01, 3.504], [3253.02, 0.014], [3253.03, 0.388], [3253.04, 0.196], [3253.05, 0.157], [3253.06, 0.008], [3253.07, 0.014], [3253.08, 0.353], [3253.09, 0.008], [3253.1, 0.007], [3253.11, 0.027], [3253.12, 0.053], [3253.13, 0.008], [3253.14, 0.007], [3253.15, 0.014], [3253.16, 0.031], [3253.17, 0.007], [3253.18, 0.146], [3253.19, 0.021], [3253.2, 0.028]], "timestamp": "2025-12-12T10:10:59.283603+00:00"}, {"symbol": "ETHUSDT", "bids": [[3251.3, 0.642], [3251.29, 0.211], [3251.28, 0.03], [3251.27, 0.015], [3251.26, 0.047], [3251.25, 0.222], [3251.24, 0.022], [3251.23, 0.184], [3251.22, 0.072], [3251.21, 0.015], [3251.2, 1.014], [3251.19, 0.021], [3251.18, 0.24], [3251.17, 0.586], [3251.16, 0.03], [3251.15, 0.01], [3251.14, 0.038], [3251.13, 0.155], [3251.12, 0.017], [3251.11, 0.02]], "asks": [[3251.31, 188.295], [3251.32, 1.266], [3251.34, 0.008], [3251.35, 0.731], [3251.36, 0.008], [3251.37, 0.654], [3251.39, 10.172], [3251.4, 1.063], [3251.41, 64.744], [3251.42, 0.035], [3251.43, 0.485], [3251.44, 0.352], [3251.45, 0.066], [3251.46, 0.515], [3251.47, 0.888], [3251.48, 0.008], [3251.49, 0.058], [3251.5, 0.007], [3251.51, 1.262], [3251.52, 0.208]], "timestamp": "2025-12-12T10:11:52.820633+00:00"}, {"symbol": "ETHUSDT", "bids": [[3250.85, 96.326], [3250.84, 0.516], [3250.83, 0.307], [3250.82, 0.023], [3250.81, 0.038], [3250.8, 0.883], [3250.79, 0.007], [3250.78, 0.353], [3250.77, 1.346], [3250.76, 0.008], [3250.75, 0.406], [3250.74, 3.686], [3250.73, 24.635], [3250.72, 0.008], [3250.71, 5.208], [3250.7, 0.015], [3250.69, 0.108], [3250.68, 0.02], [3250.67, 0.086], [3250.66, 0.036]], "asks": [[3250.86, 51.032], [3250.87, 0.08], [3250.88, 0.025], [3250.89, 0.115], [3250.9, 0.16], [3250.91, 0.015], [3250.92, 0.252], [3250.94, 0.916], [3250.95, 0.014], [3250.96, 1.294], [3250.97, 0.615], [3250.98, 8.084], [3250.99, 0.013], [3251.0, 24.486], [3251.01, 0.792], [3251.02, 0.096], [3251.03, 0.008], [3251.04, 0.08], [3251.05, 1.246], [3251.06, 0.31]], "timestamp": "2025-12-12T10:12:45.659695+00:00"}, {"symbol": "ETHUSDT", "bids": [[3251.27, 178.398], [3251.26, 0.014], [3251.25, 0.045], [3251.23, 25.188], [3251.22, 24.605], [3251.21, 20.242], [3251.2, 50.022], [3251.19, 43.449], [3251.18, 0.103], [3251.17, 0.746], [3251.16, 1.507], [3251.15, 1.35], [3251.14, 0.053], [3251.13, 0.009], [3251.12, 0.08], [3251.11, 0.022], [3251.1, 0.536], [3251.09, 0.053], [3251.08, 0.553], [3251.07, 2.174]], "asks": [[3251.28, 0.94], [3251.29, 0.014], [3251.3, 1.547], [3251.31, 0.028], [3251.32, 0.008], [3251.33, 0.007], [3251.34, 0.045], [3251.35, 0.008], [3251.36, 0.015], [3251.37, 0.014], [3251.38, 0.046], [3251.4, 0.038], [3251.41, 0.007], [3251.43, 0.031], [3251.44, 0.068], [3251.45, 0.731], [3251.46, 0.174], [3251.47, 0.017], [3251.48, 0.065], [3251.49, 0.623]], "timestamp": "2025-12-12T10:13:39.010231+00:00"}, {"symbol": "ETHUSDT", "bids": [[3251.41, 3.079], [3251.4, 0.038], [3251.39, 0.408], [3251.38, 0.007], [3251.37, 0.007], [3251.36, 0.008], [3251.35, 0.045], [3251.34, 0.02], [3251.33, 0.008], [3251.32, 0.007], [3251.31, 0.045], [3251.3, 0.035], [3251.28, 0.467], [3251.27, 0.015], [3251.26, 0.038], [3251.25, 0.36], [3251.24, 0.028], [3251.22, 0.639], [3251.21, 0.024], [3251.2, 12.107]], "asks": [[3251.42, 81.342], [3251.43, 0.339], [3251.44, 0.616], [3251.46, 1.306], [3251.47, 0.236], [3251.49, 0.028], [3251.5, 0.251], [3251.51, 1.277], [3251.52, 0.047], [3251.53, 0.007], [3251.54, 3.559], [3251.55, 5.073], [3251.56, 0.036], [3251.58, 1.244], [3251.59, 0.669], [3251.6, 0.044], [3251.61, 0.177], [3251.62, 0.015], [3251.63, 0.275], [3251.64, 0.544]], "timestamp": "2025-12-12T10:14:32.259442+00:00"}, {"symbol": "ETHUSDT", "bids": [[3251.58, 27.209], [3251.57, 1.045], [3251.56, 0.007], [3251.55, 1.523], [3251.54, 0.015], [3251.53, 0.015], [3251.52, 0.253], [3251.51, 0.076], [3251.5, 0.125], [3251.49, 0.007], [3251.48, 0.007], [3251.47, 0.043], [3251.46, 5.841], [3251.45, 0.045], [3251.44, 0.028], [3251.43, 0.168], [3251.42, 0.591], [3251.41, 0.879], [3251.4, 1.26], [3251.38, 0.062]], "asks": [[3251.59, 73.868], [3251.6, 0.036], [3251.62, 0.661], [3251.63, 0.007], [3251.64, 0.008], [3251.66, 1.254], [3251.67, 0.051], [3251.68, 1.807], [3251.69, 1.544], [3251.7, 0.199], [3251.71, 0.007], [3251.72, 0.021], [3251.73, 2.149], [3251.74, 0.013], [3251.75, 0.36], [3251.76, 0.181], [3251.77, 0.038], [3251.78, 0.644], [3251.79, 0.007], [3251.8, 1.649]], "timestamp": "2025-12-12T10:15:25.719395+00:00"}, {"symbol": "ETHUSDT", "bids": [[3252.15, 30.533], [3252.14, 0.045], [3252.12, 4.387], [3252.11, 0.008], [3252.1, 0.769], [3252.09, 0.028], [3252.07, 0.031], [3252.06, 0.219], [3252.05, 0.029], [3252.04, 1.268], [3252.02, 0.035], [3252.01, 0.038], [3252.0, 1.305], [3251.99, 0.816], [3251.98, 4.687], [3251.97, 0.657], [3251.96, 0.021], [3251.95, 28.621], [3251.94, 0.007], [3251.93, 1.289]], "asks": [[3252.16, 159.847], [3252.17, 0.021], [3252.19, 1.23], [3252.2, 0.045], [3252.21, 0.159], [3252.24, 0.059], [3252.26, 1.241], [3252.27, 0.029], [3252.28, 0.038], [3252.3, 0.065], [3252.31, 0.016], [3252.32, 4.045], [3252.33, 20.577], [3252.34, 0.017], [3252.35, 1.23], [3252.36, 0.068], [3252.37, 1.508], [3252.38, 0.007], [3252.39, 0.021], [3252.4, 0.151]], "timestamp": "2025-12-12T10:16:18.681741+00:00"}, {"symbol": "ETHUSDT", "bids": [[3247.47, 85.666], [3247.46, 0.052], [3247.44, 0.007], [3247.43, 0.485], [3247.42, 0.016], [3247.4, 3.196], [3247.39, 18.57], [3247.37, 0.023], [3247.36, 0.015], [3247.35, 0.015], [3247.34, 0.11], [3247.33, 0.02], [3247.32, 0.038], [3247.31, 0.031], [3247.3, 0.023], [3247.29, 5.415], [3247.28, 0.056], [3247.27, 0.013], [3247.25, 0.036], [3247.24, 0.093]], "asks": [[3247.48, 57.155], [3247.49, 0.137], [3247.5, 0.053], [3247.51, 0.345], [3247.52, 0.007], [3247.53, 0.108], [3247.54, 0.007], [3247.55, 1.05], [3247.56, 1.149], [3247.57, 0.049], [3247.58, 1.191], [3247.59, 1.25], [3247.6, 0.325], [3247.61, 1.127], [3247.62, 17.764], [3247.63, 0.934], [3247.64, 1.521], [3247.65, 0.183], [3247.66, 5.03], [3247.67, 0.028]], "timestamp": "2025-12-12T10:17:11.697733+00:00"}, {"symbol": "ETHUSDT", "bids": [[3245.29, 64.456], [3245.28, 0.116], [3245.26, 0.053], [3245.25, 0.045], [3245.24, 0.015], [3245.23, 0.015], [3245.22, 1.359], [3245.21, 0.053], [3245.2, 0.162], [3245.19, 0.085], [3245.18, 0.021], [3245.17, 1.153], [3245.16, 0.651], [3245.15, 1.241], [3245.14, 2.116], [3245.13, 3.67], [3245.12, 33.271], [3245.11, 66.798], [3245.1, 19.731], [3245.09, 0.706]], "asks": [[3245.3, 75.63], [3245.31, 0.648], [3245.32, 0.007], [3245.33, 0.038], [3245.34, 0.008], [3245.35, 0.015], [3245.36, 0.154], [3245.37, 0.077], [3245.38, 1.299], [3245.39, 6.068], [3245.4, 0.753], [3245.41, 0.329], [3245.42, 0.008], [3245.43, 1.085], [3245.44, 0.021], [3245.45, 0.046], [3245.46, 0.421], [3245.47, 0.027], [3245.48, 0.008], [3245.49, 0.047]], "timestamp": "2025-12-12T10:18:05.151208+00:00"}, {"symbol": "ETHUSDT", "bids": [[3244.66, 102.731], [3244.65, 0.059], [3244.64, 0.008], [3244.63, 0.007], [3244.61, 0.046], [3244.6, 0.007], [3244.59, 0.122], [3244.58, 0.008], [3244.57, 0.038], [3244.56, 0.013], [3244.55, 0.021], [3244.53, 0.045], [3244.52, 0.021], [3244.51, 0.008], [3244.5, 0.029], [3244.49, 0.079], [3244.47, 1.233], [3244.46, 0.024], [3244.45, 0.053], [3244.44, 0.661]], "asks": [[3244.67, 249.863], [3244.68, 0.375], [3244.7, 1.425], [3244.72, 1.343], [3244.73, 0.008], [3244.74, 0.546], [3244.75, 0.013], [3244.76, 0.008], [3244.77, 0.032], [3244.78, 0.045], [3244.8, 1.343], [3244.81, 1.62], [3244.82, 0.109], [3244.83, 0.015], [3244.84, 3.363], [3244.85, 1.55], [3244.86, 1.247], [3244.87, 0.022], [3244.88, 1.607], [3244.9, 16.125]], "timestamp": "2025-12-12T10:18:58.758770+00:00"}, {"symbol": "ETHUSDT", "bids": [[3245.69, 157.936], [3245.68, 3.47], [3245.67, 0.316], [3245.66, 1.885], [3245.65, 0.007], [3245.64, 0.046], [3245.63, 0.007], [3245.62, 0.775], [3245.61, 0.316], [3245.6, 0.068], [3245.59, 1.958], [3245.58, 0.016], [3245.56, 0.007], [3245.55, 0.028], [3245.54, 0.038], [3245.52, 1.254], [3245.5, 0.662], [3245.49, 0.051], [3245.48, 0.01], [3245.47, 2.333]], "asks": [[3245.7, 2.601], [3245.71, 0.035], [3245.73, 0.664], [3245.74, 0.091], [3245.75, 0.007], [3245.76, 0.045], [3245.77, 0.015], [3245.78, 0.078], [3245.8, 0.083], [3245.81, 0.013], [3245.82, 0.018], [3245.83, 0.01], [3245.84, 0.053], [3245.85, 0.015], [3245.87, 0.024], [3245.88, 0.053], [3245.89, 0.018], [3245.9, 0.602], [3245.91, 0.308], [3245.92, 0.066]], "timestamp": "2025-12-12T10:19:51.853775+00:00"}, {"symbol": "ETHUSDT", "bids": [[3244.54, 21.762], [3244.53, 0.15], [3244.52, 0.2], [3244.51, 0.008], [3244.5, 0.021], [3244.49, 0.028], [3244.48, 0.008], [3244.47, 0.059], [3244.46, 0.007], [3244.45, 2.899], [3244.44, 0.039], [3244.43, 0.033], [3244.42, 0.124], [3244.41, 0.662], [3244.4, 15.391], [3244.39, 0.028], [3244.37, 0.111], [3244.36, 0.02], [3244.35, 0.4], [3244.34, 0.638]], "asks": [[3244.55, 156.659], [3244.56, 0.037], [3244.59, 1.233], [3244.6, 0.015], [3244.61, 0.038], [3244.63, 0.021], [3244.64, 18.167], [3244.65, 0.017], [3244.66, 1.318], [3244.67, 0.008], [3244.68, 0.007], [3244.69, 0.021], [3244.7, 0.073], [3244.71, 0.046], [3244.72, 0.02], [3244.73, 0.617], [3244.74, 0.008], [3244.75, 6.504], [3244.76, 30.849], [3244.77, 58.479]], "timestamp": "2025-12-12T10:20:45.003525+00:00"}, {"symbol": "ETHUSDT", "bids": [[3244.0, 52.067], [3243.99, 0.049], [3243.98, 0.046], [3243.97, 0.412], [3243.96, 0.244], [3243.95, 0.007], [3243.94, 0.449], [3243.93, 0.336], [3243.92, 0.309], [3243.91, 0.087], [3243.9, 0.165], [3243.89, 0.038], [3243.88, 1.264], [3243.87, 0.27], [3243.86, 0.007], [3243.85, 0.059], [3243.84, 6.085], [3243.83, 0.008], [3243.82, 0.159], [3243.81, 6.365]], "asks": [[3244.01, 180.399], [3244.02, 0.028], [3244.03, 1.234], [3244.05, 0.897], [3244.06, 0.053], [3244.07, 0.007], [3244.08, 0.308], [3244.09, 1.602], [3244.1, 8.652], [3244.11, 1.397], [3244.12, 0.246], [3244.13, 0.624], [3244.14, 0.038], [3244.15, 0.761], [3244.16, 0.015], [3244.17, 0.308], [3244.18, 1.354], [3244.19, 0.022], [3244.2, 0.021], [3244.21, 0.013]], "timestamp": "2025-12-12T10:21:38.594262+00:00"}, {"symbol": "ETHUSDT", "bids": [[3245.64, 67.016], [3245.63, 0.035], [3245.62, 0.007], [3245.61, 0.069], [3245.6, 1.207], [3245.59, 1.255], [3245.56, 0.285], [3245.55, 0.015], [3245.54, 0.165], [3245.53, 0.544], [3245.51, 0.007], [3245.5, 0.366], [3245.49, 0.038], [3245.48, 1.233], [3245.47, 0.028], [3245.46, 0.014], [3245.45, 0.394], [3245.44, 3.486], [3245.43, 8.807], [3245.42, 0.007]], "asks": [[3245.65, 73.473], [3245.66, 0.567], [3245.67, 0.13], [3245.68, 0.007], [3245.69, 0.05], [3245.7, 0.653], [3245.71, 0.045], [3245.72, 0.031], [3245.73, 0.579], [3245.74, 0.007], [3245.75, 1.18], [3245.76, 1.613], [3245.77, 0.217], [3245.78, 1.504], [3245.79, 0.99], [3245.8, 1.131], [3245.81, 2.292], [3245.82, 0.016], [3245.83, 0.052], [3245.84, 0.02]], "timestamp": "2025-12-12T10:22:31.701600+00:00"}, {"symbol": "ETHUSDT", "bids": [[3245.86, 23.639], [3245.85, 0.044], [3245.83, 0.038], [3245.81, 0.008], [3245.8, 0.358], [3245.79, 0.013], [3245.78, 0.263], [3245.76, 0.49], [3245.75, 4.772], [3245.74, 0.643], [3245.73, 15.54], [3245.72, 0.028], [3245.71, 0.052], [3245.7, 1.485], [3245.69, 0.035], [3245.68, 0.007], [3245.66, 0.069], [3245.65, 1.43], [3245.64, 1.548], [3245.63, 0.182]], "asks": [[3245.87, 97.125], [3245.88, 0.045], [3245.89, 1.024], [3245.9, 0.099], [3245.91, 1.871], [3245.92, 0.376], [3245.93, 0.007], [3245.94, 0.028], [3245.96, 0.06], [3245.97, 0.775], [3245.98, 1.233], [3245.99, 0.029], [3246.0, 0.74], [3246.01, 0.238], [3246.02, 0.095], [3246.03, 0.014], [3246.04, 1.199], [3246.05, 0.021], [3246.06, 0.045], [3246.07, 0.022]], "timestamp": "2025-12-12T10:23:25.155964+00:00"}, {"symbol": "ETHUSDT", "bids": [[3245.98, 12.728], [3245.97, 0.083], [3245.93, 0.884], [3245.91, 0.276], [3245.9, 0.008], [3245.89, 0.008], [3245.87, 0.145], [3245.86, 0.008], [3245.85, 0.007], [3245.84, 0.052], [3245.83, 0.021], [3245.81, 0.023], [3245.8, 0.058], [3245.79, 0.008], [3245.78, 0.007], [3245.77, 0.021], [3245.76, 0.059], [3245.75, 0.766], [3245.74, 0.071], [3245.73, 6.11]], "asks": [[3245.99, 105.506], [3246.0, 0.456], [3246.01, 0.057], [3246.02, 0.34], [3246.03, 0.389], [3246.04, 1.898], [3246.05, 1.627], [3246.06, 0.238], [3246.07, 0.634], [3246.08, 0.014], [3246.09, 0.028], [3246.1, 0.39], [3246.11, 0.161], [3246.12, 0.035], [3246.13, 1.485], [3246.14, 0.038], [3246.15, 1.593], [3246.16, 1.203], [3246.17, 0.624], [3246.18, 0.059]], "timestamp": "2025-12-12T10:24:18.615930+00:00"}, {"symbol": "ETHUSDT", "bids": [[3245.83, 112.808], [3245.82, 17.787], [3245.81, 0.031], [3245.8, 0.123], [3245.79, 0.007], [3245.78, 0.153], [3245.77, 0.008], [3245.76, 1.554], [3245.75, 0.086], [3245.74, 0.277], [3245.72, 0.016], [3245.71, 0.028], [3245.7, 2.034], [3245.69, 0.014], [3245.68, 0.028], [3245.67, 0.616], [3245.66, 0.061], [3245.65, 7.487], [3245.63, 0.007], [3245.62, 0.087]], "asks": [[3245.84, 66.104], [3245.85, 0.071], [3245.86, 0.038], [3245.87, 0.015], [3245.88, 0.014], [3245.89, 1.473], [3245.9, 0.199], [3245.91, 0.031], [3245.92, 0.007], [3245.93, 1.47], [3245.94, 1.389], [3245.95, 0.638], [3245.96, 0.007], [3245.97, 1.247], [3245.98, 0.021], [3245.99, 0.623], [3246.0, 0.815], [3246.01, 0.007], [3246.02, 0.021], [3246.03, 0.224]], "timestamp": "2025-12-12T10:25:12.675772+00:00"}, {"symbol": "ETHUSDT", "bids": [[3245.73, 54.313], [3245.72, 0.753], [3245.71, 0.017], [3245.7, 0.032], [3245.69, 0.045], [3245.68, 0.022], [3245.66, 0.007], [3245.65, 0.548], [3245.64, 1.814], [3245.63, 1.291], [3245.62, 0.007], [3245.61, 0.046], [3245.6, 0.01], [3245.59, 0.027], [3245.58, 0.008], [3245.57, 0.02], [3245.56, 0.617], [3245.55, 0.757], [3245.54, 1.301], [3245.53, 2.304]], "asks": [[3245.74, 145.325], [3245.75, 2.723], [3245.76, 10.103], [3245.77, 0.401], [3245.78, 0.038], [3245.79, 1.241], [3245.8, 0.624], [3245.82, 0.059], [3245.84, 0.013], [3245.85, 0.252], [3245.86, 1.271], [3245.87, 0.008], [3245.88, 0.175], [3245.89, 0.008], [3245.9, 0.383], [3245.91, 0.341], [3245.92, 0.02], [3245.93, 1.932], [3245.94, 0.675], [3245.95, 1.668]], "timestamp": "2025-12-12T10:26:06.129599+00:00"}, {"symbol": "ETHUSDT", "bids": [[3246.24, 50.49], [3246.23, 0.043], [3246.22, 0.038], [3246.21, 0.007], [3246.2, 0.007], [3246.19, 0.341], [3246.18, 0.623], [3246.17, 0.02], [3246.16, 0.046], [3246.15, 1.083], [3246.14, 0.015], [3246.13, 0.028], [3246.12, 0.038], [3246.11, 0.007], [3246.1, 0.044], [3246.09, 1.541], [3246.08, 0.038], [3246.07, 0.028], [3246.04, 0.023], [3246.03, 3.916]], "asks": [[3246.25, 97.61], [3246.26, 0.014], [3246.27, 2.027], [3246.28, 9.242], [3246.29, 0.038], [3246.3, 0.036], [3246.33, 0.078], [3246.34, 1.241], [3246.35, 0.032], [3246.36, 0.207], [3246.37, 0.655], [3246.38, 0.007], [3246.39, 0.075], [3246.4, 0.795], [3246.41, 0.038], [3246.42, 2.445], [3246.43, 1.95], [3246.44, 7.778], [3246.45, 0.338], [3246.46, 0.022]], "timestamp": "2025-12-12T10:26:59.941885+00:00"}, {"symbol": "ETHUSDT", "bids": [[3247.32, 73.259], [3247.31, 0.132], [3247.3, 0.388], [3247.29, 2.278], [3247.28, 0.045], [3247.27, 1.247], [3247.26, 0.096], [3247.25, 0.013], [3247.24, 0.208], [3247.23, 0.045], [3247.22, 0.009], [3247.21, 0.028], [3247.2, 0.041], [3247.19, 2.329], [3247.18, 0.079], [3247.17, 1.01], [3247.16, 0.008], [3247.15, 0.373], [3247.14, 0.214], [3247.13, 0.018]], "asks": [[3247.33, 49.672], [3247.34, 0.073], [3247.35, 0.167], [3247.36, 0.022], [3247.37, 0.121], [3247.38, 2.793], [3247.39, 0.025], [3247.4, 1.472], [3247.41, 0.028], [3247.42, 0.428], [3247.43, 0.119], [3247.44, 0.028], [3247.45, 1.277], [3247.46, 0.738], [3247.47, 0.808], [3247.48, 0.104], [3247.49, 0.015], [3247.5, 5.431], [3247.51, 0.331], [3247.52, 1.148]], "timestamp": "2025-12-12T10:27:53.753230+00:00"}, {"symbol": "ETHUSDT", "bids": [[3246.86, 137.424], [3246.85, 0.021], [3246.84, 0.007], [3246.83, 0.038], [3246.82, 0.035], [3246.81, 0.022], [3246.8, 1.267], [3246.79, 0.058], [3246.78, 0.2], [3246.77, 2.758], [3246.76, 0.034], [3246.75, 15.441], [3246.74, 0.06], [3246.73, 0.007], [3246.72, 0.884], [3246.71, 1.291], [3246.7, 0.109], [3246.69, 0.631], [3246.68, 0.02], [3246.67, 0.051]], "asks": [[3246.87, 49.776], [3246.88, 0.889], [3246.9, 0.014], [3246.91, 0.038], [3246.92, 0.008], [3246.93, 0.023], [3246.94, 1.259], [3246.95, 7.106], [3246.97, 0.009], [3246.98, 1.253], [3246.99, 0.213], [3247.0, 0.031], [3247.01, 0.34], [3247.03, 0.008], [3247.04, 0.518], [3247.05, 1.239], [3247.06, 0.046], [3247.07, 0.022], [3247.08, 0.017], [3247.09, 0.707]], "timestamp": "2025-12-12T10:28:47.336441+00:00"}, {"symbol": "ETHUSDT", "bids": [[3247.12, 204.385], [3247.11, 0.138], [3247.1, 0.408], [3247.09, 0.307], [3247.08, 0.062], [3247.07, 0.015], [3247.05, 0.027], [3247.04, 0.015], [3247.02, 0.06], [3247.01, 0.028], [3247.0, 0.007], [3246.98, 0.028], [3246.97, 0.045], [3246.95, 0.028], [3246.94, 0.036], [3246.93, 6.277], [3246.92, 28.339], [3246.91, 0.266], [3246.9, 0.915], [3246.89, 0.021]], "asks": [[3247.13, 46.583], [3247.14, 0.024], [3247.16, 0.056], [3247.18, 0.217], [3247.19, 0.147], [3247.2, 0.56], [3247.21, 0.021], [3247.22, 0.616], [3247.23, 0.35], [3247.24, 0.021], [3247.25, 1.025], [3247.26, 0.013], [3247.27, 0.007], [3247.28, 0.031], [3247.29, 0.523], [3247.3, 2.354], [3247.31, 0.175], [3247.32, 0.022], [3247.33, 0.024], [3247.34, 0.152]], "timestamp": "2025-12-12T10:29:41.275585+00:00"}, {"symbol": "ETHUSDT", "bids": [[3246.55, 101.633], [3246.54, 0.045], [3246.53, 0.008], [3246.52, 0.007], [3246.51, 0.169], [3246.5, 0.035], [3246.49, 0.198], [3246.48, 0.494], [3246.47, 1.294], [3246.46, 0.007], [3246.45, 0.738], [3246.44, 0.028], [3246.43, 0.007], [3246.42, 0.007], [3246.41, 0.763], [3246.4, 2.087], [3246.39, 1.548], [3246.38, 0.028], [3246.37, 0.166], [3246.36, 0.058]], "asks": [[3246.56, 8.848], [3246.57, 0.045], [3246.58, 0.007], [3246.59, 0.007], [3246.6, 0.023], [3246.61, 0.015], [3246.62, 0.38], [3246.64, 0.058], [3246.65, 0.023], [3246.66, 0.008], [3246.67, 0.013], [3246.68, 0.053], [3246.69, 0.007], [3246.7, 0.023], [3246.71, 0.008], [3246.72, 0.045], [3246.73, 1.417], [3246.74, 0.021], [3246.75, 0.639], [3246.76, 0.026]], "timestamp": "2025-12-12T10:30:34.423591+00:00"}, {"symbol": "ETHUSDT", "bids": [[3246.03, 15.098], [3246.02, 0.007], [3246.01, 1.465], [3246.0, 20.853], [3245.99, 0.008], [3245.98, 0.053], [3245.97, 0.027], [3245.96, 0.007], [3245.95, 0.283], [3245.94, 0.176], [3245.93, 0.051], [3245.92, 0.015], [3245.91, 0.013], [3245.9, 0.061], [3245.89, 0.008], [3245.88, 0.191], [3245.87, 0.127], [3245.86, 0.021], [3245.85, 0.435], [3245.84, 0.786]], "asks": [[3246.04, 193.122], [3246.05, 0.014], [3246.08, 0.132], [3246.09, 0.332], [3246.1, 0.007], [3246.12, 0.021], [3246.15, 0.857], [3246.16, 6.373], [3246.17, 39.086], [3246.18, 0.044], [3246.19, 0.038], [3246.2, 1.563], [3246.21, 0.174], [3246.22, 0.015], [3246.23, 0.153], [3246.24, 1.233], [3246.25, 32.049], [3246.26, 27.682], [3246.27, 20.308], [3246.28, 30.438]], "timestamp": "2025-12-12T10:31:28.898374+00:00"}, {"symbol": "ETHUSDT", "bids": [[3245.51, 45.381], [3245.5, 0.353], [3245.49, 0.045], [3245.48, 0.008], [3245.47, 0.558], [3245.46, 0.323], [3245.45, 0.047], [3245.44, 0.046], [3245.43, 0.079], [3245.42, 0.007], [3245.41, 0.018], [3245.4, 0.437], [3245.39, 1.291], [3245.38, 0.015], [3245.37, 0.564], [3245.36, 0.168], [3245.35, 0.018], [3245.33, 0.058], [3245.32, 0.007], [3245.31, 0.008]], "asks": [[3245.52, 97.322], [3245.53, 0.306], [3245.55, 0.014], [3245.57, 0.008], [3245.58, 0.135], [3245.59, 0.038], [3245.6, 0.848], [3245.61, 28.937], [3245.62, 0.018], [3245.63, 0.085], [3245.64, 1.24], [3245.65, 166.584], [3245.66, 8.192], [3245.68, 0.053], [3245.69, 0.013], [3245.7, 0.618], [3245.71, 0.595], [3245.72, 1.296], [3245.73, 0.038], [3245.74, 0.021]], "timestamp": "2025-12-12T10:32:21.942207+00:00"}, {"symbol": "ETHUSDT", "bids": [[3244.89, 54.339], [3244.88, 0.014], [3244.87, 0.007], [3244.86, 1.5], [3244.85, 0.007], [3244.84, 0.008], [3244.83, 0.038], [3244.82, 0.007], [3244.81, 0.028], [3244.8, 12.816], [3244.79, 1.305], [3244.78, 0.008], [3244.75, 0.021], [3244.74, 80.754], [3244.73, 0.127], [3244.72, 1.253], [3244.71, 0.023], [3244.7, 0.2], [3244.69, 1.034], [3244.68, 0.78]], "asks": [[3244.9, 58.702], [3244.91, 0.014], [3244.92, 0.038], [3244.93, 1.507], [3244.94, 0.015], [3244.95, 0.746], [3244.96, 0.624], [3244.97, 0.077], [3244.98, 0.167], [3244.99, 0.007], [3245.0, 0.613], [3245.01, 1.026], [3245.02, 1.282], [3245.03, 0.007], [3245.04, 0.042], [3245.06, 0.353], [3245.07, 0.028], [3245.08, 0.007], [3245.09, 0.017], [3245.1, 0.755]], "timestamp": "2025-12-12T10:33:14.834442+00:00"}, {"symbol": "ETHUSDT", "bids": [[3244.69, 29.622], [3244.68, 0.321], [3244.67, 0.038], [3244.66, 2.43], [3244.65, 0.022], [3244.64, 0.007], [3244.63, 0.007], [3244.62, 0.328], [3244.6, 0.053], [3244.59, 0.015], [3244.58, 2.793], [3244.57, 0.799], [3244.56, 0.909], [3244.55, 0.021], [3244.53, 0.02], [3244.52, 0.063], [3244.51, 0.075], [3244.5, 0.051], [3244.49, 0.208], [3244.48, 0.934]], "asks": [[3244.7, 84.278], [3244.71, 81.688], [3244.72, 0.014], [3244.74, 0.177], [3244.75, 1.902], [3244.76, 0.077], [3244.77, 0.353], [3244.78, 0.343], [3244.79, 0.008], [3244.8, 0.053], [3244.81, 0.028], [3244.82, 1.233], [3244.83, 0.045], [3244.84, 0.115], [3244.86, 0.007], [3244.87, 0.021], [3244.88, 0.414], [3244.89, 1.888], [3244.9, 0.037], [3244.91, 0.015]], "timestamp": "2025-12-12T10:34:08.235041+00:00"}, {"symbol": "ETHUSDT", "bids": [[3245.79, 107.029], [3245.78, 9.612], [3245.77, 27.682], [3245.76, 18.804], [3245.75, 0.014], [3245.74, 0.008], [3245.72, 0.02], [3245.71, 0.053], [3245.7, 1.27], [3245.69, 0.084], [3245.68, 0.028], [3245.67, 1.116], [3245.66, 0.025], [3245.65, 1.817], [3245.64, 0.641], [3245.63, 0.045], [3245.62, 1.268], [3245.6, 0.014], [3245.59, 0.689], [3245.58, 0.168]], "asks": [[3245.8, 102.644], [3245.81, 0.021], [3245.82, 0.008], [3245.83, 0.046], [3245.84, 0.008], [3245.85, 0.017], [3245.86, 0.5], [3245.87, 0.008], [3245.88, 1.291], [3245.9, 0.008], [3245.91, 0.02], [3245.92, 0.014], [3245.93, 0.046], [3245.94, 0.013], [3245.95, 0.277], [3245.96, 1.253], [3245.97, 0.666], [3245.98, 0.029], [3245.99, 0.137], [3246.0, 1.025]], "timestamp": "2025-12-12T10:35:01.004398+00:00"}, {"symbol": "ETHUSDT", "bids": [[3244.83, 63.759], [3244.82, 0.052], [3244.81, 0.065], [3244.8, 1.725], [3244.79, 0.074], [3244.78, 0.015], [3244.77, 0.134], [3244.76, 0.086], [3244.75, 0.022], [3244.74, 0.02], [3244.73, 0.052], [3244.72, 0.02], [3244.71, 0.019], [3244.7, 0.074], [3244.69, 0.014], [3244.68, 0.066], [3244.67, 0.008], [3244.66, 0.007], [3244.65, 0.16], [3244.64, 1.929]], "asks": [[3244.84, 256.21], [3244.85, 1.284], [3244.86, 1.669], [3244.87, 1.553], [3244.89, 0.085], [3244.9, 0.022], [3244.91, 0.053], [3244.92, 0.013], [3244.93, 0.007], [3244.94, 1.276], [3244.95, 0.053], [3244.96, 0.014], [3244.97, 0.028], [3244.99, 1.473], [3245.0, 0.797], [3245.01, 0.01], [3245.02, 0.021], [3245.03, 0.014], [3245.04, 1.282], [3245.05, 0.021]], "timestamp": "2025-12-12T10:35:54.732406+00:00"}, {"symbol": "ETHUSDT", "bids": [[3244.2, 18.256], [3244.19, 0.007], [3244.17, 0.007], [3244.16, 0.069], [3244.15, 0.016], [3244.14, 0.007], [3244.13, 0.486], [3244.12, 0.046], [3244.11, 0.045], [3244.1, 1.578], [3244.09, 0.021], [3244.08, 0.045], [3244.07, 0.007], [3244.06, 0.021], [3244.05, 0.015], [3244.04, 0.055], [3244.03, 0.028], [3244.02, 1.234], [3244.0, 0.075], [3243.99, 0.015]], "asks": [[3244.21, 201.309], [3244.22, 0.324], [3244.23, 0.308], [3244.24, 1.522], [3244.25, 0.771], [3244.26, 0.168], [3244.27, 0.494], [3244.28, 0.015], [3244.29, 0.029], [3244.3, 0.096], [3244.31, 0.58], [3244.32, 0.677], [3244.33, 0.064], [3244.34, 1.271], [3244.35, 0.028], [3244.36, 0.024], [3244.37, 0.021], [3244.38, 0.038], [3244.39, 0.008], [3244.4, 0.15]], "timestamp": "2025-12-12T10:36:48.082761+00:00"}, {"symbol": "ETHUSDT", "bids": [[3238.8, 121.04], [3238.79, 45.147], [3238.78, 0.007], [3238.74, 0.017], [3238.72, 0.013], [3238.71, 0.687], [3238.68, 0.299], [3238.66, 0.008], [3238.65, 0.05], [3238.63, 0.727], [3238.62, 0.117], [3238.61, 0.154], [3238.6, 0.068], [3238.59, 0.018], [3238.58, 0.728], [3238.56, 0.022], [3238.55, 0.01], [3238.53, 0.018], [3238.5, 0.068], [3238.49, 1.244]], "asks": [[3238.81, 1.433], [3238.82, 0.007], [3238.85, 0.046], [3238.87, 0.111], [3238.88, 0.021], [3238.9, 0.01], [3238.91, 0.059], [3238.94, 0.024], [3238.95, 0.007], [3238.97, 1.808], [3239.0, 0.342], [3239.01, 0.046], [3239.02, 20.0], [3239.04, 0.008], [3239.05, 0.038], [3239.06, 0.01], [3239.07, 0.008], [3239.08, 1.236], [3239.09, 0.038], [3239.1, 0.029]], "timestamp": "2025-12-12T10:37:41.355545+00:00"}