[{"id": "2666288417", "price": 3086.24, "amount": 2.044, "side": "sell", "timestamp": 1765582957190}, {"id": "2666288418", "price": 3086.23, "amount": 0.036, "side": "sell", "timestamp": 1765582957196}, {"id": "2666288419", "price": 3086.21, "amount": 0.052, "side": "sell", "timestamp": 1765582957201}, {"id": "2666288420", "price": 3086.2, "amount": 0.021, "side": "sell", "timestamp": 1765582957201}, {"id": "2666288421", "price": 3086.19, "amount": 0.022, "side": "sell", "timestamp": 1765582957203}, {"id": "2666288422", "price": 3086.18, "amount": 0.007, "side": "sell", "timestamp": 1765582957203}, {"id": "2666288423", "price": 3086.17, "amount": 0.08, "side": "sell", "timestamp": 1765582957203}, {"id": "2666288424", "price": 3086.16, "amount": 0.022, "side": "sell", "timestamp": 1765582957211}, {"id": "2666288425", "price": 3086.15, "amount": 0.008, "side": "sell", "timestamp": 1765582957211}, {"id": "2666288426", "price": 3086.14, "amount": 0.023, "side": "sell", "timestamp": 1765582957214}, {"id": "2666288427", "price": 3086.13, "amount": 0.038, "side": "sell", "timestamp": 1765582957214}, {"id": "2666288428", "price": 3086.12, "amount": 0.008, "side": "sell", "timestamp": 1765582957214}, {"id": "2666288429", "price": 3086.11, "amount": 0.028, "side": "sell", "timestamp": 1765582957214}, {"id": "2666288430", "price": 3086.1, "amount": 0.821, "side": "sell", "timestamp": 1765582957214}, {"id": "2666288431", "price": 3086.09, "amount": 0.06, "side": "sell", "timestamp": 1765582957220}, {"id": "2666288432", "price": 3086.08, "amount": 0.325, "side": "sell", "timestamp": 1765582957221}, {"id": "2666288433", "price": 3086.07, "amount": 0.184, "side": "sell", "timestamp": 1765582957225}, {"id": "2666288434", "price": 3086.05, "amount": 0.053, "side": "sell", "timestamp": 1765582957225}, {"id": "2666288435", "price": 3086.05, "amount": 5.624, "side": "buy", "timestamp": 1765582957468}, {"id": "2666288436", "price": 3086.04, "amount": 0.324, "side": "sell", "timestamp": 1765582958196}, {"id": "2666288437", "price": 3086.05, "amount": 0.621, "side": "buy", "timestamp": 1765582958478}, {"id": "2666288438", "price": 3086.04, "amount": 0.324, "side": "sell", "timestamp": 1765582959011}, {"id": "2666288439", "price": 3086.04, "amount": 0.243, "side": "sell", "timestamp": 1765582959228}, {"id": "2666288440", "price": 3086.05, "amount": 0.714, "side": "buy", "timestamp": 1765582959320}, {"id": "2666288441", "price": 3086.04, "amount": 0.032, "side": "sell", "timestamp": 1765582959660}, {"id": "2666288442", "price": 3086.04, "amount": 0.324, "side": "sell", "timestamp": 1765582960074}, {"id": "2666288443", "price": 3086.05, "amount": 0.614, "side": "buy", "timestamp": 1765582960352}, {"id": "2666288444", "price": 3086.05, "amount": 0.01, "side": "buy", "timestamp": 1765582960792}, {"id": "2666288445", "price": 3086.04, "amount": 0.324, "side": "sell", "timestamp": 1765582961083}, {"id": "2666288446", "price": 3086.05, "amount": 0.324, "side": "buy", "timestamp": 1765582961093}, {"id": "2666288447", "price": 3086.05, "amount": 0.611, "side": "buy", "timestamp": 1765582961373}, {"id": "2666288448", "price": 3086.04, "amount": 0.347, "side": "sell", "timestamp": 1765582962016}, {"id": "2666288449", "price": 3086.05, "amount": 0.608, "side": "buy", "timestamp": 1765582962397}, {"id": "2666288450", "price": 3086.05, "amount": 0.25, "side": "buy", "timestamp": 1765582962755}, {"id": "2666288451", "price": 3086.04, "amount": 0.324, "side": "sell", "timestamp": 1765582963105}, {"id": "2666288452", "price": 3086.05, "amount": 0.604, "side": "buy", "timestamp": 1765582963450}, {"id": "2666288453", "price": 3086.05, "amount": 0.72, "side": "buy", "timestamp": 1765582963941}, {"id": "2666288454", "price": 3086.04, "amount": 0.324, "side": "sell", "timestamp": 1765582964118}, {"id": "2666288455", "price": 3086.05, "amount": 0.601, "side": "buy", "timestamp": 1765582964472}, {"id": "2666288456", "price": 3086.04, "amount": 0.324, "side": "sell", "timestamp": 1765582965127}, {"id": "2666288457", "price": 3086.05, "amount": 0.597, "side": "buy", "timestamp": 1765582965477}, {"id": "2666288458", "price": 3086.05, "amount": 1.81, "side": "buy", "timestamp": 1765582965812}, {"id": "2666288459", "price": 3086.04, "amount": 0.021, "side": "sell", "timestamp": 1765582965992}, {"id": "2666288460", "price": 3086.04, "amount": 0.324, "side": "sell", "timestamp": 1765582966185}, {"id": "2666288461", "price": 3086.05, "amount": 0.594, "side": "buy", "timestamp": 1765582966466}, {"id": "2666288462", "price": 3086.05, "amount": 0.097, "side": "buy", "timestamp": 1765582966918}, {"id": "2666288463", "price": 3086.04, "amount": 0.324, "side": "sell", "timestamp": 1765582967009}, {"id": "2666288464", "price": 3086.04, "amount": 0.017, "side": "sell", "timestamp": 1765582967153}, {"id": "2666288465", "price": 3086.05, "amount": 0.59, "side": "buy", "timestamp": 1765582967475}, {"id": "2666288466", "price": 3086.04, "amount": 0.324, "side": "sell", "timestamp": 1765582968032}, {"id": "2666288631", "price": 3086.05, "amount": 0.451, "side": "buy", "timestamp": 1765583009747}, {"id": "2666288632", "price": 3086.04, "amount": 0.324, "side": "sell", "timestamp": 1765583010052}, {"id": "2666288633", "price": 3086.05, "amount": 28.961, "side": "buy", "timestamp": 1765583010287}, {"id": "2666288634", "price": 3086.05, "amount": 1.902, "side": "buy", "timestamp": 1765583010392}, {"id": "2666288635", "price": 3086.05, "amount": 0.341, "side": "buy", "timestamp": 1765583010518}, {"id": "2666288636", "price": 3086.05, "amount": 0.448, "side": "buy", "timestamp": 1765583010793}, {"id": "2666288637", "price": 3086.04, "amount": 0.324, "side": "sell", "timestamp": 1765583011095}, {"id": "2666288638", "price": 3086.05, "amount": 0.294, "side": "buy", "timestamp": 1765583011290}, {"id": "2666288639", "price": 3086.05, "amount": 0.446, "side": "buy", "timestamp": 1765583011715}, {"id": "2666288640", "price": 3086.05, "amount": 0.095, "side": "buy", "timestamp": 1765583011824}, {"id": "2666288641", "price": 3086.05, "amount": 0.024, "side": "buy", "timestamp": 1765583012144}, {"id": "2666288642", "price": 3086.04, "amount": 0.414, "side": "sell", "timestamp": 1765583012157}, {"id": "2666288643", "price": 3086.04, "amount": 0.022, "side": "sell", "timestamp": 1765583012483}, {"id": "2666288644", "price": 3086.05, "amount": 0.443, "side": "buy", "timestamp": 1765583012732}, {"id": "2666288645", "price": 3086.05, "amount": 0.689, "side": "buy", "timestamp": 1765583012863}, {"id": "2666288646", "price": 3086.05, "amount": 0.176, "side": "buy", "timestamp": 1765583012975}, {"id": "2666288647", "price": 3086.04, "amount": 1.075, "side": "sell", "timestamp": 1765583013064}, {"id": "2666288648", "price": 3086.05, "amount": 0.44, "side": "buy", "timestamp": 1765583013681}, {"id": "2666288649", "price": 3086.04, "amount": 0.008, "side": "sell", "timestamp": 1765583013994}, {"id": "2666288650", "price": 3086.04, "amount": 0.341, "side": "sell", "timestamp": 1765583014101}, {"id": "2666288651", "price": 3086.05, "amount": 0.774, "side": "buy", "timestamp": 1765583014243}, {"id": "2666288652", "price": 3086.05, "amount": 0.438, "side": "buy", "timestamp": 1765583014642}, {"id": "2666288653", "price": 3086.04, "amount": 0.05, "side": "sell", "timestamp": 1765583014914}, {"id": "2666288654", "price": 3086.04, "amount": 1.809, "side": "sell", "timestamp": 1765583015041}, {"id": "2666288655", "price": 3086.04, "amount": 1.204, "side": "sell", "timestamp": 1765583015281}, {"id": "2666288656", "price": 3086.05, "amount": 1.008, "side": "buy", "timestamp": 1765583015514}, {"id": "2666288657", "price": 3086.05, "amount": 0.435, "side": "buy", "timestamp": 1765583015650}, {"id": "2666288658", "price": 3086.05, "amount": 0.485, "side": "buy", "timestamp": 1765583016054}, {"id": "2666288659", "price": 3086.04, "amount": 0.324, "side": "sell", "timestamp": 1765583016183}, {"id": "2666288660", "price": 3086.05, "amount": 0.433, "side": "buy", "timestamp": 1765583016643}, {"id": "2666288661", "price": 3086.04, "amount": 10.077, "side": "sell", "timestamp": 1765583016831}, {"id": "2666288662", "price": 3086.04, "amount": 0.017, "side": "sell", "timestamp": 1765583017095}, {"id": "2666288663", "price": 3086.04, "amount": 0.324, "side": "sell", "timestamp": 1765583017201}, {"id": "2666288664", "price": 3086.05, "amount": 0.179, "side": "buy", "timestamp": 1765583017285}, {"id": "2666288665", "price": 3086.05, "amount": 0.578, "side": "buy", "timestamp": 1765583017669}, {"id": "2666288666", "price": 3086.04, "amount": 0.72, "side": "sell", "timestamp": 1765583017775}, {"id": "2666288667", "price": 3086.04, "amount": 0.324, "side": "sell", "timestamp": 1765583018009}, {"id": "2666288668", "price": 3086.05, "amount": 0.842, "side": "buy", "timestamp": 1765583018128}, {"id": "2666288669", "price": 3086.05, "amount": 20.0, "side": "buy", "timestamp": 1765583018288}, {"id": "2666288670", "price": 3086.05, "amount": 0.53, "side": "buy", "timestamp": 1765583018672}, {"id": "2666288671", "price": 3086.04, "amount": 0.324, "side": "sell", "timestamp": 1765583019051}, {"id": "2666288672", "price": 3086.05, "amount": 0.425, "side": "buy", "timestamp": 1765583019657}, {"id": "2666288673", "price": 3086.04, "amount": 0.008, "side": "sell", "timestamp": 1765583019913}, {"id": "2666288674", "price": 3086.05, "amount": 0.22, "side": "buy", "timestamp": 1765583019997}, {"id": "2666288675", "price": 3086.04, "amount": 0.341, "side": "sell", "timestamp": 1765583020089}, {"id": "2666288676", "price": 3086.05, "amount": 0.422, "side": "buy", "timestamp": 1765583020647}, {"id": "2666288677", "price": 3086.04, "amount": 0.54, "side": "sell", "timestamp": 1765583020943}, {"id": "2666288678", "price": 3086.04, "amount": 0.324, "side": "sell", "timestamp": 1765583021160}, {"id": "2666288679", "price": 3086.05, "amount": 0.013, "side": "buy", "timestamp": 1765583021453}, {"id": "2666288680", "price": 3086.05, "amount": 0.42, "side": "buy", "timestamp": 1765583021587}, {"id": "2666288862", "price": 3086.19, "amount": 0.14, "side": "sell", "timestamp": 1765583067599}, {"id": "2666288863", "price": 3086.2, "amount": 0.979, "side": "buy", "timestamp": 1765583067815}, {"id": "2666288864", "price": 3086.19, "amount": 0.324, "side": "sell", "timestamp": 1765583068073}, {"id": "2666288865", "price": 3086.19, "amount": 0.04, "side": "sell", "timestamp": 1765583068479}, {"id": "2666288866", "price": 3086.19, "amount": 0.324, "side": "sell", "timestamp": 1765583069116}, {"id": "2666288867", "price": 3086.19, "amount": 0.017, "side": "sell", "timestamp": 1765583069243}, {"id": "2666288868", "price": 3086.19, "amount": 0.324, "side": "sell", "timestamp": 1765583070158}, {"id": "2666288869", "price": 3086.19, "amount": 0.02, "side": "sell", "timestamp": 1765583070276}, {"id": "2666288870", "price": 3086.2, "amount": 0.035, "side": "buy", "timestamp": 1765583070432}, {"id": "2666288871", "price": 3086.19, "amount": 0.014, "side": "sell", "timestamp": 1765583070512}, {"id": "2666288872", "price": 3086.19, "amount": 0.05, "side": "sell", "timestamp": 1765583071057}, {"id": "2666288873", "price": 3086.19, "amount": 0.444, "side": "sell", "timestamp": 1765583071169}, {"id": "2666288874", "price": 3086.19, "amount": 0.013, "side": "sell", "timestamp": 1765583071597}, {"id": "2666288875", "price": 3086.2, "amount": 0.171, "side": "buy", "timestamp": 1765583071643}, {"id": "2666288876", "price": 3086.2, "amount": 5.836, "side": "buy", "timestamp": 1765583071946}, {"id": "2666288877", "price": 3086.19, "amount": 0.324, "side": "sell", "timestamp": 1765583072007}, {"id": "2666288878", "price": 3086.2, "amount": 2.0, "side": "buy", "timestamp": 1765583072211}, {"id": "2666288879", "price": 3086.2, "amount": 6.51, "side": "buy", "timestamp": 1765583072699}, {"id": "2666288880", "price": 3086.21, "amount": 0.103, "side": "buy", "timestamp": 1765583072699}, {"id": "2666288881", "price": 3086.22, "amount": 0.081, "side": "buy", "timestamp": 1765583072699}, {"id": "2666288882", "price": 3086.23, "amount": 0.062, "side": "buy", "timestamp": 1765583072699}, {"id": "2666288883", "price": 3086.24, "amount": 0.386, "side": "buy", "timestamp": 1765583072699}, {"id": "2666288884", "price": 3086.25, "amount": 0.015, "side": "buy", "timestamp": 1765583072699}, {"id": "2666288885", "price": 3086.26, "amount": 0.038, "side": "buy", "timestamp": 1765583072699}, {"id": "2666288886", "price": 3086.27, "amount": 0.008, "side": "buy", "timestamp": 1765583072699}, {"id": "2666288887", "price": 3086.28, "amount": 0.03, "side": "buy", "timestamp": 1765583072700}, {"id": "2666288888", "price": 3086.29, "amount": 0.689, "side": "buy", "timestamp": 1765583072702}, {"id": "2666288889", "price": 3086.3, "amount": 0.009, "side": "buy", "timestamp": 1765583072708}, {"id": "2666288890", "price": 3086.31, "amount": 0.069, "side": "buy", "timestamp": 1765583072708}, {"id": "2666288891", "price": 3086.32, "amount": 0.015, "side": "buy", "timestamp": 1765583072708}, {"id": "2666288892", "price": 3086.34, "amount": 0.022, "side": "buy", "timestamp": 1765583072708}, {"id": "2666288893", "price": 3086.35, "amount": 0.21, "side": "buy", "timestamp": 1765583072708}, {"id": "2666288894", "price": 3086.36, "amount": 1.076, "side": "buy", "timestamp": 1765583072708}, {"id": "2666288895", "price": 3086.37, "amount": 0.052, "side": "buy", "timestamp": 1765583072715}, {"id": "2666288896", "price": 3086.38, "amount": 0.007, "side": "buy", "timestamp": 1765583072715}, {"id": "2666288897", "price": 3086.39, "amount": 0.324, "side": "sell", "timestamp": 1765583073062}, {"id": "2666288898", "price": 3086.4, "amount": 0.547, "side": "buy", "timestamp": 1765583074021}, {"id": "2666288899", "price": 3086.39, "amount": 0.341, "side": "sell", "timestamp": 1765583074084}, {"id": "2666288900", "price": 3086.4, "amount": 0.589, "side": "buy", "timestamp": 1765583074207}, {"id": "2666288901", "price": 3086.39, "amount": 0.008, "side": "sell", "timestamp": 1765583074255}, {"id": "2666288902", "price": 3086.4, "amount": 0.241, "side": "buy", "timestamp": 1765583074398}, {"id": "2666288903", "price": 3086.4, "amount": 1.307, "side": "buy", "timestamp": 1765583074547}, {"id": "2666288904", "price": 3086.4, "amount": 0.388, "side": "buy", "timestamp": 1765583074705}, {"id": "2666288905", "price": 3086.4, "amount": 0.636, "side": "buy", "timestamp": 1765583074909}, {"id": "2666288906", "price": 3086.39, "amount": 0.324, "side": "sell", "timestamp": 1765583075174}, {"id": "2666288907", "price": 3086.39, "amount": 0.008, "side": "sell", "timestamp": 1765583075307}, {"id": "2666288908", "price": 3086.39, "amount": 0.325, "side": "sell", "timestamp": 1765583075859}, {"id": "2666288909", "price": 3086.4, "amount": 0.17, "side": "buy", "timestamp": 1765583075877}, {"id": "2666288910", "price": 3086.39, "amount": 80.779, "side": "sell", "timestamp": 1765583076014}, {"id": "2666288911", "price": 3086.38, "amount": 0.022, "side": "sell", "timestamp": 1765583076051}, {"id": "2666289124", "price": 3086.17, "amount": 0.009, "side": "buy", "timestamp": 1765583121562}, {"id": "2666289125", "price": 3086.18, "amount": 0.008, "side": "buy", "timestamp": 1765583121562}, {"id": "2666289126", "price": 3086.2, "amount": 2.614, "side": "buy", "timestamp": 1765583121562}, {"id": "2666289127", "price": 3086.22, "amount": 0.756, "side": "buy", "timestamp": 1765583121571}, {"id": "2666289128", "price": 3086.23, "amount": 0.1, "side": "buy", "timestamp": 1765583121571}, {"id": "2666289129", "price": 3086.24, "amount": 0.219, "side": "buy", "timestamp": 1765583121573}, {"id": "2666289130", "price": 3086.25, "amount": 1.001, "side": "buy", "timestamp": 1765583121573}, {"id": "2666289131", "price": 3086.27, "amount": 0.008, "side": "buy", "timestamp": 1765583121573}, {"id": "2666289132", "price": 3086.28, "amount": 0.179, "side": "buy", "timestamp": 1765583121573}, {"id": "2666289133", "price": 3086.29, "amount": 0.826, "side": "buy", "timestamp": 1765583121585}, {"id": "2666289134", "price": 3086.3, "amount": 0.055, "side": "buy", "timestamp": 1765583121603}, {"id": "2666289135", "price": 3086.31, "amount": 0.343, "side": "buy", "timestamp": 1765583121842}, {"id": "2666289136", "price": 3086.3, "amount": 1.314, "side": "sell", "timestamp": 1765583122118}, {"id": "2666289137", "price": 3086.31, "amount": 0.162, "side": "buy", "timestamp": 1765583122577}, {"id": "2666289138", "price": 3086.3, "amount": 1.755, "side": "sell", "timestamp": 1765583122847}, {"id": "2666289139", "price": 3086.31, "amount": 0.352, "side": "buy", "timestamp": 1765583122878}, {"id": "2666289140", "price": 3086.3, "amount": 0.324, "side": "sell", "timestamp": 1765583123044}, {"id": "2666289141", "price": 3086.3, "amount": 0.046, "side": "sell", "timestamp": 1765583123286}, {"id": "2666289142", "price": 3086.3, "amount": 0.016, "side": "sell", "timestamp": 1765583123449}, {"id": "2666289143", "price": 3086.3, "amount": 0.01, "side": "sell", "timestamp": 1765583123801}, {"id": "2666289144", "price": 3086.31, "amount": 0.351, "side": "buy", "timestamp": 1765583123856}, {"id": "2666289145", "price": 3086.3, "amount": 0.324, "side": "sell", "timestamp": 1765583124055}, {"id": "2666289146", "price": 3086.31, "amount": 3.995, "side": "buy", "timestamp": 1765583124694}, {"id": "2666289147", "price": 3086.31, "amount": 0.35, "side": "buy", "timestamp": 1765583124863}, {"id": "2666289148", "price": 3086.3, "amount": 0.324, "side": "sell", "timestamp": 1765583125067}, {"id": "2666289149", "price": 3086.3, "amount": 0.344, "side": "sell", "timestamp": 1765583125173}, {"id": "2666289150", "price": 3086.31, "amount": 7.389, "side": "buy", "timestamp": 1765583125328}, {"id": "2666289151", "price": 3086.31, "amount": 0.349, "side": "buy", "timestamp": 1765583125838}, {"id": "2666289152", "price": 3086.3, "amount": 0.34, "side": "sell", "timestamp": 1765583126089}, {"id": "2666289153", "price": 3086.31, "amount": 1.376, "side": "buy", "timestamp": 1765583126170}, {"id": "2666289154", "price": 3086.3, "amount": 0.023, "side": "sell", "timestamp": 1765583126174}, {"id": "2666289155", "price": 3086.3, "amount": 0.058, "side": "sell", "timestamp": 1765583126323}, {"id": "2666289156", "price": 3086.31, "amount": 0.666, "side": "buy", "timestamp": 1765583126793}, {"id": "2666289157", "price": 3086.32, "amount": 0.176, "side": "buy", "timestamp": 1765583126793}, {"id": "2666289158", "price": 3086.33, "amount": 1.515, "side": "buy", "timestamp": 1765583126793}, {"id": "2666289159", "price": 3086.34, "amount": 0.122, "side": "buy", "timestamp": 1765583126793}, {"id": "2666289160", "price": 3086.35, "amount": 0.365, "side": "buy", "timestamp": 1765583126793}, {"id": "2666289161", "price": 3086.36, "amount": 0.008, "side": "buy", "timestamp": 1765583126793}, {"id": "2666289162", "price": 3086.37, "amount": 1.071, "side": "buy", "timestamp": 1765583126793}, {"id": "2666289163", "price": 3086.38, "amount": 0.312, "side": "buy", "timestamp": 1765583126793}, {"id": "2666289164", "price": 3086.39, "amount": 0.348, "side": "buy", "timestamp": 1765583126823}, {"id": "2666289165", "price": 3086.39, "amount": 0.032, "side": "buy", "timestamp": 1765583127099}, {"id": "2666289166", "price": 3086.38, "amount": 0.324, "side": "sell", "timestamp": 1765583127108}, {"id": "2666289167", "price": 3086.39, "amount": 0.048, "side": "buy", "timestamp": 1765583127151}, {"id": "2666289168", "price": 3086.39, "amount": 0.166, "side": "buy", "timestamp": 1765583127404}, {"id": "2666289169", "price": 3086.39, "amount": 0.364, "side": "buy", "timestamp": 1765583127776}, {"id": "2666289170", "price": 3086.38, "amount": 0.324, "side": "sell", "timestamp": 1765583128163}, {"id": "2666289171", "price": 3086.39, "amount": 0.001, "side": "buy", "timestamp": 1765583128205}, {"id": "2666289172", "price": 3086.39, "amount": 0.363, "side": "buy", "timestamp": 1765583128760}, {"id": "2666289173", "price": 3086.38, "amount": 0.043, "side": "sell", "timestamp": 1765583128954}, {"id": "2666289409", "price": 3085.66, "amount": 0.008, "side": "sell", "timestamp": 1765583170461}, {"id": "2666289410", "price": 3085.65, "amount": 0.05, "side": "sell", "timestamp": 1765583170461}, {"id": "2666289411", "price": 3085.64, "amount": 0.007, "side": "sell", "timestamp": 1765583170461}, {"id": "2666289412", "price": 3085.63, "amount": 0.046, "side": "sell", "timestamp": 1765583170461}, {"id": "2666289413", "price": 3085.62, "amount": 0.176, "side": "sell", "timestamp": 1765583170461}, {"id": "2666289414", "price": 3085.61, "amount": 0.017, "side": "sell", "timestamp": 1765583170461}, {"id": "2666289415", "price": 3085.6, "amount": 0.017, "side": "sell", "timestamp": 1765583170461}, {"id": "2666289416", "price": 3085.59, "amount": 1.666, "side": "sell", "timestamp": 1765583170461}, {"id": "2666289417", "price": 3085.58, "amount": 0.062, "side": "sell", "timestamp": 1765583170461}, {"id": "2666289418", "price": 3085.57, "amount": 0.424, "side": "sell", "timestamp": 1765583170461}, {"id": "2666289419", "price": 3085.56, "amount": 0.037, "side": "sell", "timestamp": 1765583170461}, {"id": "2666289420", "price": 3085.55, "amount": 0.014, "side": "sell", "timestamp": 1765583170461}, {"id": "2666289421", "price": 3085.54, "amount": 0.022, "side": "sell", "timestamp": 1765583170461}, {"id": "2666289422", "price": 3085.52, "amount": 0.581, "side": "sell", "timestamp": 1765583170461}, {"id": "2666289423", "price": 3085.51, "amount": 0.832, "side": "sell", "timestamp": 1765583170461}, {"id": "2666289424", "price": 3085.5, "amount": 1.731, "side": "sell", "timestamp": 1765583170461}, {"id": "2666289425", "price": 3085.49, "amount": 0.532, "side": "sell", "timestamp": 1765583170462}, {"id": "2666289426", "price": 3085.48, "amount": 0.038, "side": "sell", "timestamp": 1765583170462}, {"id": "2666289427", "price": 3085.47, "amount": 1.019, "side": "sell", "timestamp": 1765583170462}, {"id": "2666289428", "price": 3085.46, "amount": 0.522, "side": "sell", "timestamp": 1765583170462}, {"id": "2666289429", "price": 3085.45, "amount": 0.164, "side": "sell", "timestamp": 1765583170462}, {"id": "2666289430", "price": 3085.44, "amount": 0.696, "side": "sell", "timestamp": 1765583170462}, {"id": "2666289431", "price": 3085.45, "amount": 0.016, "side": "buy", "timestamp": 1765583170849}, {"id": "2666289432", "price": 3085.45, "amount": 0.164, "side": "buy", "timestamp": 1765583170957}, {"id": "2666289433", "price": 3085.44, "amount": 0.015, "side": "sell", "timestamp": 1765583171370}, {"id": "2666289434", "price": 3085.44, "amount": 0.052, "side": "sell", "timestamp": 1765583171618}, {"id": "2666289435", "price": 3085.44, "amount": 0.036, "side": "sell", "timestamp": 1765583171752}, {"id": "2666289436", "price": 3085.44, "amount": 0.114, "side": "sell", "timestamp": 1765583171930}, {"id": "2666289437", "price": 3085.44, "amount": 0.016, "side": "sell", "timestamp": 1765583172339}, {"id": "2666289438", "price": 3085.44, "amount": 0.486, "side": "sell", "timestamp": 1765583172918}, {"id": "2666289439", "price": 3085.44, "amount": 0.163, "side": "sell", "timestamp": 1765583173574}, {"id": "2666289440", "price": 3085.44, "amount": 0.063, "side": "sell", "timestamp": 1765583174002}, {"id": "2666289441", "price": 3085.45, "amount": 0.141, "side": "buy", "timestamp": 1765583174763}, {"id": "2666289442", "price": 3085.44, "amount": 0.256, "side": "sell", "timestamp": 1765583176306}, {"id": "2666289443", "price": 3085.44, "amount": 1.673, "side": "sell", "timestamp": 1765583177570}, {"id": "2666289444", "price": 3085.44, "amount": 0.087, "side": "sell", "timestamp": 1765583177677}, {"id": "2666289445", "price": 3085.45, "amount": 0.291, "side": "buy", "timestamp": 1765583177696}, {"id": "2666289446", "price": 3085.44, "amount": 0.021, "side": "sell", "timestamp": 1765583178168}, {"id": "2666289447", "price": 3085.44, "amount": 0.027, "side": "sell", "timestamp": 1765583178385}, {"id": "2666289448", "price": 3085.44, "amount": 0.001, "side": "sell", "timestamp": 1765583178771}, {"id": "2666289449", "price": 3085.45, "amount": 0.17, "side": "buy", "timestamp": 1765583179116}, {"id": "2666289450", "price": 3085.44, "amount": 6.663, "side": "sell", "timestamp": 1765583179390}, {"id": "2666289451", "price": 3085.45, "amount": 0.016, "side": "buy", "timestamp": 1765583179693}, {"id": "2666289452", "price": 3085.44, "amount": 1.078, "side": "sell", "timestamp": 1765583179735}, {"id": "2666289453", "price": 3085.45, "amount": 1.5, "side": "buy", "timestamp": 1765583179735}, {"id": "2666289454", "price": 3085.44, "amount": 0.009, "side": "sell", "timestamp": 1765583180122}, {"id": "2666289455", "price": 3085.44, "amount": 0.001, "side": "sell", "timestamp": 1765583180705}, {"id": "2666289456", "price": 3085.44, "amount": 0.211, "side": "sell", "timestamp": 1765583181094}, {"id": "2666289457", "price": 3085.45, "amount": 0.007, "side": "buy", "timestamp": 1765583181603}, {"id": "2666289458", "price": 3085.44, "amount": 1.78, "side": "sell", "timestamp": 1765583181848}, {"id": "2666289646", "price": 3084.86, "amount": 1.0, "side": "buy", "timestamp": 1765583228601}, {"id": "2666289647", "price": 3084.85, "amount": 0.271, "side": "sell", "timestamp": 1765583228912}, {"id": "2666289648", "price": 3084.85, "amount": 0.84, "side": "sell", "timestamp": 1765583229202}, {"id": "2666289649", "price": 3084.86, "amount": 61.529, "side": "buy", "timestamp": 1765583229534}, {"id": "2666289650", "price": 3084.87, "amount": 0.211, "side": "buy", "timestamp": 1765583229540}, {"id": "2666289651", "price": 3084.88, "amount": 1.633, "side": "buy", "timestamp": 1765583229540}, {"id": "2666289652", "price": 3084.89, "amount": 0.095, "side": "buy", "timestamp": 1765583229541}, {"id": "2666289653", "price": 3084.9, "amount": 0.442, "side": "buy", "timestamp": 1765583229541}, {"id": "2666289654", "price": 3084.91, "amount": 0.027, "side": "buy", "timestamp": 1765583229541}, {"id": "2666289655", "price": 3084.92, "amount": 0.174, "side": "buy", "timestamp": 1765583229541}, {"id": "2666289656", "price": 3084.93, "amount": 0.008, "side": "buy", "timestamp": 1765583229541}, {"id": "2666289657", "price": 3084.94, "amount": 0.014, "side": "buy", "timestamp": 1765583229541}, {"id": "2666289658", "price": 3084.95, "amount": 0.046, "side": "buy", "timestamp": 1765583229541}, {"id": "2666289659", "price": 3084.96, "amount": 3.818, "side": "buy", "timestamp": 1765583229541}, {"id": "2666289660", "price": 3084.97, "amount": 0.986, "side": "buy", "timestamp": 1765583229541}, {"id": "2666289661", "price": 3084.98, "amount": 0.018, "side": "buy", "timestamp": 1765583229541}, {"id": "2666289662", "price": 3084.99, "amount": 0.007, "side": "buy", "timestamp": 1765583229541}, {"id": "2666289663", "price": 3085.0, "amount": 7.242, "side": "buy", "timestamp": 1765583229541}, {"id": "2666289664", "price": 3085.01, "amount": 0.98, "side": "buy", "timestamp": 1765583229544}, {"id": "2666289665", "price": 3085.02, "amount": 0.061, "side": "buy", "timestamp": 1765583229545}, {"id": "2666289666", "price": 3085.03, "amount": 0.028, "side": "buy", "timestamp": 1765583229545}, {"id": "2666289667", "price": 3085.04, "amount": 0.127, "side": "buy", "timestamp": 1765583229545}, {"id": "2666289668", "price": 3085.05, "amount": 7.471, "side": "buy", "timestamp": 1765583229545}, {"id": "2666289669", "price": 3085.06, "amount": 0.036, "side": "buy", "timestamp": 1765583229548}, {"id": "2666289670", "price": 3085.07, "amount": 2.894, "side": "buy", "timestamp": 1765583229548}, {"id": "2666289671", "price": 3085.08, "amount": 0.008, "side": "buy", "timestamp": 1765583229549}, {"id": "2666289672", "price": 3085.09, "amount": 0.052, "side": "buy", "timestamp": 1765583229549}, {"id": "2666289673", "price": 3085.1, "amount": 0.024, "side": "buy", "timestamp": 1765583229549}, {"id": "2666289674", "price": 3085.11, "amount": 0.01, "side": "buy", "timestamp": 1765583229549}, {"id": "2666289675", "price": 3085.12, "amount": 0.022, "side": "buy", "timestamp": 1765583229549}, {"id": "2666289676", "price": 3085.13, "amount": 0.038, "side": "buy", "timestamp": 1765583229549}, {"id": "2666289677", "price": 3085.14, "amount": 0.008, "side": "buy", "timestamp": 1765583229549}, {"id": "2666289678", "price": 3085.15, "amount": 2.517, "side": "buy", "timestamp": 1765583229549}, {"id": "2666289679", "price": 3085.16, "amount": 1.85, "side": "buy", "timestamp": 1765583229553}, {"id": "2666289680", "price": 3085.17, "amount": 1.015, "side": "buy", "timestamp": 1765583229559}, {"id": "2666289681", "price": 3085.16, "amount": 0.391, "side": "sell", "timestamp": 1765583230259}, {"id": "2666289682", "price": 3085.16, "amount": 0.01, "side": "sell", "timestamp": 1765583231009}, {"id": "2666289683", "price": 3085.17, "amount": 0.017, "side": "buy", "timestamp": 1765583231165}, {"id": "2666289684", "price": 3085.17, "amount": 0.611, "side": "buy", "timestamp": 1765583231431}, {"id": "2666289685", "price": 3085.17, "amount": 0.023, "side": "buy", "timestamp": 1765583231643}, {"id": "2666289686", "price": 3085.16, "amount": 0.023, "side": "sell", "timestamp": 1765583231741}, {"id": "2666289687", "price": 3085.17, "amount": 2.853, "side": "buy", "timestamp": 1765583231867}, {"id": "2666289688", "price": 3085.16, "amount": 0.002, "side": "sell", "timestamp": 1765583232604}, {"id": "2666289689", "price": 3085.16, "amount": 0.009, "side": "sell", "timestamp": 1765583232867}, {"id": "2666289690", "price": 3085.16, "amount": 0.008, "side": "sell", "timestamp": 1765583233882}, {"id": "2666289691", "price": 3085.17, "amount": 0.224, "side": "buy", "timestamp": 1765583233913}, {"id": "2666289692", "price": 3085.16, "amount": 9.637, "side": "sell", "timestamp": 1765583233988}, {"id": "2666289693", "price": 3085.16, "amount": 0.248, "side": "sell", "timestamp": 1765583234271}, {"id": "2666289694", "price": 3085.16, "amount": 1.582, "side": "sell", "timestamp": 1765583234427}, {"id": "2666289695", "price": 3085.17, "amount": 0.486, "side": "buy", "timestamp": 1765583235368}, {"id": "2666289883", "price": 3085.85, "amount": 0.145, "side": "buy", "timestamp": 1765583281916}, {"id": "2666289884", "price": 3085.85, "amount": 0.05, "side": "buy", "timestamp": 1765583282415}, {"id": "2666289885", "price": 3085.85, "amount": 0.008, "side": "buy", "timestamp": 1765583282711}, {"id": "2666289886", "price": 3085.85, "amount": 0.191, "side": "buy", "timestamp": 1765583283128}, {"id": "2666289887", "price": 3085.84, "amount": 0.009, "side": "sell", "timestamp": 1765583283228}, {"id": "2666289888", "price": 3085.85, "amount": 0.892, "side": "buy", "timestamp": 1765583283419}, {"id": "2666289889", "price": 3085.85, "amount": 0.427, "side": "buy", "timestamp": 1765583283551}, {"id": "2666289890", "price": 3085.85, "amount": 0.012, "side": "buy", "timestamp": 1765583283713}, {"id": "2666289891", "price": 3085.85, "amount": 0.042, "side": "buy", "timestamp": 1765583284682}, {"id": "2666289892", "price": 3085.85, "amount": 2.684, "side": "buy", "timestamp": 1765583284918}, {"id": "2666289893", "price": 3085.85, "amount": 0.05, "side": "buy", "timestamp": 1765583285512}, {"id": "2666289894", "price": 3085.85, "amount": 2.524, "side": "buy", "timestamp": 1765583285836}, {"id": "2666289895", "price": 3085.84, "amount": 3.283, "side": "sell", "timestamp": 1765583286008}, {"id": "2666289896", "price": 3085.85, "amount": 0.009, "side": "buy", "timestamp": 1765583286028}, {"id": "2666289897", "price": 3085.85, "amount": 0.015, "side": "buy", "timestamp": 1765583286255}, {"id": "2666289898", "price": 3085.84, "amount": 0.161, "side": "sell", "timestamp": 1765583286773}, {"id": "2666289899", "price": 3085.85, "amount": 0.013, "side": "buy", "timestamp": 1765583287135}, {"id": "2666289900", "price": 3085.84, "amount": 0.184, "side": "sell", "timestamp": 1765583287382}, {"id": "2666289901", "price": 3085.84, "amount": 0.007, "side": "sell", "timestamp": 1765583287563}, {"id": "2666289902", "price": 3085.85, "amount": 0.039, "side": "buy", "timestamp": 1765583287658}, {"id": "2666289903", "price": 3085.84, "amount": 4.851, "side": "sell", "timestamp": 1765583287875}, {"id": "2666289904", "price": 3085.83, "amount": 2.092, "side": "sell", "timestamp": 1765583287875}, {"id": "2666289905", "price": 3085.81, "amount": 0.439, "side": "sell", "timestamp": 1765583287878}, {"id": "2666289906", "price": 3085.8, "amount": 0.014, "side": "sell", "timestamp": 1765583287881}, {"id": "2666289907", "price": 3085.78, "amount": 0.063, "side": "sell", "timestamp": 1765583287882}, {"id": "2666289908", "price": 3085.77, "amount": 0.038, "side": "sell", "timestamp": 1765583287882}, {"id": "2666289909", "price": 3085.76, "amount": 0.831, "side": "sell", "timestamp": 1765583287882}, {"id": "2666289910", "price": 3085.75, "amount": 0.008, "side": "sell", "timestamp": 1765583287882}, {"id": "2666289911", "price": 3085.73, "amount": 0.052, "side": "sell", "timestamp": 1765583287884}, {"id": "2666289912", "price": 3085.72, "amount": 0.017, "side": "sell", "timestamp": 1765583287884}, {"id": "2666289913", "price": 3085.71, "amount": 0.038, "side": "sell", "timestamp": 1765583287884}, {"id": "2666289914", "price": 3085.7, "amount": 0.008, "side": "sell", "timestamp": 1765583287884}, {"id": "2666289915", "price": 3085.69, "amount": 0.433, "side": "sell", "timestamp": 1765583287884}, {"id": "2666289916", "price": 3085.68, "amount": 0.008, "side": "sell", "timestamp": 1765583287884}, {"id": "2666289917", "price": 3085.66, "amount": 0.16, "side": "sell", "timestamp": 1765583287884}, {"id": "2666289918", "price": 3085.65, "amount": 0.055, "side": "sell", "timestamp": 1765583287885}, {"id": "2666289919", "price": 3085.64, "amount": 0.014, "side": "sell", "timestamp": 1765583287885}, {"id": "2666289920", "price": 3085.63, "amount": 0.008, "side": "sell", "timestamp": 1765583287885}, {"id": "2666289921", "price": 3085.62, "amount": 0.021, "side": "sell", "timestamp": 1765583287885}, {"id": "2666289922", "price": 3085.61, "amount": 0.981, "side": "sell", "timestamp": 1765583287885}, {"id": "2666289923", "price": 3085.6, "amount": 0.423, "side": "sell", "timestamp": 1765583287887}, {"id": "2666289924", "price": 3085.59, "amount": 0.009, "side": "sell", "timestamp": 1765583287887}, {"id": "2666289925", "price": 3085.58, "amount": 0.014, "side": "sell", "timestamp": 1765583287887}, {"id": "2666289926", "price": 3085.57, "amount": 0.008, "side": "sell", "timestamp": 1765583287887}, {"id": "2666289927", "price": 3085.56, "amount": 0.045, "side": "sell", "timestamp": 1765583287887}, {"id": "2666289928", "price": 3085.55, "amount": 0.475, "side": "sell", "timestamp": 1765583287890}, {"id": "2666289929", "price": 3085.54, "amount": 0.658, "side": "sell", "timestamp": 1765583287902}, {"id": "2666289930", "price": 3085.53, "amount": 0.365, "side": "sell", "timestamp": 1765583287908}, {"id": "2666289931", "price": 3085.53, "amount": 0.809, "side": "buy", "timestamp": 1765583287983}, {"id": "2666289932", "price": 3085.53, "amount": 0.151, "side": "buy", "timestamp": 1765583288287}, {"id": "2666290070", "price": 3085.47, "amount": 0.008, "side": "sell", "timestamp": 1765583332116}, {"id": "2666290071", "price": 3085.46, "amount": 0.014, "side": "sell", "timestamp": 1765583332116}, {"id": "2666290072", "price": 3085.45, "amount": 0.008, "side": "sell", "timestamp": 1765583332116}, {"id": "2666290073", "price": 3085.44, "amount": 0.942, "side": "sell", "timestamp": 1765583332116}, {"id": "2666290074", "price": 3085.43, "amount": 0.007, "side": "sell", "timestamp": 1765583332116}, {"id": "2666290075", "price": 3085.42, "amount": 0.231, "side": "sell", "timestamp": 1765583332116}, {"id": "2666290076", "price": 3085.4, "amount": 0.028, "side": "sell", "timestamp": 1765583332116}, {"id": "2666290077", "price": 3085.39, "amount": 0.864, "side": "sell", "timestamp": 1765583332116}, {"id": "2666290078", "price": 3085.38, "amount": 0.206, "side": "sell", "timestamp": 1765583332116}, {"id": "2666290079", "price": 3085.37, "amount": 0.007, "side": "sell", "timestamp": 1765583332116}, {"id": "2666290080", "price": 3085.36, "amount": 0.015, "side": "sell", "timestamp": 1765583332116}, {"id": "2666290081", "price": 3085.35, "amount": 0.028, "side": "sell", "timestamp": 1765583332116}, {"id": "2666290082", "price": 3085.34, "amount": 0.206, "side": "sell", "timestamp": 1765583332116}, {"id": "2666290083", "price": 3085.33, "amount": 0.974, "side": "sell", "timestamp": 1765583332116}, {"id": "2666290084", "price": 3085.32, "amount": 1.327, "side": "sell", "timestamp": 1765583332116}, {"id": "2666290085", "price": 3085.31, "amount": 0.65, "side": "sell", "timestamp": 1765583332116}, {"id": "2666290086", "price": 3085.3, "amount": 0.477, "side": "sell", "timestamp": 1765583332116}, {"id": "2666290087", "price": 3085.3, "amount": 0.019, "side": "sell", "timestamp": 1765583332247}, {"id": "2666290088", "price": 3085.31, "amount": 0.001, "side": "buy", "timestamp": 1765583332283}, {"id": "2666290089", "price": 3085.3, "amount": 0.5, "side": "sell", "timestamp": 1765583332561}, {"id": "2666290090", "price": 3085.31, "amount": 0.003, "side": "buy", "timestamp": 1765583333450}, {"id": "2666290091", "price": 3085.31, "amount": 0.064, "side": "buy", "timestamp": 1765583333779}, {"id": "2666290092", "price": 3085.3, "amount": 0.007, "side": "sell", "timestamp": 1765583333989}, {"id": "2666290093", "price": 3085.3, "amount": 0.015, "side": "sell", "timestamp": 1765583334274}, {"id": "2666290094", "price": 3085.3, "amount": 0.489, "side": "sell", "timestamp": 1765583334438}, {"id": "2666290095", "price": 3085.31, "amount": 0.005, "side": "buy", "timestamp": 1765583334718}, {"id": "2666290096", "price": 3085.3, "amount": 1.592, "side": "sell", "timestamp": 1765583334978}, {"id": "2666290097", "price": 3085.3, "amount": 0.007, "side": "sell", "timestamp": 1765583336052}, {"id": "2666290098", "price": 3085.31, "amount": 0.004, "side": "buy", "timestamp": 1765583336094}, {"id": "2666290099", "price": 3085.31, "amount": 7.129, "side": "buy", "timestamp": 1765583336752}, {"id": "2666290100", "price": 3085.31, "amount": 0.005, "side": "buy", "timestamp": 1765583337046}, {"id": "2666290101", "price": 3085.3, "amount": 0.091, "side": "sell", "timestamp": 1765583337048}, {"id": "2666290102", "price": 3085.31, "amount": 1.617, "side": "buy", "timestamp": 1765583337620}, {"id": "2666290103", "price": 3085.31, "amount": 1.751, "side": "buy", "timestamp": 1765583337822}, {"id": "2666290104", "price": 3085.3, "amount": 4.088, "side": "sell", "timestamp": 1765583337848}, {"id": "2666290105", "price": 3085.3, "amount": 0.035, "side": "sell", "timestamp": 1765583338090}, {"id": "2666290106", "price": 3085.31, "amount": 0.004, "side": "buy", "timestamp": 1765583338308}, {"id": "2666290107", "price": 3085.3, "amount": 0.082, "side": "sell", "timestamp": 1765583338762}, {"id": "2666290108", "price": 3085.31, "amount": 0.5, "side": "buy", "timestamp": 1765583338794}, {"id": "2666290109", "price": 3085.31, "amount": 0.049, "side": "buy", "timestamp": 1765583339255}, {"id": "2666290110", "price": 3085.31, "amount": 0.3, "side": "buy", "timestamp": 1765583339566}, {"id": "2666290111", "price": 3085.31, "amount": 1.0, "side": "buy", "timestamp": 1765583339804}, {"id": "2666290112", "price": 3085.31, "amount": 2.616, "side": "buy", "timestamp": 1765583340065}, {"id": "2666290113", "price": 3085.3, "amount": 20.788, "side": "sell", "timestamp": 1765583340085}, {"id": "2666290114", "price": 3085.31, "amount": 0.01, "side": "buy", "timestamp": 1765583340258}, {"id": "2666290115", "price": 3085.3, "amount": 0.241, "side": "sell", "timestamp": 1765583340610}, {"id": "2666290116", "price": 3085.3, "amount": 0.007, "side": "sell", "timestamp": 1765583341118}, {"id": "2666290117", "price": 3085.3, "amount": 1.23, "side": "sell", "timestamp": 1765583341305}, {"id": "2666290118", "price": 3085.31, "amount": 0.009, "side": "buy", "timestamp": 1765583341366}, {"id": "2666290119", "price": 3085.3, "amount": 0.049, "side": "sell", "timestamp": 1765583342055}, {"id": "2666290402", "price": 3085.4, "amount": 0.164, "side": "sell", "timestamp": 1765583378599}, {"id": "2666290403", "price": 3085.41, "amount": 0.017, "side": "buy", "timestamp": 1765583379692}, {"id": "2666290404", "price": 3085.4, "amount": 0.024, "side": "sell", "timestamp": 1765583379708}, {"id": "2666290405", "price": 3085.4, "amount": 0.029, "side": "sell", "timestamp": 1765583380606}, {"id": "2666290406", "price": 3085.4, "amount": 0.036, "side": "sell", "timestamp": 1765583380833}, {"id": "2666290407", "price": 3085.41, "amount": 0.029, "side": "buy", "timestamp": 1765583380870}, {"id": "2666290408", "price": 3085.4, "amount": 0.032, "side": "sell", "timestamp": 1765583381104}, {"id": "2666290409", "price": 3085.41, "amount": 0.029, "side": "buy", "timestamp": 1765583381827}, {"id": "2666290410", "price": 3085.41, "amount": 0.162, "side": "buy", "timestamp": 1765583382674}, {"id": "2666290411", "price": 3085.4, "amount": 0.041, "side": "sell", "timestamp": 1765583382751}, {"id": "2666290412", "price": 3085.41, "amount": 0.024, "side": "buy", "timestamp": 1765583382987}, {"id": "2666290413", "price": 3085.41, "amount": 0.001, "side": "buy", "timestamp": 1765583384098}, {"id": "2666290414", "price": 3085.41, "amount": 0.194, "side": "buy", "timestamp": 1765583384878}, {"id": "2666290415", "price": 3085.4, "amount": 0.081, "side": "sell", "timestamp": 1765583384883}, {"id": "2666290416", "price": 3085.41, "amount": 0.002, "side": "buy", "timestamp": 1765583385151}, {"id": "2666290417", "price": 3085.41, "amount": 0.003, "side": "buy", "timestamp": 1765583386107}, {"id": "2666290418", "price": 3085.4, "amount": 0.253, "side": "sell", "timestamp": 1765583386267}, {"id": "2666290419", "price": 3085.41, "amount": 0.116, "side": "buy", "timestamp": 1765583386517}, {"id": "2666290420", "price": 3085.4, "amount": 0.878, "side": "sell", "timestamp": 1765583386793}, {"id": "2666290421", "price": 3085.41, "amount": 2.65, "side": "buy", "timestamp": 1765583386942}, {"id": "2666290422", "price": 3085.4, "amount": 0.082, "side": "sell", "timestamp": 1765583387033}, {"id": "2666290423", "price": 3085.4, "amount": 0.162, "side": "sell", "timestamp": 1765583387266}, {"id": "2666290424", "price": 3085.41, "amount": 0.003, "side": "buy", "timestamp": 1765583387319}, {"id": "2666290425", "price": 3085.41, "amount": 0.004, "side": "buy", "timestamp": 1765583387740}, {"id": "2666290426", "price": 3085.41, "amount": 0.002, "side": "buy", "timestamp": 1765583388266}, {"id": "2666290427", "price": 3085.41, "amount": 0.018, "side": "buy", "timestamp": 1765583388531}, {"id": "2666290428", "price": 3085.41, "amount": 0.071, "side": "buy", "timestamp": 1765583388881}, {"id": "2666290429", "price": 3085.4, "amount": 0.043, "side": "sell", "timestamp": 1765583389043}, {"id": "2666290430", "price": 3085.41, "amount": 0.212, "side": "buy", "timestamp": 1765583389061}, {"id": "2666290431", "price": 3085.41, "amount": 0.004, "side": "buy", "timestamp": 1765583389277}, {"id": "2666290432", "price": 3085.41, "amount": 0.041, "side": "buy", "timestamp": 1765583389386}, {"id": "2666290433", "price": 3085.41, "amount": 1.077, "side": "buy", "timestamp": 1765583389572}, {"id": "2666290434", "price": 3085.41, "amount": 0.035, "side": "buy", "timestamp": 1765583389770}, {"id": "2666290435", "price": 3085.41, "amount": 1.165, "side": "buy", "timestamp": 1765583389900}, {"id": "2666290436", "price": 3085.41, "amount": 0.572, "side": "buy", "timestamp": 1765583390104}, {"id": "2666290437", "price": 3085.41, "amount": 0.53, "side": "buy", "timestamp": 1765583390222}, {"id": "2666290438", "price": 3085.41, "amount": 9.133, "side": "buy", "timestamp": 1765583390468}, {"id": "2666290439", "price": 3085.41, "amount": 0.215, "side": "buy", "timestamp": 1765583391329}, {"id": "2666290440", "price": 3085.41, "amount": 0.007, "side": "buy", "timestamp": 1765583391624}, {"id": "2666290441", "price": 3085.41, "amount": 0.324, "side": "buy", "timestamp": 1765583392034}, {"id": "2666290442", "price": 3085.4, "amount": 64.798, "side": "sell", "timestamp": 1765583392233}, {"id": "2666290443", "price": 3085.41, "amount": 0.005, "side": "buy", "timestamp": 1765583392731}, {"id": "2666290444", "price": 3085.41, "amount": 0.008, "side": "buy", "timestamp": 1765583393789}, {"id": "2666290445", "price": 3085.41, "amount": 0.015, "side": "buy", "timestamp": 1765583393892}, {"id": "2666290446", "price": 3085.4, "amount": 0.022, "side": "sell", "timestamp": 1765583394259}, {"id": "2666290447", "price": 3085.41, "amount": 0.03, "side": "buy", "timestamp": 1765583394308}, {"id": "2666290448", "price": 3085.41, "amount": 1.511, "side": "buy", "timestamp": 1765583394480}, {"id": "2666290449", "price": 3085.4, "amount": 0.058, "side": "sell", "timestamp": 1765583394698}, {"id": "2666290450", "price": 3085.41, "amount": 2.0, "side": "buy", "timestamp": 1765583394814}, {"id": "2666290451", "price": 3085.41, "amount": 0.007, "side": "buy", "timestamp": 1765583394959}, {"id": "2666290795", "price": 3085.49, "amount": 0.015, "side": "sell", "timestamp": 1765583437136}, {"id": "2666290796", "price": 3085.5, "amount": 0.065, "side": "buy", "timestamp": 1765583437268}, {"id": "2666290797", "price": 3085.49, "amount": 0.034, "side": "sell", "timestamp": 1765583437409}, {"id": "2666290798", "price": 3085.5, "amount": 0.065, "side": "buy", "timestamp": 1765583437410}, {"id": "2666290799", "price": 3085.49, "amount": 0.014, "side": "sell", "timestamp": 1765583437414}, {"id": "2666290800", "price": 3085.5, "amount": 10.077, "side": "buy", "timestamp": 1765583437415}, {"id": "2666290801", "price": 3085.5, "amount": 0.065, "side": "buy", "timestamp": 1765583437552}, {"id": "2666290802", "price": 3085.5, "amount": 0.065, "side": "buy", "timestamp": 1765583437694}, {"id": "2666290803", "price": 3085.5, "amount": 0.065, "side": "buy", "timestamp": 1765583437837}, {"id": "2666290804", "price": 3085.5, "amount": 0.582, "side": "buy", "timestamp": 1765583437979}, {"id": "2666290805", "price": 3085.5, "amount": 0.065, "side": "buy", "timestamp": 1765583438121}, {"id": "2666290806", "price": 3085.5, "amount": 0.065, "side": "buy", "timestamp": 1765583438264}, {"id": "2666290807", "price": 3085.5, "amount": 0.065, "side": "buy", "timestamp": 1765583438406}, {"id": "2666290808", "price": 3085.5, "amount": 0.065, "side": "buy", "timestamp": 1765583438549}, {"id": "2666290809", "price": 3085.5, "amount": 0.044, "side": "buy", "timestamp": 1765583438692}, {"id": "2666290810", "price": 3085.5, "amount": 0.135, "side": "buy", "timestamp": 1765583439131}, {"id": "2666290811", "price": 3085.5, "amount": 0.072, "side": "buy", "timestamp": 1765583440001}, {"id": "2666290812", "price": 3085.5, "amount": 0.065, "side": "buy", "timestamp": 1765583440142}, {"id": "2666290813", "price": 3085.49, "amount": 0.071, "side": "sell", "timestamp": 1765583440212}, {"id": "2666290814", "price": 3085.5, "amount": 3.015, "side": "buy", "timestamp": 1765583440264}, {"id": "2666290815", "price": 3085.49, "amount": 0.17, "side": "sell", "timestamp": 1765583440374}, {"id": "2666290816", "price": 3085.5, "amount": 0.079, "side": "buy", "timestamp": 1765583440400}, {"id": "2666290817", "price": 3085.5, "amount": 0.065, "side": "buy", "timestamp": 1765583440566}, {"id": "2666290818", "price": 3085.5, "amount": 0.065, "side": "buy", "timestamp": 1765583440708}, {"id": "2666290819", "price": 3085.5, "amount": 0.065, "side": "buy", "timestamp": 1765583440849}, {"id": "2666290820", "price": 3085.5, "amount": 0.065, "side": "buy", "timestamp": 1765583440991}, {"id": "2666290821", "price": 3085.5, "amount": 1.18, "side": "buy", "timestamp": 1765583441285}, {"id": "2666290822", "price": 3085.49, "amount": 2.201, "side": "sell", "timestamp": 1765583441714}, {"id": "2666290823", "price": 3085.5, "amount": 0.064, "side": "buy", "timestamp": 1765583441766}, {"id": "2666290824", "price": 3085.49, "amount": 0.05, "side": "sell", "timestamp": 1765583441916}, {"id": "2666290825", "price": 3085.5, "amount": 0.038, "side": "buy", "timestamp": 1765583442750}, {"id": "2666290826", "price": 3085.5, "amount": 3.16, "side": "buy", "timestamp": 1765583443051}, {"id": "2666290827", "price": 3085.5, "amount": 0.181, "side": "buy", "timestamp": 1765583443485}, {"id": "2666290828", "price": 3085.5, "amount": 11.032, "side": "buy", "timestamp": 1765583443628}, {"id": "2666290829", "price": 3085.5, "amount": 0.119, "side": "buy", "timestamp": 1765583443786}, {"id": "2666290830", "price": 3085.51, "amount": 0.052, "side": "buy", "timestamp": 1765583443786}, {"id": "2666290831", "price": 3085.53, "amount": 0.045, "side": "buy", "timestamp": 1765583443786}, {"id": "2666290832", "price": 3085.54, "amount": 0.456, "side": "buy", "timestamp": 1765583443789}, {"id": "2666290833", "price": 3085.53, "amount": 0.014, "side": "sell", "timestamp": 1765583443790}, {"id": "2666290834", "price": 3085.54, "amount": 0.014, "side": "buy", "timestamp": 1765583443793}, {"id": "2666290835", "price": 3085.55, "amount": 0.009, "side": "buy", "timestamp": 1765583443968}, {"id": "2666290836", "price": 3085.54, "amount": 0.021, "side": "sell", "timestamp": 1765583444221}, {"id": "2666290837", "price": 3085.55, "amount": 0.001, "side": "buy", "timestamp": 1765583444669}, {"id": "2666290838", "price": 3085.54, "amount": 0.015, "side": "sell", "timestamp": 1765583445036}, {"id": "2666290839", "price": 3085.55, "amount": 0.007, "side": "buy", "timestamp": 1765583445385}, {"id": "2666290840", "price": 3085.54, "amount": 0.056, "side": "sell", "timestamp": 1765583445497}, {"id": "2666290841", "price": 3085.55, "amount": 0.145, "side": "buy", "timestamp": 1765583445544}, {"id": "2666290842", "price": 3085.55, "amount": 0.027, "side": "buy", "timestamp": 1765583445896}, {"id": "2666290843", "price": 3085.54, "amount": 2.766, "side": "sell", "timestamp": 1765583446751}, {"id": "2666290844", "price": 3085.54, "amount": 0.34, "side": "sell", "timestamp": 1765583447183}, {"id": "2666291304", "price": 3086.91, "amount": 0.065, "side": "buy", "timestamp": 1765583497035}, {"id": "2666291305", "price": 3086.9, "amount": 0.331, "side": "sell", "timestamp": 1765583497112}, {"id": "2666291306", "price": 3086.91, "amount": 0.065, "side": "buy", "timestamp": 1765583497163}, {"id": "2666291307", "price": 3086.91, "amount": 0.065, "side": "buy", "timestamp": 1765583497290}, {"id": "2666291308", "price": 3086.91, "amount": 0.065, "side": "buy", "timestamp": 1765583497419}, {"id": "2666291309", "price": 3086.91, "amount": 0.065, "side": "buy", "timestamp": 1765583497547}, {"id": "2666291310", "price": 3086.91, "amount": 0.065, "side": "buy", "timestamp": 1765583497674}, {"id": "2666291311", "price": 3086.9, "amount": 41.115, "side": "sell", "timestamp": 1765583497702}, {"id": "2666291312", "price": 3086.89, "amount": 1.134, "side": "sell", "timestamp": 1765583497703}, {"id": "2666291313", "price": 3086.88, "amount": 1.98, "side": "sell", "timestamp": 1765583497703}, {"id": "2666291314", "price": 3086.87, "amount": 0.038, "side": "sell", "timestamp": 1765583497703}, {"id": "2666291315", "price": 3086.86, "amount": 0.009, "side": "sell", "timestamp": 1765583497703}, {"id": "2666291316", "price": 3086.85, "amount": 0.338, "side": "sell", "timestamp": 1765583497704}, {"id": "2666291317", "price": 3086.84, "amount": 0.053, "side": "sell", "timestamp": 1765583497704}, {"id": "2666291318", "price": 3086.83, "amount": 0.06, "side": "sell", "timestamp": 1765583497704}, {"id": "2666291319", "price": 3086.8, "amount": 0.017, "side": "sell", "timestamp": 1765583497704}, {"id": "2666291320", "price": 3086.79, "amount": 0.014, "side": "sell", "timestamp": 1765583497704}, {"id": "2666291321", "price": 3086.78, "amount": 0.038, "side": "sell", "timestamp": 1765583497704}, {"id": "2666291322", "price": 3086.77, "amount": 0.008, "side": "sell", "timestamp": 1765583497704}, {"id": "2666291323", "price": 3086.76, "amount": 0.014, "side": "sell", "timestamp": 1765583497704}, {"id": "2666291324", "price": 3086.75, "amount": 0.292, "side": "sell", "timestamp": 1765583497704}, {"id": "2666291325", "price": 3086.74, "amount": 7.177, "side": "sell", "timestamp": 1765583497704}, {"id": "2666291326", "price": 3086.73, "amount": 18.734, "side": "sell", "timestamp": 1765583497708}, {"id": "2666291327", "price": 3086.72, "amount": 0.007, "side": "sell", "timestamp": 1765583497709}, {"id": "2666291328", "price": 3086.7, "amount": 0.393, "side": "sell", "timestamp": 1765583497709}, {"id": "2666291329", "price": 3086.69, "amount": 0.023, "side": "sell", "timestamp": 1765583497710}, {"id": "2666291330", "price": 3086.67, "amount": 0.185, "side": "sell", "timestamp": 1765583497723}, {"id": "2666291331", "price": 3086.66, "amount": 0.692, "side": "sell", "timestamp": 1765583497723}, {"id": "2666291332", "price": 3086.64, "amount": 0.068, "side": "sell", "timestamp": 1765583497728}, {"id": "2666291333", "price": 3086.62, "amount": 0.008, "side": "sell", "timestamp": 1765583497728}, {"id": "2666291334", "price": 3086.61, "amount": 0.014, "side": "sell", "timestamp": 1765583497728}, {"id": "2666291335", "price": 3086.6, "amount": 0.073, "side": "sell", "timestamp": 1765583497728}, {"id": "2666291336", "price": 3086.59, "amount": 0.3, "side": "sell", "timestamp": 1765583497728}, {"id": "2666291337", "price": 3086.58, "amount": 0.021, "side": "sell", "timestamp": 1765583497728}, {"id": "2666291338", "price": 3086.57, "amount": 0.015, "side": "sell", "timestamp": 1765583497728}, {"id": "2666291339", "price": 3086.56, "amount": 1.096, "side": "sell", "timestamp": 1765583497728}, {"id": "2666291340", "price": 3086.55, "amount": 1.122, "side": "sell", "timestamp": 1765583497728}, {"id": "2666291341", "price": 3086.54, "amount": 0.06, "side": "sell", "timestamp": 1765583497731}, {"id": "2666291342", "price": 3086.53, "amount": 0.007, "side": "sell", "timestamp": 1765583497731}, {"id": "2666291343", "price": 3086.52, "amount": 5.806, "side": "sell", "timestamp": 1765583497731}, {"id": "2666291344", "price": 3086.51, "amount": 0.008, "side": "sell", "timestamp": 1765583497741}, {"id": "2666291345", "price": 3086.5, "amount": 0.187, "side": "sell", "timestamp": 1765583497741}, {"id": "2666291346", "price": 3086.49, "amount": 0.331, "side": "sell", "timestamp": 1765583498008}, {"id": "2666291347", "price": 3086.49, "amount": 0.013, "side": "sell", "timestamp": 1765583498593}, {"id": "2666291348", "price": 3086.5, "amount": 0.351, "side": "buy", "timestamp": 1765583498698}, {"id": "2666291349", "price": 3086.49, "amount": 0.334, "side": "sell", "timestamp": 1765583498975}, {"id": "2666291350", "price": 3086.49, "amount": 0.152, "side": "sell", "timestamp": 1765583499207}, {"id": "2666291351", "price": 3086.49, "amount": 0.354, "side": "sell", "timestamp": 1765583500080}, {"id": "2666291352", "price": 3086.5, "amount": 0.161, "side": "buy", "timestamp": 1765583500713}, {"id": "2666291353", "price": 3086.49, "amount": 0.324, "side": "sell", "timestamp": 1765583501102}, {"id": "2666291865", "price": 3085.54, "amount": 2.591, "side": "sell", "timestamp": 1765583549651}, {"id": "2666291866", "price": 3085.54, "amount": 4.399, "side": "sell", "timestamp": 1765583549783}, {"id": "2666291867", "price": 3085.55, "amount": 0.065, "side": "buy", "timestamp": 1765583550001}, {"id": "2666291868", "price": 3085.55, "amount": 0.065, "side": "buy", "timestamp": 1765583550109}, {"id": "2666291869", "price": 3085.54, "amount": 0.324, "side": "sell", "timestamp": 1765583550118}, {"id": "2666291870", "price": 3085.55, "amount": 0.065, "side": "buy", "timestamp": 1765583550217}, {"id": "2666291871", "price": 3085.55, "amount": 0.065, "side": "buy", "timestamp": 1765583550324}, {"id": "2666291872", "price": 3085.55, "amount": 0.065, "side": "buy", "timestamp": 1765583550432}, {"id": "2666291873", "price": 3085.55, "amount": 0.065, "side": "buy", "timestamp": 1765583550539}, {"id": "2666291874", "price": 3085.55, "amount": 0.065, "side": "buy", "timestamp": 1765583550646}, {"id": "2666291875", "price": 3085.55, "amount": 0.065, "side": "buy", "timestamp": 1765583550754}, {"id": "2666291876", "price": 3085.55, "amount": 0.065, "side": "buy", "timestamp": 1765583550861}, {"id": "2666291877", "price": 3085.55, "amount": 0.065, "side": "buy", "timestamp": 1765583550969}, {"id": "2666291878", "price": 3085.55, "amount": 0.065, "side": "buy", "timestamp": 1765583551077}, {"id": "2666291879", "price": 3085.54, "amount": 0.324, "side": "sell", "timestamp": 1765583551129}, {"id": "2666291880", "price": 3085.55, "amount": 0.065, "side": "buy", "timestamp": 1765583551184}, {"id": "2666291881", "price": 3085.55, "amount": 0.065, "side": "buy", "timestamp": 1765583551292}, {"id": "2666291882", "price": 3085.55, "amount": 0.065, "side": "buy", "timestamp": 1765583551399}, {"id": "2666291883", "price": 3085.55, "amount": 0.065, "side": "buy", "timestamp": 1765583551506}, {"id": "2666291884", "price": 3085.55, "amount": 0.065, "side": "buy", "timestamp": 1765583551614}, {"id": "2666291885", "price": 3085.55, "amount": 0.065, "side": "buy", "timestamp": 1765583551722}, {"id": "2666291886", "price": 3085.54, "amount": 0.169, "side": "sell", "timestamp": 1765583551808}, {"id": "2666291887", "price": 3085.55, "amount": 0.065, "side": "buy", "timestamp": 1765583551829}, {"id": "2666291888", "price": 3085.55, "amount": 0.082, "side": "buy", "timestamp": 1765583551938}, {"id": "2666291889", "price": 3085.55, "amount": 0.065, "side": "buy", "timestamp": 1765583552045}, {"id": "2666291890", "price": 3085.55, "amount": 0.239, "side": "buy", "timestamp": 1765583552152}, {"id": "2666291891", "price": 3085.55, "amount": 0.065, "side": "buy", "timestamp": 1765583552260}, {"id": "2666291892", "price": 3085.55, "amount": 0.065, "side": "buy", "timestamp": 1765583552367}, {"id": "2666291893", "price": 3085.54, "amount": 0.845, "side": "sell", "timestamp": 1765583552386}, {"id": "2666291894", "price": 3085.55, "amount": 0.065, "side": "buy", "timestamp": 1765583552475}, {"id": "2666291895", "price": 3085.55, "amount": 0.065, "side": "buy", "timestamp": 1765583552582}, {"id": "2666291896", "price": 3085.55, "amount": 0.065, "side": "buy", "timestamp": 1765583552690}, {"id": "2666291897", "price": 3085.55, "amount": 0.065, "side": "buy", "timestamp": 1765583552797}, {"id": "2666291898", "price": 3085.54, "amount": 1.15, "side": "sell", "timestamp": 1765583552809}, {"id": "2666291899", "price": 3085.55, "amount": 3.566, "side": "buy", "timestamp": 1765583552905}, {"id": "2666291900", "price": 3085.54, "amount": 0.324, "side": "sell", "timestamp": 1765583553008}, {"id": "2666291901", "price": 3085.55, "amount": 0.236, "side": "buy", "timestamp": 1765583553013}, {"id": "2666291902", "price": 3085.55, "amount": 0.065, "side": "buy", "timestamp": 1765583553120}, {"id": "2666291903", "price": 3085.55, "amount": 0.065, "side": "buy", "timestamp": 1765583553228}, {"id": "2666291904", "price": 3085.55, "amount": 0.146, "side": "buy", "timestamp": 1765583553335}, {"id": "2666291905", "price": 3085.55, "amount": 0.065, "side": "buy", "timestamp": 1765583553443}, {"id": "2666291906", "price": 3085.55, "amount": 0.127, "side": "buy", "timestamp": 1765583553550}, {"id": "2666291907", "price": 3085.55, "amount": 0.065, "side": "buy", "timestamp": 1765583553658}, {"id": "2666291908", "price": 3085.55, "amount": 0.065, "side": "buy", "timestamp": 1765583553766}, {"id": "2666291909", "price": 3085.55, "amount": 0.065, "side": "buy", "timestamp": 1765583553873}, {"id": "2666291910", "price": 3085.55, "amount": 0.065, "side": "buy", "timestamp": 1765583553981}, {"id": "2666291911", "price": 3085.54, "amount": 0.324, "side": "sell", "timestamp": 1765583554033}, {"id": "2666291912", "price": 3085.55, "amount": 0.081, "side": "buy", "timestamp": 1765583554088}, {"id": "2666291913", "price": 3085.55, "amount": 0.065, "side": "buy", "timestamp": 1765583554196}, {"id": "2666291914", "price": 3085.55, "amount": 5.065, "side": "buy", "timestamp": 1765583554303}, {"id": "2666292301", "price": 3085.01, "amount": 0.13, "side": "buy", "timestamp": 1765583601913}, {"id": "2666292302", "price": 3085.01, "amount": 0.13, "side": "buy", "timestamp": 1765583602079}, {"id": "2666292303", "price": 3085.01, "amount": 0.13, "side": "buy", "timestamp": 1765583602246}, {"id": "2666292304", "price": 3085.01, "amount": 0.13, "side": "buy", "timestamp": 1765583602413}, {"id": "2666292305", "price": 3085.01, "amount": 0.13, "side": "buy", "timestamp": 1765583602579}, {"id": "2666292306", "price": 3085.01, "amount": 10.243, "side": "buy", "timestamp": 1765583602746}, {"id": "2666292307", "price": 3085.01, "amount": 0.13, "side": "buy", "timestamp": 1765583602913}, {"id": "2666292308", "price": 3085.01, "amount": 0.13, "side": "buy", "timestamp": 1765583603079}, {"id": "2666292309", "price": 3085.01, "amount": 1.13, "side": "buy", "timestamp": 1765583603246}, {"id": "2666292310", "price": 3085.0, "amount": 1.775, "side": "sell", "timestamp": 1765583603334}, {"id": "2666292311", "price": 3085.01, "amount": 0.13, "side": "buy", "timestamp": 1765583603413}, {"id": "2666292312", "price": 3085.01, "amount": 0.13, "side": "buy", "timestamp": 1765583603580}, {"id": "2666292313", "price": 3085.01, "amount": 0.069, "side": "buy", "timestamp": 1765583603725}, {"id": "2666292314", "price": 3085.0, "amount": 3.8, "side": "sell", "timestamp": 1765583603766}, {"id": "2666292315", "price": 3085.01, "amount": 1.433, "side": "buy", "timestamp": 1765583603830}, {"id": "2666292316", "price": 3085.01, "amount": 0.245, "side": "buy", "timestamp": 1765583603997}, {"id": "2666292317", "price": 3085.01, "amount": 0.191, "side": "buy", "timestamp": 1765583604163}, {"id": "2666292318", "price": 3085.01, "amount": 0.13, "side": "buy", "timestamp": 1765583604330}, {"id": "2666292319", "price": 3085.01, "amount": 0.13, "side": "buy", "timestamp": 1765583604496}, {"id": "2666292320", "price": 3085.0, "amount": 2.172, "side": "sell", "timestamp": 1765583604580}, {"id": "2666292321", "price": 3085.01, "amount": 0.137, "side": "buy", "timestamp": 1765583604662}, {"id": "2666292322", "price": 3085.01, "amount": 0.13, "side": "buy", "timestamp": 1765583604828}, {"id": "2666292323", "price": 3085.01, "amount": 0.065, "side": "buy", "timestamp": 1765583604994}, {"id": "2666292324", "price": 3085.0, "amount": 0.034, "side": "sell", "timestamp": 1765583605031}, {"id": "2666292325", "price": 3085.0, "amount": 3.184, "side": "sell", "timestamp": 1765583605393}, {"id": "2666292326", "price": 3085.0, "amount": 0.038, "side": "sell", "timestamp": 1765583605536}, {"id": "2666292327", "price": 3085.0, "amount": 0.033, "side": "sell", "timestamp": 1765583606395}, {"id": "2666292328", "price": 3085.01, "amount": 0.032, "side": "buy", "timestamp": 1765583606720}, {"id": "2666292329", "price": 3085.0, "amount": 3.528, "side": "sell", "timestamp": 1765583607226}, {"id": "2666292330", "price": 3084.99, "amount": 0.053, "side": "sell", "timestamp": 1765583607226}, {"id": "2666292331", "price": 3084.98, "amount": 0.008, "side": "sell", "timestamp": 1765583607226}, {"id": "2666292332", "price": 3084.96, "amount": 0.032, "side": "sell", "timestamp": 1765583607226}, {"id": "2666292333", "price": 3084.95, "amount": 1.552, "side": "sell", "timestamp": 1765583607226}, {"id": "2666292334", "price": 3084.94, "amount": 0.666, "side": "sell", "timestamp": 1765583607226}, {"id": "2666292335", "price": 3084.93, "amount": 0.021, "side": "sell", "timestamp": 1765583607226}, {"id": "2666292336", "price": 3084.92, "amount": 0.008, "side": "sell", "timestamp": 1765583607226}, {"id": "2666292337", "price": 3084.91, "amount": 0.038, "side": "sell", "timestamp": 1765583607226}, {"id": "2666292338", "price": 3084.9, "amount": 0.029, "side": "sell", "timestamp": 1765583607226}, {"id": "2666292339", "price": 3084.88, "amount": 0.008, "side": "sell", "timestamp": 1765583607226}, {"id": "2666292340", "price": 3084.87, "amount": 0.015, "side": "sell", "timestamp": 1765583607226}, {"id": "2666292341", "price": 3084.85, "amount": 0.046, "side": "sell", "timestamp": 1765583607226}, {"id": "2666292342", "price": 3084.84, "amount": 0.022, "side": "sell", "timestamp": 1765583607226}, {"id": "2666292343", "price": 3084.83, "amount": 0.025, "side": "sell", "timestamp": 1765583607226}, {"id": "2666292344", "price": 3084.82, "amount": 0.021, "side": "sell", "timestamp": 1765583607226}, {"id": "2666292345", "price": 3084.81, "amount": 0.038, "side": "sell", "timestamp": 1765583607226}, {"id": "2666292346", "price": 3084.8, "amount": 0.022, "side": "sell", "timestamp": 1765583607226}, {"id": "2666292347", "price": 3084.78, "amount": 0.029, "side": "sell", "timestamp": 1765583607226}, {"id": "2666292348", "price": 3084.77, "amount": 0.648, "side": "sell", "timestamp": 1765583607226}, {"id": "2666292349", "price": 3084.76, "amount": 0.056, "side": "sell", "timestamp": 1765583607226}, {"id": "2666292350", "price": 3084.75, "amount": 0.007, "side": "sell", "timestamp": 1765583607886}, {"id": "2666292636", "price": 3084.21, "amount": 0.13, "side": "buy", "timestamp": 1765583652606}, {"id": "2666292637", "price": 3084.21, "amount": 0.13, "side": "buy", "timestamp": 1765583652709}, {"id": "2666292638", "price": 3084.21, "amount": 0.065, "side": "buy", "timestamp": 1765583652810}, {"id": "2666292639", "price": 3084.2, "amount": 0.332, "side": "sell", "timestamp": 1765583652829}, {"id": "2666292640", "price": 3084.21, "amount": 0.13, "side": "buy", "timestamp": 1765583652861}, {"id": "2666292641", "price": 3084.21, "amount": 0.13, "side": "buy", "timestamp": 1765583652963}, {"id": "2666292642", "price": 3084.2, "amount": 1.15, "side": "sell", "timestamp": 1765583653178}, {"id": "2666292643", "price": 3084.2, "amount": 0.031, "side": "sell", "timestamp": 1765583653649}, {"id": "2666292644", "price": 3084.2, "amount": 0.167, "side": "sell", "timestamp": 1765583654757}, {"id": "2666292645", "price": 3084.2, "amount": 1.919, "side": "sell", "timestamp": 1765583654862}, {"id": "2666292646", "price": 3084.2, "amount": 0.05, "side": "sell", "timestamp": 1765583655222}, {"id": "2666292647", "price": 3084.2, "amount": 2.163, "side": "sell", "timestamp": 1765583655330}, {"id": "2666292648", "price": 3084.2, "amount": 0.027, "side": "sell", "timestamp": 1765583655443}, {"id": "2666292649", "price": 3084.2, "amount": 1.825, "side": "sell", "timestamp": 1765583655652}, {"id": "2666292650", "price": 3084.19, "amount": 0.017, "side": "sell", "timestamp": 1765583655652}, {"id": "2666292651", "price": 3084.18, "amount": 0.308, "side": "sell", "timestamp": 1765583655652}, {"id": "2666292652", "price": 3084.16, "amount": 1.663, "side": "sell", "timestamp": 1765583655652}, {"id": "2666292653", "price": 3084.15, "amount": 0.666, "side": "sell", "timestamp": 1765583655655}, {"id": "2666292654", "price": 3084.14, "amount": 0.384, "side": "sell", "timestamp": 1765583655655}, {"id": "2666292655", "price": 3084.13, "amount": 0.029, "side": "sell", "timestamp": 1765583655655}, {"id": "2666292656", "price": 3084.12, "amount": 0.008, "side": "sell", "timestamp": 1765583655655}, {"id": "2666292657", "price": 3084.11, "amount": 0.017, "side": "sell", "timestamp": 1765583655655}, {"id": "2666292658", "price": 3084.1, "amount": 0.045, "side": "sell", "timestamp": 1765583655655}, {"id": "2666292659", "price": 3084.09, "amount": 0.022, "side": "sell", "timestamp": 1765583655655}, {"id": "2666292660", "price": 3084.08, "amount": 0.01, "side": "sell", "timestamp": 1765583655655}, {"id": "2666292661", "price": 3084.07, "amount": 1.467, "side": "sell", "timestamp": 1765583655655}, {"id": "2666292662", "price": 3084.06, "amount": 0.03, "side": "sell", "timestamp": 1765583655655}, {"id": "2666292663", "price": 3084.05, "amount": 0.015, "side": "sell", "timestamp": 1765583655655}, {"id": "2666292664", "price": 3084.03, "amount": 0.052, "side": "sell", "timestamp": 1765583655655}, {"id": "2666292665", "price": 3084.02, "amount": 0.856, "side": "sell", "timestamp": 1765583655655}, {"id": "2666292666", "price": 3084.0, "amount": 2.0, "side": "sell", "timestamp": 1765583656283}, {"id": "2666292667", "price": 3084.01, "amount": 0.324, "side": "buy", "timestamp": 1765583656757}, {"id": "2666292668", "price": 3084.0, "amount": 0.79, "side": "sell", "timestamp": 1765583657433}, {"id": "2666292669", "price": 3084.0, "amount": 0.559, "side": "sell", "timestamp": 1765583657796}, {"id": "2666292670", "price": 3084.0, "amount": 4.634, "side": "sell", "timestamp": 1765583658350}, {"id": "2666292671", "price": 3084.0, "amount": 0.989, "side": "sell", "timestamp": 1765583659039}, {"id": "2666292672", "price": 3084.0, "amount": 0.008, "side": "sell", "timestamp": 1765583659608}, {"id": "2666292673", "price": 3084.01, "amount": 0.195, "side": "buy", "timestamp": 1765583660001}, {"id": "2666292674", "price": 3084.01, "amount": 0.13, "side": "buy", "timestamp": 1765583660133}, {"id": "2666292675", "price": 3084.0, "amount": 0.037, "side": "sell", "timestamp": 1765583660217}, {"id": "2666292676", "price": 3084.01, "amount": 0.195, "side": "buy", "timestamp": 1765583660221}, {"id": "2666292677", "price": 3084.01, "amount": 0.195, "side": "buy", "timestamp": 1765583660352}, {"id": "2666292678", "price": 3084.01, "amount": 0.195, "side": "buy", "timestamp": 1765583660484}, {"id": "2666292679", "price": 3084.01, "amount": 0.195, "side": "buy", "timestamp": 1765583660615}, {"id": "2666292680", "price": 3084.01, "amount": 0.195, "side": "buy", "timestamp": 1765583660748}, {"id": "2666292681", "price": 3084.01, "amount": 0.13, "side": "buy", "timestamp": 1765583660881}, {"id": "2666292682", "price": 3084.0, "amount": 0.008, "side": "sell", "timestamp": 1765583660966}, {"id": "2666292683", "price": 3084.01, "amount": 0.195, "side": "buy", "timestamp": 1765583660968}, {"id": "2666292684", "price": 3084.01, "amount": 0.195, "side": "buy", "timestamp": 1765583661099}, {"id": "2666292685", "price": 3084.01, "amount": 0.195, "side": "buy", "timestamp": 1765583661231}, {"id": "2666292974", "price": 3083.86, "amount": 0.99, "side": "sell", "timestamp": 1765583703378}, {"id": "2666292975", "price": 3083.86, "amount": 0.497, "side": "sell", "timestamp": 1765583703845}, {"id": "2666292976", "price": 3083.86, "amount": 0.009, "side": "sell", "timestamp": 1765583704417}, {"id": "2666292977", "price": 3083.86, "amount": 0.037, "side": "sell", "timestamp": 1765583704557}, {"id": "2666292978", "price": 3083.86, "amount": 0.01, "side": "sell", "timestamp": 1765583704821}, {"id": "2666292979", "price": 3083.86, "amount": 0.024, "side": "sell", "timestamp": 1765583704923}, {"id": "2666292980", "price": 3083.87, "amount": 26.725, "side": "buy", "timestamp": 1765583704997}, {"id": "2666292981", "price": 3083.86, "amount": 15.525, "side": "sell", "timestamp": 1765583705100}, {"id": "2666292982", "price": 3083.86, "amount": 6.014, "side": "sell", "timestamp": 1765583705291}, {"id": "2666292983", "price": 3083.86, "amount": 0.067, "side": "sell", "timestamp": 1765583705441}, {"id": "2666292984", "price": 3083.86, "amount": 0.855, "side": "sell", "timestamp": 1765583705542}, {"id": "2666292985", "price": 3083.86, "amount": 0.005, "side": "sell", "timestamp": 1765583705677}, {"id": "2666292986", "price": 3083.86, "amount": 0.344, "side": "sell", "timestamp": 1765583705869}, {"id": "2666292987", "price": 3083.86, "amount": 0.032, "side": "sell", "timestamp": 1765583706690}, {"id": "2666292988", "price": 3083.86, "amount": 4.242, "side": "sell", "timestamp": 1765583706927}, {"id": "2666292989", "price": 3083.87, "amount": 0.1, "side": "buy", "timestamp": 1765583707069}, {"id": "2666292990", "price": 3083.87, "amount": 0.007, "side": "buy", "timestamp": 1765583708240}, {"id": "2666292991", "price": 3083.86, "amount": 1.541, "side": "sell", "timestamp": 1765583708689}, {"id": "2666292992", "price": 3083.86, "amount": 69.725, "side": "sell", "timestamp": 1765583709614}, {"id": "2666292993", "price": 3083.85, "amount": 6.041, "side": "sell", "timestamp": 1765583709614}, {"id": "2666292994", "price": 3083.82, "amount": 0.383, "side": "sell", "timestamp": 1765583709614}, {"id": "2666292995", "price": 3083.81, "amount": 5.538, "side": "sell", "timestamp": 1765583709614}, {"id": "2666292996", "price": 3083.8, "amount": 0.038, "side": "sell", "timestamp": 1765583709614}, {"id": "2666292997", "price": 3083.79, "amount": 1.229, "side": "sell", "timestamp": 1765583709616}, {"id": "2666292998", "price": 3083.76, "amount": 0.057, "side": "sell", "timestamp": 1765583709616}, {"id": "2666292999", "price": 3083.75, "amount": 0.014, "side": "sell", "timestamp": 1765583709616}, {"id": "2666293000", "price": 3083.74, "amount": 0.009, "side": "sell", "timestamp": 1765583709616}, {"id": "2666293001", "price": 3083.73, "amount": 0.008, "side": "sell", "timestamp": 1765583709616}, {"id": "2666293002", "price": 3083.72, "amount": 0.014, "side": "sell", "timestamp": 1765583709616}, {"id": "2666293003", "price": 3083.71, "amount": 0.07, "side": "sell", "timestamp": 1765583709616}, {"id": "2666293004", "price": 3083.7, "amount": 0.029, "side": "sell", "timestamp": 1765583709616}, {"id": "2666293005", "price": 3083.69, "amount": 0.031, "side": "sell", "timestamp": 1765583709616}, {"id": "2666293006", "price": 3083.67, "amount": 0.373, "side": "sell", "timestamp": 1765583709623}, {"id": "2666293007", "price": 3083.67, "amount": 0.021, "side": "sell", "timestamp": 1765583709795}, {"id": "2666293008", "price": 3083.68, "amount": 2.402, "side": "buy", "timestamp": 1765583709797}, {"id": "2666293009", "price": 3083.68, "amount": 0.129, "side": "buy", "timestamp": 1765583710039}, {"id": "2666293010", "price": 3083.67, "amount": 1.439, "side": "sell", "timestamp": 1765583710068}, {"id": "2666293011", "price": 3083.68, "amount": 5.022, "side": "buy", "timestamp": 1765583710276}, {"id": "2666293012", "price": 3083.67, "amount": 9.728, "side": "sell", "timestamp": 1765583710294}, {"id": "2666293013", "price": 3083.68, "amount": 24.358, "side": "buy", "timestamp": 1765583710462}, {"id": "2666293014", "price": 3083.67, "amount": 3.391, "side": "sell", "timestamp": 1765583711189}, {"id": "2666293015", "price": 3083.67, "amount": 0.157, "side": "sell", "timestamp": 1765583711500}, {"id": "2666293016", "price": 3083.68, "amount": 0.004, "side": "buy", "timestamp": 1765583711743}, {"id": "2666293017", "price": 3083.67, "amount": 2.525, "side": "sell", "timestamp": 1765583712280}, {"id": "2666293018", "price": 3083.67, "amount": 0.018, "side": "sell", "timestamp": 1765583712424}, {"id": "2666293019", "price": 3083.68, "amount": 0.288, "side": "buy", "timestamp": 1765583712926}, {"id": "2666293020", "price": 3083.67, "amount": 0.473, "side": "sell", "timestamp": 1765583712932}, {"id": "2666293021", "price": 3083.68, "amount": 0.05, "side": "buy", "timestamp": 1765583713089}, {"id": "2666293022", "price": 3083.67, "amount": 16.214, "side": "sell", "timestamp": 1765583713568}, {"id": "2666293023", "price": 3083.68, "amount": 0.041, "side": "buy", "timestamp": 1765583714036}, {"id": "2666293418", "price": 3082.61, "amount": 0.054, "side": "sell", "timestamp": 1765583758242}, {"id": "2666293419", "price": 3082.61, "amount": 0.016, "side": "sell", "timestamp": 1765583758985}, {"id": "2666293420", "price": 3082.62, "amount": 0.05, "side": "buy", "timestamp": 1765583759579}, {"id": "2666293421", "price": 3082.61, "amount": 3.646, "side": "sell", "timestamp": 1765583759930}, {"id": "2666293422", "price": 3082.61, "amount": 9.413, "side": "sell", "timestamp": 1765583760082}, {"id": "2666293423", "price": 3082.62, "amount": 0.778, "side": "buy", "timestamp": 1765583760272}, {"id": "2666293424", "price": 3082.61, "amount": 15.742, "side": "sell", "timestamp": 1765583760325}, {"id": "2666293425", "price": 3082.61, "amount": 2.98, "side": "sell", "timestamp": 1765583760671}, {"id": "2666293426", "price": 3082.62, "amount": 0.049, "side": "buy", "timestamp": 1765583760700}, {"id": "2666293427", "price": 3082.62, "amount": 0.112, "side": "buy", "timestamp": 1765583761063}, {"id": "2666293428", "price": 3082.61, "amount": 0.267, "side": "sell", "timestamp": 1765583762175}, {"id": "2666293429", "price": 3082.62, "amount": 0.066, "side": "buy", "timestamp": 1765583762404}, {"id": "2666293430", "price": 3082.61, "amount": 0.048, "side": "sell", "timestamp": 1765583762551}, {"id": "2666293431", "price": 3082.62, "amount": 0.115, "side": "buy", "timestamp": 1765583762627}, {"id": "2666293432", "price": 3082.62, "amount": 0.045, "side": "buy", "timestamp": 1765583762784}, {"id": "2666293433", "price": 3082.62, "amount": 0.044, "side": "buy", "timestamp": 1765583762976}, {"id": "2666293434", "price": 3082.62, "amount": 0.113, "side": "buy", "timestamp": 1765583763114}, {"id": "2666293435", "price": 3082.61, "amount": 0.195, "side": "sell", "timestamp": 1765583763182}, {"id": "2666293436", "price": 3082.62, "amount": 0.107, "side": "buy", "timestamp": 1765583763207}, {"id": "2666293437", "price": 3082.61, "amount": 0.017, "side": "sell", "timestamp": 1765583763293}, {"id": "2666293438", "price": 3082.62, "amount": 0.058, "side": "buy", "timestamp": 1765583763468}, {"id": "2666293439", "price": 3082.61, "amount": 0.048, "side": "sell", "timestamp": 1765583763574}, {"id": "2666293440", "price": 3082.62, "amount": 0.009, "side": "buy", "timestamp": 1765583763661}, {"id": "2666293441", "price": 3082.62, "amount": 0.113, "side": "buy", "timestamp": 1765583764160}, {"id": "2666293442", "price": 3082.62, "amount": 13.34, "side": "buy", "timestamp": 1765583764827}, {"id": "2666293443", "price": 3082.63, "amount": 0.021, "side": "buy", "timestamp": 1765583764827}, {"id": "2666293444", "price": 3082.65, "amount": 0.007, "side": "buy", "timestamp": 1765583764827}, {"id": "2666293445", "price": 3082.66, "amount": 0.186, "side": "buy", "timestamp": 1765583764833}, {"id": "2666293446", "price": 3082.67, "amount": 0.029, "side": "buy", "timestamp": 1765583764833}, {"id": "2666293447", "price": 3082.69, "amount": 0.024, "side": "buy", "timestamp": 1765583764833}, {"id": "2666293448", "price": 3082.7, "amount": 0.228, "side": "buy", "timestamp": 1765583764837}, {"id": "2666293449", "price": 3082.72, "amount": 0.981, "side": "buy", "timestamp": 1765583764839}, {"id": "2666293450", "price": 3082.73, "amount": 0.014, "side": "buy", "timestamp": 1765583764839}, {"id": "2666293451", "price": 3082.74, "amount": 0.219, "side": "buy", "timestamp": 1765583764839}, {"id": "2666293452", "price": 3082.75, "amount": 0.779, "side": "buy", "timestamp": 1765583764839}, {"id": "2666293453", "price": 3082.76, "amount": 0.48, "side": "buy", "timestamp": 1765583764839}, {"id": "2666293454", "price": 3082.77, "amount": 0.224, "side": "buy", "timestamp": 1765583764839}, {"id": "2666293455", "price": 3082.76, "amount": 1.959, "side": "buy", "timestamp": 1765583764851}, {"id": "2666293456", "price": 3082.77, "amount": 0.007, "side": "buy", "timestamp": 1765583764868}, {"id": "2666293457", "price": 3082.78, "amount": 0.046, "side": "buy", "timestamp": 1765583764870}, {"id": "2666293458", "price": 3082.79, "amount": 0.007, "side": "buy", "timestamp": 1765583764870}, {"id": "2666293459", "price": 3082.8, "amount": 0.029, "side": "buy", "timestamp": 1765583764870}, {"id": "2666293460", "price": 3082.81, "amount": 0.107, "side": "sell", "timestamp": 1765583764892}, {"id": "2666293461", "price": 3082.82, "amount": 0.03, "side": "buy", "timestamp": 1765583765108}, {"id": "2666293462", "price": 3082.81, "amount": 0.01, "side": "sell", "timestamp": 1765583765203}, {"id": "2666293463", "price": 3082.82, "amount": 0.084, "side": "buy", "timestamp": 1765583765250}, {"id": "2666293464", "price": 3082.82, "amount": 0.008, "side": "buy", "timestamp": 1765583765451}, {"id": "2666293465", "price": 3082.81, "amount": 2.237, "side": "sell", "timestamp": 1765583765718}, {"id": "2666293466", "price": 3082.81, "amount": 1.938, "side": "sell", "timestamp": 1765583765873}, {"id": "2666293467", "price": 3082.81, "amount": 0.018, "side": "sell", "timestamp": 1765583767040}, {"id": "2666293718", "price": 3082.17, "amount": 11.063, "side": "sell", "timestamp": 1765583811230}, {"id": "2666293719", "price": 3082.18, "amount": 0.082, "side": "buy", "timestamp": 1765583811287}, {"id": "2666293720", "price": 3082.17, "amount": 2.087, "side": "sell", "timestamp": 1765583811312}, {"id": "2666293721", "price": 3082.18, "amount": 0.22, "side": "buy", "timestamp": 1765583811316}, {"id": "2666293722", "price": 3082.17, "amount": 1.581, "side": "sell", "timestamp": 1765583811372}, {"id": "2666293723", "price": 3082.17, "amount": 1.008, "side": "sell", "timestamp": 1765583811541}, {"id": "2666293724", "price": 3082.17, "amount": 0.584, "side": "sell", "timestamp": 1765583811805}, {"id": "2666293725", "price": 3082.17, "amount": 22.762, "side": "sell", "timestamp": 1765583812867}, {"id": "2666293726", "price": 3082.17, "amount": 0.024, "side": "sell", "timestamp": 1765583813089}, {"id": "2666293727", "price": 3082.18, "amount": 0.033, "side": "buy", "timestamp": 1765583813137}, {"id": "2666293728", "price": 3082.18, "amount": 0.045, "side": "buy", "timestamp": 1765583814864}, {"id": "2666293729", "price": 3082.17, "amount": 9.495, "side": "sell", "timestamp": 1765583815756}, {"id": "2666293730", "price": 3082.17, "amount": 0.018, "side": "sell", "timestamp": 1765583816062}, {"id": "2666293731", "price": 3082.17, "amount": 0.015, "side": "sell", "timestamp": 1765583816788}, {"id": "2666293732", "price": 3082.17, "amount": 0.104, "side": "sell", "timestamp": 1765583817014}, {"id": "2666293733", "price": 3082.17, "amount": 0.089, "side": "sell", "timestamp": 1765583817378}, {"id": "2666293734", "price": 3082.17, "amount": 0.061, "side": "sell", "timestamp": 1765583817588}, {"id": "2666293735", "price": 3082.17, "amount": 0.028, "side": "sell", "timestamp": 1765583818113}, {"id": "2666293736", "price": 3082.17, "amount": 1.036, "side": "sell", "timestamp": 1765583818287}, {"id": "2666293737", "price": 3082.17, "amount": 0.907, "side": "sell", "timestamp": 1765583818597}, {"id": "2666293738", "price": 3082.18, "amount": 0.038, "side": "buy", "timestamp": 1765583818655}, {"id": "2666293739", "price": 3082.18, "amount": 0.004, "side": "buy", "timestamp": 1765583819737}, {"id": "2666293740", "price": 3082.18, "amount": 0.208, "side": "buy", "timestamp": 1765583820096}, {"id": "2666293741", "price": 3082.17, "amount": 0.05, "side": "sell", "timestamp": 1765583820278}, {"id": "2666293742", "price": 3082.17, "amount": 5.302, "side": "sell", "timestamp": 1765583820558}, {"id": "2666293743", "price": 3082.16, "amount": 6.215, "side": "sell", "timestamp": 1765583820558}, {"id": "2666293744", "price": 3082.13, "amount": 0.126, "side": "sell", "timestamp": 1765583820558}, {"id": "2666293745", "price": 3082.12, "amount": 0.122, "side": "sell", "timestamp": 1765583820558}, {"id": "2666293746", "price": 3082.11, "amount": 0.648, "side": "sell", "timestamp": 1765583820558}, {"id": "2666293747", "price": 3082.1, "amount": 0.015, "side": "sell", "timestamp": 1765583820558}, {"id": "2666293748", "price": 3082.09, "amount": 0.029, "side": "sell", "timestamp": 1765583820558}, {"id": "2666293749", "price": 3082.08, "amount": 0.208, "side": "sell", "timestamp": 1765583820558}, {"id": "2666293750", "price": 3082.07, "amount": 0.018, "side": "sell", "timestamp": 1765583820558}, {"id": "2666293751", "price": 3082.06, "amount": 0.015, "side": "sell", "timestamp": 1765583820558}, {"id": "2666293752", "price": 3082.05, "amount": 0.021, "side": "sell", "timestamp": 1765583820558}, {"id": "2666293753", "price": 3082.04, "amount": 0.008, "side": "sell", "timestamp": 1765583820558}, {"id": "2666293754", "price": 3082.03, "amount": 0.046, "side": "sell", "timestamp": 1765583820558}, {"id": "2666293755", "price": 3082.02, "amount": 0.338, "side": "sell", "timestamp": 1765583820558}, {"id": "2666293756", "price": 3082.01, "amount": 0.018, "side": "sell", "timestamp": 1765583820558}, {"id": "2666293757", "price": 3082.0, "amount": 0.377, "side": "sell", "timestamp": 1765583820558}, {"id": "2666293758", "price": 3081.99, "amount": 0.324, "side": "sell", "timestamp": 1765583820558}, {"id": "2666293759", "price": 3081.98, "amount": 0.071, "side": "sell", "timestamp": 1765583820558}, {"id": "2666293760", "price": 3081.97, "amount": 0.1, "side": "sell", "timestamp": 1765583820558}, {"id": "2666293761", "price": 3081.96, "amount": 0.049, "side": "sell", "timestamp": 1765583820558}, {"id": "2666293762", "price": 3081.95, "amount": 0.423, "side": "sell", "timestamp": 1765583820558}, {"id": "2666293763", "price": 3081.94, "amount": 0.014, "side": "sell", "timestamp": 1765583820558}, {"id": "2666293764", "price": 3081.93, "amount": 0.038, "side": "sell", "timestamp": 1765583820558}, {"id": "2666293765", "price": 3081.92, "amount": 0.029, "side": "sell", "timestamp": 1765583820558}, {"id": "2666293766", "price": 3081.91, "amount": 2.646, "side": "sell", "timestamp": 1765583820558}, {"id": "2666293767", "price": 3081.9, "amount": 4.023, "side": "sell", "timestamp": 1765583820558}, {"id": "2666294045", "price": 3081.74, "amount": 2.998, "side": "buy", "timestamp": 1765583856164}, {"id": "2666294046", "price": 3081.73, "amount": 0.348, "side": "sell", "timestamp": 1765583856343}, {"id": "2666294047", "price": 3081.73, "amount": 0.087, "side": "sell", "timestamp": 1765583856752}, {"id": "2666294048", "price": 3081.74, "amount": 1.877, "side": "buy", "timestamp": 1765583856871}, {"id": "2666294049", "price": 3081.74, "amount": 0.243, "side": "buy", "timestamp": 1765583857453}, {"id": "2666294050", "price": 3081.74, "amount": 16.626, "side": "buy", "timestamp": 1765583858006}, {"id": "2666294051", "price": 3081.73, "amount": 0.016, "side": "sell", "timestamp": 1765583858084}, {"id": "2666294052", "price": 3081.74, "amount": 0.614, "side": "buy", "timestamp": 1765583858362}, {"id": "2666294053", "price": 3081.74, "amount": 2.0, "side": "buy", "timestamp": 1765583858876}, {"id": "2666294054", "price": 3081.74, "amount": 0.1, "side": "buy", "timestamp": 1765583859577}, {"id": "2666294055", "price": 3081.74, "amount": 0.572, "side": "buy", "timestamp": 1765583859855}, {"id": "2666294056", "price": 3081.73, "amount": 0.295, "side": "sell", "timestamp": 1765583859861}, {"id": "2666294057", "price": 3081.74, "amount": 0.162, "side": "buy", "timestamp": 1765583860542}, {"id": "2666294058", "price": 3081.74, "amount": 0.032, "side": "buy", "timestamp": 1765583861051}, {"id": "2666294059", "price": 3081.73, "amount": 0.973, "side": "sell", "timestamp": 1765583861490}, {"id": "2666294060", "price": 3081.74, "amount": 0.162, "side": "buy", "timestamp": 1765583861560}, {"id": "2666294061", "price": 3081.74, "amount": 0.052, "side": "buy", "timestamp": 1765583863186}, {"id": "2666294062", "price": 3081.74, "amount": 0.088, "side": "buy", "timestamp": 1765583863462}, {"id": "2666294063", "price": 3081.73, "amount": 0.256, "side": "sell", "timestamp": 1765583863864}, {"id": "2666294064", "price": 3081.73, "amount": 0.338, "side": "sell", "timestamp": 1765583864172}, {"id": "2666294065", "price": 3081.73, "amount": 0.02, "side": "sell", "timestamp": 1765583864363}, {"id": "2666294066", "price": 3081.74, "amount": 3.2, "side": "buy", "timestamp": 1765583864483}, {"id": "2666294067", "price": 3081.74, "amount": 0.019, "side": "buy", "timestamp": 1765583864672}, {"id": "2666294068", "price": 3081.74, "amount": 0.016, "side": "buy", "timestamp": 1765583864978}, {"id": "2666294069", "price": 3081.73, "amount": 0.01, "side": "sell", "timestamp": 1765583866308}, {"id": "2666294070", "price": 3081.74, "amount": 0.013, "side": "buy", "timestamp": 1765583866440}, {"id": "2666294071", "price": 3081.73, "amount": 0.792, "side": "sell", "timestamp": 1765583866469}, {"id": "2666294072", "price": 3081.73, "amount": 0.437, "side": "sell", "timestamp": 1765583867273}, {"id": "2666294073", "price": 3081.73, "amount": 0.01, "side": "sell", "timestamp": 1765583867639}, {"id": "2666294074", "price": 3081.73, "amount": 0.068, "side": "sell", "timestamp": 1765583867982}, {"id": "2666294075", "price": 3081.73, "amount": 0.188, "side": "sell", "timestamp": 1765583868184}, {"id": "2666294076", "price": 3081.74, "amount": 0.162, "side": "buy", "timestamp": 1765583868257}, {"id": "2666294077", "price": 3081.74, "amount": 40.388, "side": "buy", "timestamp": 1765583868582}, {"id": "2666294078", "price": 3081.75, "amount": 0.301, "side": "buy", "timestamp": 1765583868625}, {"id": "2666294079", "price": 3081.76, "amount": 0.081, "side": "buy", "timestamp": 1765583868625}, {"id": "2666294080", "price": 3081.77, "amount": 3.676, "side": "buy", "timestamp": 1765583868625}, {"id": "2666294081", "price": 3081.78, "amount": 0.01, "side": "buy", "timestamp": 1765583868630}, {"id": "2666294082", "price": 3081.79, "amount": 0.038, "side": "buy", "timestamp": 1765583868630}, {"id": "2666294083", "price": 3081.79, "amount": 0.5, "side": "sell", "timestamp": 1765583869263}, {"id": "2666294084", "price": 3081.8, "amount": 0.013, "side": "buy", "timestamp": 1765583869477}, {"id": "2666294085", "price": 3081.8, "amount": 33.891, "side": "buy", "timestamp": 1765583870469}, {"id": "2666294086", "price": 3081.8, "amount": 0.016, "side": "buy", "timestamp": 1765583870744}, {"id": "2666294087", "price": 3081.79, "amount": 0.015, "side": "sell", "timestamp": 1765583872071}, {"id": "2666294088", "price": 3081.8, "amount": 0.459, "side": "buy", "timestamp": 1765583872608}, {"id": "2666294089", "price": 3081.8, "amount": 5.14, "side": "buy", "timestamp": 1765583872790}, {"id": "2666294090", "price": 3081.81, "amount": 2.185, "side": "buy", "timestamp": 1765583873507}, {"id": "2666294091", "price": 3081.8, "amount": 0.007, "side": "sell", "timestamp": 1765583873566}, {"id": "2666294092", "price": 3081.8, "amount": 0.019, "side": "sell", "timestamp": 1765583874097}, {"id": "2666294093", "price": 3081.81, "amount": 0.049, "side": "buy", "timestamp": 1765583874102}, {"id": "2666294094", "price": 3081.8, "amount": 3.881, "side": "sell", "timestamp": 1765583874145}, {"id": "2666294371", "price": 3082.92, "amount": 0.366, "side": "buy", "timestamp": 1765583917536}, {"id": "2666294372", "price": 3082.92, "amount": 0.008, "side": "sell", "timestamp": 1765583917542}, {"id": "2666294373", "price": 3082.92, "amount": 1.324, "side": "sell", "timestamp": 1765583917698}, {"id": "2666294374", "price": 3082.92, "amount": 0.324, "side": "sell", "timestamp": 1765583918019}, {"id": "2666294375", "price": 3082.93, "amount": 0.706, "side": "buy", "timestamp": 1765583918154}, {"id": "2666294376", "price": 3082.92, "amount": 0.2, "side": "sell", "timestamp": 1765583918309}, {"id": "2666294377", "price": 3082.93, "amount": 0.129, "side": "buy", "timestamp": 1765583918514}, {"id": "2666294378", "price": 3082.92, "amount": 0.4, "side": "sell", "timestamp": 1765583919009}, {"id": "2666294379", "price": 3082.93, "amount": 0.702, "side": "buy", "timestamp": 1765583919142}, {"id": "2666294380", "price": 3082.92, "amount": 0.026, "side": "sell", "timestamp": 1765583919650}, {"id": "2666294381", "price": 3082.92, "amount": 0.059, "side": "sell", "timestamp": 1765583919787}, {"id": "2666294382", "price": 3082.92, "amount": 0.324, "side": "sell", "timestamp": 1765583920066}, {"id": "2666294383", "price": 3082.93, "amount": 1.145, "side": "buy", "timestamp": 1765583920166}, {"id": "2666294384", "price": 3082.93, "amount": 0.693, "side": "buy", "timestamp": 1765583921085}, {"id": "2666294385", "price": 3082.92, "amount": 0.324, "side": "sell", "timestamp": 1765583921090}, {"id": "2666294386", "price": 3082.92, "amount": 2.295, "side": "sell", "timestamp": 1765583921416}, {"id": "2666294387", "price": 3082.92, "amount": 0.011, "side": "sell", "timestamp": 1765583921573}, {"id": "2666294388", "price": 3082.93, "amount": 0.688, "side": "buy", "timestamp": 1765583922096}, {"id": "2666294389", "price": 3082.92, "amount": 0.324, "side": "sell", "timestamp": 1765583922115}, {"id": "2666294390", "price": 3082.93, "amount": 0.008, "side": "buy", "timestamp": 1765583922351}, {"id": "2666294391", "price": 3082.92, "amount": 0.088, "side": "sell", "timestamp": 1765583922358}, {"id": "2666294392", "price": 3082.93, "amount": 8.25, "side": "buy", "timestamp": 1765583923027}, {"id": "2666294393", "price": 3082.92, "amount": 0.324, "side": "sell", "timestamp": 1765583923138}, {"id": "2666294394", "price": 3082.93, "amount": 0.679, "side": "buy", "timestamp": 1765583924043}, {"id": "2666294395", "price": 3082.92, "amount": 0.324, "side": "sell", "timestamp": 1765583924165}, {"id": "2666294396", "price": 3082.93, "amount": 0.064, "side": "buy", "timestamp": 1765583924197}, {"id": "2666294397", "price": 3082.92, "amount": 0.493, "side": "sell", "timestamp": 1765583924555}, {"id": "2666294398", "price": 3082.93, "amount": 0.016, "side": "buy", "timestamp": 1765583924825}, {"id": "2666294399", "price": 3082.92, "amount": 17.107, "side": "sell", "timestamp": 1765583924845}, {"id": "2666294400", "price": 3082.93, "amount": 0.675, "side": "buy", "timestamp": 1765583925046}, {"id": "2666294401", "price": 3082.92, "amount": 0.324, "side": "sell", "timestamp": 1765583925193}, {"id": "2666294402", "price": 3082.93, "amount": 0.551, "side": "buy", "timestamp": 1765583925468}, {"id": "2666294403", "price": 3082.92, "amount": 0.36, "side": "sell", "timestamp": 1765583925501}, {"id": "2666294404", "price": 3082.93, "amount": 0.671, "side": "buy", "timestamp": 1765583926025}, {"id": "2666294405", "price": 3082.92, "amount": 0.324, "side": "sell", "timestamp": 1765583926202}, {"id": "2666294406", "price": 3082.93, "amount": 0.008, "side": "buy", "timestamp": 1765583926528}, {"id": "2666294407", "price": 3082.92, "amount": 0.032, "side": "sell", "timestamp": 1765583926800}, {"id": "2666294408", "price": 3082.93, "amount": 0.026, "side": "buy", "timestamp": 1765583926812}, {"id": "2666294409", "price": 3082.92, "amount": 0.008, "side": "sell", "timestamp": 1765583926910}, {"id": "2666294410", "price": 3082.93, "amount": 1.145, "side": "buy", "timestamp": 1765583927005}, {"id": "2666294411", "price": 3082.92, "amount": 0.324, "side": "sell", "timestamp": 1765583927027}, {"id": "2666294412", "price": 3082.93, "amount": 0.666, "side": "buy", "timestamp": 1765583927072}, {"id": "2666294413", "price": 3082.93, "amount": 1.0, "side": "buy", "timestamp": 1765583927393}, {"id": "2666294414", "price": 3082.92, "amount": 0.007, "side": "sell", "timestamp": 1765583927706}, {"id": "2666294415", "price": 3082.93, "amount": 0.004, "side": "buy", "timestamp": 1765583927727}, {"id": "2666294416", "price": 3082.92, "amount": 0.324, "side": "sell", "timestamp": 1765583928065}, {"id": "2666294417", "price": 3082.93, "amount": 0.662, "side": "buy", "timestamp": 1765583928161}, {"id": "2666294418", "price": 3082.92, "amount": 0.5, "side": "sell", "timestamp": 1765583928201}, {"id": "2666294419", "price": 3082.93, "amount": 0.648, "side": "buy", "timestamp": 1765583928225}, {"id": "2666294420", "price": 3082.92, "amount": 0.2, "side": "sell", "timestamp": 1765583928297}, {"id": "2666294783", "price": 3083.28, "amount": 0.141, "side": "sell", "timestamp": 1765583973719}, {"id": "2666294784", "price": 3083.27, "amount": 0.102, "side": "sell", "timestamp": 1765583973719}, {"id": "2666294785", "price": 3083.26, "amount": 0.029, "side": "sell", "timestamp": 1765583973719}, {"id": "2666294786", "price": 3083.25, "amount": 0.053, "side": "sell", "timestamp": 1765583973719}, {"id": "2666294787", "price": 3083.24, "amount": 0.045, "side": "sell", "timestamp": 1765583973719}, {"id": "2666294788", "price": 3083.23, "amount": 0.015, "side": "sell", "timestamp": 1765583973719}, {"id": "2666294789", "price": 3083.22, "amount": 0.014, "side": "sell", "timestamp": 1765583973719}, {"id": "2666294790", "price": 3083.2, "amount": 10.864, "side": "sell", "timestamp": 1765583973719}, {"id": "2666294791", "price": 3083.19, "amount": 0.014, "side": "sell", "timestamp": 1765583973719}, {"id": "2666294792", "price": 3083.18, "amount": 0.291, "side": "sell", "timestamp": 1765583973719}, {"id": "2666294793", "price": 3083.17, "amount": 0.096, "side": "sell", "timestamp": 1765583973719}, {"id": "2666294794", "price": 3083.16, "amount": 0.221, "side": "sell", "timestamp": 1765583973719}, {"id": "2666294795", "price": 3083.15, "amount": 1.957, "side": "sell", "timestamp": 1765583973719}, {"id": "2666294796", "price": 3083.14, "amount": 0.007, "side": "sell", "timestamp": 1765583973719}, {"id": "2666294797", "price": 3083.13, "amount": 0.032, "side": "sell", "timestamp": 1765583973719}, {"id": "2666294798", "price": 3083.12, "amount": 0.121, "side": "sell", "timestamp": 1765583973719}, {"id": "2666294799", "price": 3083.11, "amount": 0.302, "side": "sell", "timestamp": 1765583973719}, {"id": "2666294800", "price": 3083.1, "amount": 0.367, "side": "sell", "timestamp": 1765583973719}, {"id": "2666294801", "price": 3083.09, "amount": 0.007, "side": "sell", "timestamp": 1765583973719}, {"id": "2666294802", "price": 3083.08, "amount": 0.087, "side": "sell", "timestamp": 1765583973719}, {"id": "2666294803", "price": 3083.07, "amount": 0.129, "side": "sell", "timestamp": 1765583973719}, {"id": "2666294804", "price": 3083.05, "amount": 4.579, "side": "sell", "timestamp": 1765583973719}, {"id": "2666294805", "price": 3083.06, "amount": 0.008, "side": "buy", "timestamp": 1765583973832}, {"id": "2666294806", "price": 3083.05, "amount": 0.342, "side": "sell", "timestamp": 1765583974211}, {"id": "2666294807", "price": 3083.05, "amount": 1.337, "side": "sell", "timestamp": 1765583974858}, {"id": "2666294808", "price": 3083.05, "amount": 0.324, "side": "sell", "timestamp": 1765583975019}, {"id": "2666294809", "price": 3083.06, "amount": 0.15, "side": "buy", "timestamp": 1765583975237}, {"id": "2666294810", "price": 3083.05, "amount": 0.106, "side": "sell", "timestamp": 1765583975247}, {"id": "2666294811", "price": 3083.06, "amount": 0.122, "side": "buy", "timestamp": 1765583975265}, {"id": "2666294812", "price": 3083.05, "amount": 0.821, "side": "sell", "timestamp": 1765583975499}, {"id": "2666294813", "price": 3083.06, "amount": 0.127, "side": "buy", "timestamp": 1765583975798}, {"id": "2666294814", "price": 3083.05, "amount": 0.324, "side": "sell", "timestamp": 1765583976050}, {"id": "2666294815", "price": 3083.05, "amount": 0.117, "side": "sell", "timestamp": 1765583976887}, {"id": "2666294816", "price": 3083.05, "amount": 0.359, "side": "sell", "timestamp": 1765583977043}, {"id": "2666294817", "price": 3083.05, "amount": 0.052, "side": "sell", "timestamp": 1765583977182}, {"id": "2666294818", "price": 3083.06, "amount": 0.054, "side": "buy", "timestamp": 1765583977239}, {"id": "2666294819", "price": 3083.05, "amount": 0.008, "side": "sell", "timestamp": 1765583977420}, {"id": "2666294820", "price": 3083.06, "amount": 0.016, "side": "buy", "timestamp": 1765583977440}, {"id": "2666294821", "price": 3083.06, "amount": 0.015, "side": "buy", "timestamp": 1765583977873}, {"id": "2666294822", "price": 3083.05, "amount": 0.331, "side": "sell", "timestamp": 1765583978053}, {"id": "2666294823", "price": 3083.06, "amount": 0.516, "side": "buy", "timestamp": 1765583978130}, {"id": "2666294824", "price": 3083.05, "amount": 0.051, "side": "sell", "timestamp": 1765583978755}, {"id": "2666294825", "price": 3083.05, "amount": 0.341, "side": "sell", "timestamp": 1765583979089}, {"id": "2666294826", "price": 3083.05, "amount": 0.06, "side": "sell", "timestamp": 1765583979473}, {"id": "2666294827", "price": 3083.05, "amount": 25.62, "side": "sell", "timestamp": 1765583979694}, {"id": "2666294828", "price": 3083.05, "amount": 0.343, "side": "sell", "timestamp": 1765583980107}, {"id": "2666294829", "price": 3083.06, "amount": 0.331, "side": "buy", "timestamp": 1765583980696}