[{"symbol": "AVAXUSDT", "bids": [[12.216, 236.0], [12.215, 377.0], [12.214, 875.0], [12.213, 640.0], [12.212, 1596.0], [12.211, 1576.0], [12.21, 1271.0], [12.209, 1876.0], [12.208, 2499.0], [12.207, 556.0], [12.206, 1093.0], [12.205, 2218.0], [12.204, 1589.0], [12.203, 1658.0], [12.202, 1866.0], [12.201, 4055.0], [12.2, 981.0], [12.199, 806.0], [12.198, 4487.0], [12.197, 13550.0]], "asks": [[12.217, 894.0], [12.218, 654.0], [12.219, 797.0], [12.22, 1044.0], [12.221, 2406.0], [12.222, 1508.0], [12.223, 1214.0], [12.224, 2201.0], [12.225, 1924.0], [12.226, 2292.0], [12.227, 2574.0], [12.228, 9166.0], [12.229, 1422.0], [12.23, 2267.0], [12.231, 5181.0], [12.232, 8215.0], [12.233, 2096.0], [12.234, 3301.0], [12.235, 6848.0], [12.236, 2370.0]], "timestamp": "2025-12-17T06:06:03.461312+00:00"}, {"symbol": "AVAXUSDT", "bids": [[12.214, 598.0], [12.213, 779.0], [12.212, 1305.0], [12.211, 2492.0], [12.21, 1499.0], [12.209, 839.0], [12.208, 1009.0], [12.207, 1736.0], [12.206, 1781.0], [12.205, 2962.0], [12.204, 2077.0], [12.203, 1485.0], [12.202, 680.0], [12.201, 1606.0], [12.2, 777.0], [12.199, 991.0], [12.198, 2403.0], [12.197, 797.0], [12.196, 1495.0], [12.195, 4666.0]], "asks": [[12.215, 30.0], [12.216, 251.0], [12.217, 543.0], [12.218, 834.0], [12.219, 1414.0], [12.22, 2932.0], [12.221, 2401.0], [12.222, 1130.0], [12.223, 1263.0], [12.224, 2322.0], [12.225, 1633.0], [12.226, 3741.0], [12.227, 2966.0], [12.228, 6797.0], [12.229, 1565.0], [12.23, 2882.0], [12.231, 4389.0], [12.232, 8011.0], [12.233, 5323.0], [12.234, 4783.0]], "timestamp": "2025-12-17T06:06:56.582445+00:00"}, {"symbol": "AVAXUSDT", "bids": [[12.22, 284.0], [12.219, 572.0], [12.218, 2022.0], [12.217, 1365.0], [12.216, 2016.0], [12.215, 2142.0], [12.214, 1185.0], [12.213, 1545.0], [12.212, 2533.0], [12.211, 866.0], [12.21, 1634.0], [12.209, 2436.0], [12.208, 2908.0], [12.207, 1096.0], [12.206, 2156.0], [12.205, 967.0], [12.204, 1178.0], [12.203, 1031.0], [12.202, 857.0], [12.201, 2105.0]], "asks": [[12.221, 96.0], [12.222, 122.0], [12.223, 784.0], [12.224, 1262.0], [12.225, 1070.0], [12.226, 1414.0], [12.227, 3742.0], [12.228, 6885.0], [12.229, 1725.0], [12.23, 2292.0], [12.231, 3358.0], [12.232, 8147.0], [12.233, 5286.0], [12.234, 4891.0], [12.235, 7540.0], [12.236, 2203.0], [12.237, 2021.0], [12.238, 1607.0], [12.239, 4738.0], [12.24, 14260.0]], "timestamp": "2025-12-17T06:07:48.805012+00:00"}, {"symbol": "AVAXUSDT", "bids": [[12.215, 153.0], [12.214, 535.0], [12.213, 1161.0], [12.212, 2039.0], [12.211, 1446.0], [12.21, 1138.0], [12.209, 1917.0], [12.208, 1518.0], [12.207, 1129.0], [12.206, 2409.0], [12.205, 1083.0], [12.204, 1999.0], [12.203, 855.0], [12.202, 1076.0], [12.201, 2282.0], [12.2, 1768.0], [12.199, 1403.0], [12.198, 6032.0], [12.197, 10413.0], [12.196, 13444.0]], "asks": [[12.216, 251.0], [12.217, 297.0], [12.218, 647.0], [12.219, 811.0], [12.22, 1693.0], [12.221, 3408.0], [12.222, 1272.0], [12.223, 1861.0], [12.224, 1916.0], [12.225, 1225.0], [12.226, 1927.0], [12.227, 3058.0], [12.228, 9789.0], [12.229, 1319.0], [12.23, 1586.0], [12.231, 3231.0], [12.232, 8335.0], [12.233, 4515.0], [12.234, 4161.0], [12.235, 6596.0]], "timestamp": "2025-12-17T06:08:40.532405+00:00"}, {"symbol": "AVAXUSDT", "bids": [[12.225, 272.0], [12.224, 653.0], [12.223, 1405.0], [12.222, 1135.0], [12.221, 2759.0], [12.22, 1375.0], [12.219, 2239.0], [12.218, 3257.0], [12.217, 1604.0], [12.216, 1777.0], [12.215, 2320.0], [12.214, 2088.0], [12.213, 969.0], [12.212, 1816.0], [12.211, 562.0], [12.21, 1078.0], [12.209, 1835.0], [12.208, 1644.0], [12.207, 1011.0], [12.206, 2085.0]], "asks": [[12.226, 133.0], [12.227, 1041.0], [12.228, 5589.0], [12.229, 484.0], [12.23, 1387.0], [12.231, 3273.0], [12.232, 8031.0], [12.233, 2597.0], [12.234, 3166.0], [12.235, 7115.0], [12.236, 2510.0], [12.237, 2434.0], [12.238, 2043.0], [12.239, 5330.0], [12.24, 3867.0], [12.241, 1238.0], [12.242, 2247.0], [12.243, 1673.0], [12.244, 1903.0], [12.245, 2771.0]], "timestamp": "2025-12-17T06:09:32.225519+00:00"}, {"symbol": "AVAXUSDT", "bids": [[12.239, 17.0], [12.238, 153.0], [12.237, 346.0], [12.236, 1900.0], [12.235, 1324.0], [12.234, 2156.0], [12.233, 2633.0], [12.232, 652.0], [12.231, 947.0], [12.23, 1888.0], [12.229, 1588.0], [12.228, 2590.0], [12.227, 2211.0], [12.226, 855.0], [12.225, 1148.0], [12.224, 1918.0], [12.223, 1616.0], [12.222, 3365.0], [12.221, 2595.0], [12.22, 750.0]], "asks": [[12.24, 643.0], [12.241, 1037.0], [12.242, 773.0], [12.243, 1134.0], [12.244, 2069.0], [12.245, 3022.0], [12.246, 7349.0], [12.247, 829.0], [12.248, 2080.0], [12.249, 4399.0], [12.25, 7290.0], [12.251, 1675.0], [12.252, 2831.0], [12.253, 7418.0], [12.254, 4036.0], [12.255, 1150.0], [12.256, 1631.0], [12.257, 2143.0], [12.258, 4376.0], [12.259, 4080.0]], "timestamp": "2025-12-17T06:10:23.858716+00:00"}, {"symbol": "AVAXUSDT", "bids": [[12.235, 337.0], [12.234, 443.0], [12.233, 1023.0], [12.232, 1533.0], [12.231, 2006.0], [12.23, 1269.0], [12.229, 1337.0], [12.228, 2081.0], [12.227, 1153.0], [12.226, 1420.0], [12.225, 2415.0], [12.224, 1573.0], [12.223, 2725.0], [12.222, 1346.0], [12.221, 1617.0], [12.22, 971.0], [12.219, 580.0], [12.218, 1007.0], [12.217, 1652.0], [12.216, 2967.0]], "asks": [[12.236, 453.0], [12.237, 671.0], [12.238, 1611.0], [12.239, 1306.0], [12.24, 2034.0], [12.241, 4163.0], [12.242, 6265.0], [12.243, 937.0], [12.244, 1989.0], [12.245, 1881.0], [12.246, 672.0], [12.247, 1605.0], [12.248, 5871.0], [12.249, 1870.0], [12.25, 1825.0], [12.251, 1907.0], [12.252, 2659.0], [12.253, 6185.0], [12.254, 1301.0], [12.255, 1214.0]], "timestamp": "2025-12-17T06:11:15.936025+00:00"}, {"symbol": "AVAXUSDT", "bids": [[12.247, 921.0], [12.246, 809.0], [12.245, 1155.0], [12.244, 2089.0], [12.243, 1563.0], [12.242, 1139.0], [12.241, 1669.0], [12.24, 2342.0], [12.239, 1782.0], [12.238, 2911.0], [12.237, 1918.0], [12.236, 1093.0], [12.235, 947.0], [12.234, 2323.0], [12.233, 873.0], [12.232, 1360.0], [12.231, 1929.0], [12.23, 3314.0], [12.229, 1302.0], [12.228, 2388.0]], "asks": [[12.248, 510.0], [12.249, 22.0], [12.25, 592.0], [12.251, 726.0], [12.252, 2562.0], [12.253, 6264.0], [12.254, 2258.0], [12.255, 2274.0], [12.256, 2183.0], [12.257, 8759.0], [12.258, 1078.0], [12.259, 1949.0], [12.26, 6985.0], [12.261, 2350.0], [12.262, 3976.0], [12.263, 2958.0], [12.264, 4707.0], [12.265, 3386.0], [12.266, 2678.0], [12.267, 4267.0]], "timestamp": "2025-12-17T06:12:07.539784+00:00"}, {"symbol": "AVAXUSDT", "bids": [[12.235, 379.0], [12.234, 604.0], [12.233, 543.0], [12.232, 1323.0], [12.231, 1898.0], [12.23, 1072.0], [12.229, 1329.0], [12.228, 2342.0], [12.227, 1477.0], [12.226, 1518.0], [12.225, 2052.0], [12.224, 5239.0], [12.223, 931.0], [12.222, 1340.0], [12.221, 1756.0], [12.22, 939.0], [12.219, 734.0], [12.218, 917.0], [12.217, 819.0], [12.216, 2472.0]], "asks": [[12.236, 229.0], [12.237, 954.0], [12.238, 990.0], [12.239, 1083.0], [12.24, 2420.0], [12.241, 1502.0], [12.242, 2496.0], [12.243, 1587.0], [12.244, 1279.0], [12.245, 1755.0], [12.246, 2114.0], [12.247, 3563.0], [12.248, 1469.0], [12.249, 3355.0], [12.25, 1850.0], [12.251, 4279.0], [12.252, 4301.0], [12.253, 7715.0], [12.254, 1259.0], [12.255, 1062.0]], "timestamp": "2025-12-17T06:12:58.856227+00:00"}, {"symbol": "AVAXUSDT", "bids": [[12.232, 304.0], [12.231, 531.0], [12.23, 900.0], [12.229, 695.0], [12.228, 1007.0], [12.227, 1681.0], [12.226, 1335.0], [12.225, 1905.0], [12.224, 1486.0], [12.223, 902.0], [12.222, 1853.0], [12.221, 1331.0], [12.22, 2460.0], [12.219, 1164.0], [12.218, 1704.0], [12.217, 2027.0], [12.216, 3616.0], [12.215, 1101.0], [12.214, 1666.0], [12.213, 1978.0]], "asks": [[12.233, 100.0], [12.234, 460.0], [12.235, 2665.0], [12.236, 6949.0], [12.237, 1947.0], [12.238, 2632.0], [12.239, 7689.0], [12.24, 1591.0], [12.241, 1470.0], [12.242, 2381.0], [12.243, 7773.0], [12.244, 1304.0], [12.245, 1542.0], [12.246, 1905.0], [12.247, 3815.0], [12.248, 1825.0], [12.249, 973.0], [12.25, 1833.0], [12.251, 6084.0], [12.252, 3763.0]], "timestamp": "2025-12-17T06:13:50.426875+00:00"}, {"symbol": "AVAXUSDT", "bids": [[12.237, 1232.0], [12.236, 825.0], [12.235, 1219.0], [12.234, 1221.0], [12.233, 2013.0], [12.232, 1435.0], [12.231, 2014.0], [12.23, 2091.0], [12.229, 1943.0], [12.228, 2526.0], [12.227, 1474.0], [12.226, 2339.0], [12.225, 1617.0], [12.224, 1667.0], [12.223, 895.0], [12.222, 2057.0], [12.221, 934.0], [12.22, 3230.0], [12.219, 952.0], [12.218, 1356.0]], "asks": [[12.238, 24.0], [12.239, 959.0], [12.24, 5905.0], [12.241, 415.0], [12.242, 1395.0], [12.243, 1583.0], [12.244, 7523.0], [12.245, 1414.0], [12.246, 1691.0], [12.247, 6869.0], [12.248, 2263.0], [12.249, 1323.0], [12.25, 1959.0], [12.251, 5655.0], [12.252, 2131.0], [12.253, 1860.0], [12.254, 3559.0], [12.255, 1490.0], [12.256, 3663.0], [12.257, 3002.0]], "timestamp": "2025-12-17T06:14:41.803286+00:00"}, {"symbol": "AVAXUSDT", "bids": [[12.241, 358.0], [12.24, 571.0], [12.239, 1096.0], [12.238, 926.0], [12.237, 1743.0], [12.236, 1832.0], [12.235, 2280.0], [12.234, 1444.0], [12.233, 1578.0], [12.232, 1474.0], [12.231, 1923.0], [12.23, 2204.0], [12.229, 1254.0], [12.228, 1171.0], [12.227, 1577.0], [12.226, 1807.0], [12.225, 3471.0], [12.224, 1772.0], [12.223, 1162.0], [12.222, 734.0]], "asks": [[12.242, 1332.0], [12.243, 746.0], [12.244, 879.0], [12.245, 837.0], [12.246, 1996.0], [12.247, 6682.0], [12.248, 2050.0], [12.249, 2018.0], [12.25, 2386.0], [12.251, 6080.0], [12.252, 991.0], [12.253, 3120.0], [12.254, 7981.0], [12.255, 1933.0], [12.256, 4552.0], [12.257, 2440.0], [12.258, 4475.0], [12.259, 1629.0], [12.26, 2749.0], [12.261, 1299.0]], "timestamp": "2025-12-17T06:15:34.274748+00:00"}, {"symbol": "AVAXUSDT", "bids": [[12.235, 1070.0], [12.234, 1254.0], [12.233, 897.0], [12.232, 1410.0], [12.231, 1507.0], [12.23, 1783.0], [12.229, 1651.0], [12.228, 1133.0], [12.227, 1803.0], [12.226, 1791.0], [12.225, 1316.0], [12.224, 2729.0], [12.223, 811.0], [12.222, 1577.0], [12.221, 3692.0], [12.22, 1089.0], [12.219, 930.0], [12.218, 1796.0], [12.217, 745.0], [12.216, 677.0]], "asks": [[12.236, 45.0], [12.237, 118.0], [12.238, 940.0], [12.239, 995.0], [12.24, 1937.0], [12.241, 1513.0], [12.242, 3328.0], [12.243, 2528.0], [12.244, 2002.0], [12.245, 1135.0], [12.246, 1177.0], [12.247, 1940.0], [12.248, 3991.0], [12.249, 1162.0], [12.25, 2065.0], [12.251, 791.0], [12.252, 1360.0], [12.253, 2671.0], [12.254, 7613.0], [12.255, 2570.0]], "timestamp": "2025-12-17T06:16:26.013881+00:00"}, {"symbol": "AVAXUSDT", "bids": [[12.237, 129.0], [12.236, 379.0], [12.235, 821.0], [12.234, 1208.0], [12.233, 1563.0], [12.232, 1711.0], [12.231, 823.0], [12.23, 1260.0], [12.229, 1851.0], [12.228, 1288.0], [12.227, 1398.0], [12.226, 2804.0], [12.225, 778.0], [12.224, 1492.0], [12.223, 903.0], [12.222, 1977.0], [12.221, 2274.0], [12.22, 3611.0], [12.219, 1235.0], [12.218, 1295.0]], "asks": [[12.238, 560.0], [12.239, 462.0], [12.24, 1024.0], [12.241, 903.0], [12.242, 2265.0], [12.243, 2614.0], [12.244, 3476.0], [12.245, 1064.0], [12.246, 703.0], [12.247, 1831.0], [12.248, 4151.0], [12.249, 1155.0], [12.25, 1972.0], [12.251, 793.0], [12.252, 947.0], [12.253, 2599.0], [12.254, 8107.0], [12.255, 2567.0], [12.256, 3038.0], [12.257, 6254.0]], "timestamp": "2025-12-17T06:17:17.431859+00:00"}, {"symbol": "AVAXUSDT", "bids": [[12.228, 11.0], [12.227, 307.0], [12.226, 485.0], [12.225, 1069.0], [12.224, 2691.0], [12.223, 981.0], [12.222, 901.0], [12.221, 1305.0], [12.22, 1435.0], [12.219, 2159.0], [12.218, 2020.0], [12.217, 3112.0], [12.216, 2051.0], [12.215, 2140.0], [12.214, 754.0], [12.213, 1849.0], [12.212, 821.0], [12.211, 569.0], [12.21, 1286.0], [12.209, 872.0]], "asks": [[12.229, 616.0], [12.23, 593.0], [12.231, 793.0], [12.232, 1649.0], [12.233, 3068.0], [12.234, 3513.0], [12.235, 2208.0], [12.236, 2087.0], [12.237, 1822.0], [12.238, 2332.0], [12.239, 3552.0], [12.24, 3400.0], [12.241, 5569.0], [12.242, 1690.0], [12.243, 1769.0], [12.244, 1217.0], [12.245, 980.0], [12.246, 937.0], [12.247, 1618.0], [12.248, 1738.0]], "timestamp": "2025-12-17T06:18:08.853859+00:00"}, {"symbol": "AVAXUSDT", "bids": [[12.227, 107.0], [12.226, 97.0], [12.225, 937.0], [12.224, 1466.0], [12.223, 2804.0], [12.222, 1262.0], [12.221, 1849.0], [12.22, 2416.0], [12.219, 2268.0], [12.218, 1915.0], [12.217, 1572.0], [12.216, 1232.0], [12.215, 2016.0], [12.214, 1310.0], [12.213, 1066.0], [12.212, 934.0], [12.211, 1165.0], [12.21, 899.0], [12.209, 1922.0], [12.208, 4247.0]], "asks": [[12.228, 646.0], [12.229, 563.0], [12.23, 942.0], [12.231, 707.0], [12.232, 1601.0], [12.233, 3256.0], [12.234, 786.0], [12.235, 1317.0], [12.236, 1402.0], [12.237, 1590.0], [12.238, 3754.0], [12.239, 2391.0], [12.24, 3769.0], [12.241, 2284.0], [12.242, 1509.0], [12.243, 2747.0], [12.244, 2964.0], [12.245, 4128.0], [12.246, 1594.0], [12.247, 3404.0]], "timestamp": "2025-12-17T06:19:00.283642+00:00"}, {"symbol": "AVAXUSDT", "bids": [[12.236, 550.0], [12.235, 731.0], [12.234, 1177.0], [12.233, 1746.0], [12.232, 3108.0], [12.231, 2042.0], [12.23, 2032.0], [12.229, 3253.0], [12.228, 2213.0], [12.227, 1265.0], [12.226, 1951.0], [12.225, 1150.0], [12.224, 2926.0], [12.223, 1678.0], [12.222, 932.0], [12.221, 1534.0], [12.22, 1526.0], [12.219, 1978.0], [12.218, 3262.0], [12.217, 1436.0]], "asks": [[12.237, 145.0], [12.238, 349.0], [12.239, 478.0], [12.24, 946.0], [12.241, 807.0], [12.242, 1036.0], [12.243, 2480.0], [12.244, 625.0], [12.245, 1145.0], [12.246, 1862.0], [12.247, 2353.0], [12.248, 3280.0], [12.249, 1223.0], [12.25, 2541.0], [12.251, 1900.0], [12.252, 2493.0], [12.253, 5953.0], [12.254, 7537.0], [12.255, 2124.0], [12.256, 3303.0]], "timestamp": "2025-12-17T06:19:51.825469+00:00"}, {"symbol": "AVAXUSDT", "bids": [[12.232, 141.0], [12.231, 779.0], [12.23, 679.0], [12.229, 752.0], [12.228, 1561.0], [12.227, 952.0], [12.226, 1360.0], [12.225, 907.0], [12.224, 851.0], [12.223, 1329.0], [12.222, 1646.0], [12.221, 2428.0], [12.22, 1366.0], [12.219, 1994.0], [12.218, 1392.0], [12.217, 676.0], [12.216, 922.0], [12.215, 1798.0], [12.214, 1729.0], [12.213, 3007.0]], "asks": [[12.233, 532.0], [12.234, 713.0], [12.235, 521.0], [12.236, 999.0], [12.237, 1898.0], [12.238, 2335.0], [12.239, 3420.0], [12.24, 2284.0], [12.241, 1126.0], [12.242, 1927.0], [12.243, 1271.0], [12.244, 3629.0], [12.245, 1862.0], [12.246, 707.0], [12.247, 806.0], [12.248, 1300.0], [12.249, 1409.0], [12.25, 1443.0], [12.251, 3448.0], [12.252, 16340.0]], "timestamp": "2025-12-17T06:20:43.260568+00:00"}, {"symbol": "AVAXUSDT", "bids": [[12.218, 69.0], [12.217, 113.0], [12.216, 603.0], [12.215, 952.0], [12.214, 1371.0], [12.213, 866.0], [12.212, 1097.0], [12.211, 705.0], [12.21, 1412.0], [12.209, 1500.0], [12.208, 1272.0], [12.207, 1642.0], [12.206, 3402.0], [12.205, 2181.0], [12.204, 3061.0], [12.203, 914.0], [12.202, 682.0], [12.201, 785.0], [12.2, 1526.0], [12.199, 3049.0]], "asks": [[12.219, 1273.0], [12.22, 822.0], [12.221, 1027.0], [12.222, 1167.0], [12.223, 870.0], [12.224, 2273.0], [12.225, 2783.0], [12.226, 2387.0], [12.227, 2003.0], [12.228, 2523.0], [12.229, 1546.0], [12.23, 1836.0], [12.231, 4207.0], [12.232, 1555.0], [12.233, 1692.0], [12.234, 1569.0], [12.235, 1202.0], [12.236, 2432.0], [12.237, 1932.0], [12.238, 2137.0]], "timestamp": "2025-12-17T06:21:34.667995+00:00"}, {"symbol": "AVAXUSDT", "bids": [[12.217, 25.0], [12.216, 206.0], [12.215, 429.0], [12.214, 878.0], [12.213, 1443.0], [12.212, 1321.0], [12.211, 822.0], [12.21, 1165.0], [12.209, 1791.0], [12.208, 1236.0], [12.207, 1604.0], [12.206, 2611.0], [12.205, 1554.0], [12.204, 1339.0], [12.203, 2114.0], [12.202, 1346.0], [12.201, 2549.0], [12.2, 1577.0], [12.199, 3195.0], [12.198, 1245.0]], "asks": [[12.218, 1817.0], [12.219, 576.0], [12.22, 570.0], [12.221, 1284.0], [12.222, 1203.0], [12.223, 1232.0], [12.224, 3035.0], [12.225, 1364.0], [12.226, 1396.0], [12.227, 1371.0], [12.228, 1476.0], [12.229, 1703.0], [12.23, 4400.0], [12.231, 1441.0], [12.232, 1430.0], [12.233, 1204.0], [12.234, 2292.0], [12.235, 4790.0], [12.236, 3122.0], [12.237, 2150.0]], "timestamp": "2025-12-17T06:22:26.045995+00:00"}, {"symbol": "AVAXUSDT", "bids": [[12.221, 345.0], [12.22, 285.0], [12.219, 788.0], [12.218, 1065.0], [12.217, 2193.0], [12.216, 1915.0], [12.215, 1118.0], [12.214, 836.0], [12.213, 940.0], [12.212, 1476.0], [12.211, 1532.0], [12.21, 2211.0], [12.209, 2626.0], [12.208, 1030.0], [12.207, 663.0], [12.206, 1330.0], [12.205, 1407.0], [12.204, 1013.0], [12.203, 1545.0], [12.202, 3526.0]], "asks": [[12.222, 212.0], [12.223, 369.0], [12.224, 1378.0], [12.225, 1144.0], [12.226, 1341.0], [12.227, 1324.0], [12.228, 2292.0], [12.229, 1676.0], [12.23, 2657.0], [12.231, 2010.0], [12.232, 3565.0], [12.233, 1863.0], [12.234, 2207.0], [12.235, 4798.0], [12.236, 2643.0], [12.237, 2183.0], [12.238, 2685.0], [12.239, 1158.0], [12.24, 3716.0], [12.241, 14293.0]], "timestamp": "2025-12-17T06:23:17.530489+00:00"}, {"symbol": "AVAXUSDT", "bids": [[12.232, 559.0], [12.231, 1279.0], [12.23, 1033.0], [12.229, 617.0], [12.228, 1246.0], [12.227, 2224.0], [12.226, 1800.0], [12.225, 1220.0], [12.224, 1213.0], [12.223, 1804.0], [12.222, 1645.0], [12.221, 1784.0], [12.22, 2296.0], [12.219, 1849.0], [12.218, 2836.0], [12.217, 860.0], [12.216, 1998.0], [12.215, 966.0], [12.214, 779.0], [12.213, 1260.0]], "asks": [[12.233, 96.0], [12.234, 338.0], [12.235, 870.0], [12.236, 195.0], [12.237, 1029.0], [12.238, 846.0], [12.239, 1841.0], [12.24, 2732.0], [12.241, 1257.0], [12.242, 1061.0], [12.243, 1086.0], [12.244, 3107.0], [12.245, 2397.0], [12.246, 2419.0], [12.247, 4767.0], [12.248, 2456.0], [12.249, 3428.0], [12.25, 14508.0], [12.251, 2064.0], [12.252, 3510.0]], "timestamp": "2025-12-17T06:24:08.954217+00:00"}, {"symbol": "AVAXUSDT", "bids": [[12.24, 33.0], [12.239, 121.0], [12.238, 853.0], [12.237, 1830.0], [12.236, 2185.0], [12.235, 1218.0], [12.234, 1324.0], [12.233, 1304.0], [12.232, 1362.0], [12.231, 1036.0], [12.23, 1743.0], [12.229, 1999.0], [12.228, 3750.0], [12.227, 1518.0], [12.226, 1449.0], [12.225, 3341.0], [12.224, 1378.0], [12.223, 765.0], [12.222, 784.0], [12.221, 1712.0]], "asks": [[12.241, 624.0], [12.242, 367.0], [12.243, 1029.0], [12.244, 634.0], [12.245, 1137.0], [12.246, 2000.0], [12.247, 2186.0], [12.248, 1337.0], [12.249, 1598.0], [12.25, 1394.0], [12.251, 1015.0], [12.252, 4300.0], [12.253, 3642.0], [12.254, 7707.0], [12.255, 2309.0], [12.256, 1790.0], [12.257, 2119.0], [12.258, 6430.0], [12.259, 1461.0], [12.26, 4189.0]], "timestamp": "2025-12-17T06:25:00.779934+00:00"}, {"symbol": "AVAXUSDT", "bids": [[12.243, 702.0], [12.242, 379.0], [12.241, 818.0], [12.24, 1027.0], [12.239, 1838.0], [12.238, 1353.0], [12.237, 2366.0], [12.236, 1911.0], [12.235, 1253.0], [12.234, 1503.0], [12.233, 1330.0], [12.232, 1988.0], [12.231, 2159.0], [12.23, 1431.0], [12.229, 1151.0], [12.228, 1264.0], [12.227, 1435.0], [12.226, 1864.0], [12.225, 3369.0], [12.224, 1864.0]], "asks": [[12.244, 273.0], [12.245, 341.0], [12.246, 771.0], [12.247, 670.0], [12.248, 1349.0], [12.249, 2431.0], [12.25, 1157.0], [12.251, 1889.0], [12.252, 2487.0], [12.253, 3239.0], [12.254, 8025.0], [12.255, 2801.0], [12.256, 1748.0], [12.257, 5765.0], [12.258, 6448.0], [12.259, 1416.0], [12.26, 4104.0], [12.261, 8906.0], [12.262, 1032.0], [12.263, 2882.0]], "timestamp": "2025-12-17T06:25:52.069386+00:00"}, {"symbol": "AVAXUSDT", "bids": [[12.23, 148.0], [12.229, 265.0], [12.228, 654.0], [12.227, 947.0], [12.226, 1070.0], [12.225, 1551.0], [12.224, 1657.0], [12.223, 932.0], [12.222, 976.0], [12.221, 1417.0], [12.22, 2021.0], [12.219, 4950.0], [12.218, 1127.0], [12.217, 878.0], [12.216, 1074.0], [12.215, 1555.0], [12.214, 646.0], [12.213, 678.0], [12.212, 1690.0], [12.211, 963.0]], "asks": [[12.231, 972.0], [12.232, 607.0], [12.233, 1490.0], [12.234, 1400.0], [12.235, 2193.0], [12.236, 1583.0], [12.237, 2156.0], [12.238, 1275.0], [12.239, 2043.0], [12.24, 1683.0], [12.241, 1517.0], [12.242, 3193.0], [12.243, 3010.0], [12.244, 2955.0], [12.245, 2121.0], [12.246, 2160.0], [12.247, 846.0], [12.248, 1265.0], [12.249, 4138.0], [12.25, 1217.0]], "timestamp": "2025-12-17T06:26:43.733473+00:00"}, {"symbol": "AVAXUSDT", "bids": [[12.238, 238.0], [12.237, 435.0], [12.236, 440.0], [12.235, 977.0], [12.234, 1985.0], [12.233, 974.0], [12.232, 1069.0], [12.231, 1260.0], [12.23, 1518.0], [12.229, 1949.0], [12.228, 2070.0], [12.227, 1119.0], [12.226, 2521.0], [12.225, 1331.0], [12.224, 1247.0], [12.223, 1307.0], [12.222, 1693.0], [12.221, 3634.0], [12.22, 1512.0], [12.219, 1564.0]], "asks": [[12.239, 387.0], [12.24, 734.0], [12.241, 653.0], [12.242, 761.0], [12.243, 1395.0], [12.244, 1503.0], [12.245, 2566.0], [12.246, 2483.0], [12.247, 1583.0], [12.248, 1561.0], [12.249, 2132.0], [12.25, 4215.0], [12.251, 1691.0], [12.252, 1785.0], [12.253, 2701.0], [12.254, 8408.0], [12.255, 2584.0], [12.256, 5745.0], [12.257, 6478.0], [12.258, 8840.0]], "timestamp": "2025-12-17T06:27:35.130292+00:00"}, {"symbol": "AVAXUSDT", "bids": [[12.237, 1131.0], [12.236, 520.0], [12.235, 1376.0], [12.234, 1438.0], [12.233, 1397.0], [12.232, 1012.0], [12.231, 1387.0], [12.23, 1662.0], [12.229, 1399.0], [12.228, 1858.0], [12.227, 1375.0], [12.226, 2295.0], [12.225, 1703.0], [12.224, 620.0], [12.223, 963.0], [12.222, 1395.0], [12.221, 1850.0], [12.22, 1928.0], [12.219, 1140.0], [12.218, 2592.0]], "asks": [[12.238, 512.0], [12.239, 129.0], [12.24, 484.0], [12.241, 847.0], [12.242, 1371.0], [12.243, 2665.0], [12.244, 1422.0], [12.245, 1320.0], [12.246, 2265.0], [12.247, 1697.0], [12.248, 1578.0], [12.249, 1810.0], [12.25, 3333.0], [12.251, 1747.0], [12.252, 1969.0], [12.253, 3309.0], [12.254, 8293.0], [12.255, 3246.0], [12.256, 5910.0], [12.257, 6764.0]], "timestamp": "2025-12-17T06:28:26.423299+00:00"}, {"symbol": "AVAXUSDT", "bids": [[12.235, 651.0], [12.234, 99.0], [12.233, 655.0], [12.232, 824.0], [12.231, 1690.0], [12.23, 1555.0], [12.229, 1359.0], [12.228, 1996.0], [12.227, 1365.0], [12.226, 726.0], [12.225, 1213.0], [12.224, 2768.0], [12.223, 965.0], [12.222, 1224.0], [12.221, 2262.0], [12.22, 3956.0], [12.219, 1223.0], [12.218, 2615.0], [12.217, 8451.0], [12.216, 794.0]], "asks": [[12.236, 1187.0], [12.237, 550.0], [12.238, 284.0], [12.239, 851.0], [12.24, 1801.0], [12.241, 1386.0], [12.242, 1495.0], [12.243, 2811.0], [12.244, 1851.0], [12.245, 1557.0], [12.246, 1921.0], [12.247, 3843.0], [12.248, 1957.0], [12.249, 1639.0], [12.25, 1831.0], [12.251, 1449.0], [12.252, 1969.0], [12.253, 3310.0], [12.254, 7611.0], [12.255, 2453.0]], "timestamp": "2025-12-17T06:29:18.114727+00:00"}, {"symbol": "AVAXUSDT", "bids": [[12.229, 88.0], [12.228, 45.0], [12.227, 814.0], [12.226, 1032.0], [12.225, 914.0], [12.224, 1566.0], [12.223, 818.0], [12.222, 1078.0], [12.221, 2080.0], [12.22, 1946.0], [12.219, 2285.0], [12.218, 3454.0], [12.217, 713.0], [12.216, 793.0], [12.215, 1625.0], [12.214, 2821.0], [12.213, 3213.0], [12.212, 1841.0], [12.211, 1560.0], [12.21, 8705.0]], "asks": [[12.23, 658.0], [12.231, 477.0], [12.232, 1130.0], [12.233, 1184.0], [12.234, 2441.0], [12.235, 3722.0], [12.236, 2192.0], [12.237, 1764.0], [12.238, 1575.0], [12.239, 2578.0], [12.24, 3586.0], [12.241, 2674.0], [12.242, 4776.0], [12.243, 1932.0], [12.244, 4104.0], [12.245, 2027.0], [12.246, 2417.0], [12.247, 1730.0], [12.248, 873.0], [12.249, 3068.0]], "timestamp": "2025-12-17T06:30:09.478616+00:00"}, {"symbol": "AVAXUSDT", "bids": [[12.228, 419.0], [12.227, 513.0], [12.226, 611.0], [12.225, 565.0], [12.224, 1513.0], [12.223, 1133.0], [12.222, 839.0], [12.221, 1440.0], [12.22, 1979.0], [12.219, 1800.0], [12.218, 4414.0], [12.217, 2090.0], [12.216, 796.0], [12.215, 1557.0], [12.214, 661.0], [12.213, 936.0], [12.212, 1832.0], [12.211, 694.0], [12.21, 2161.0], [12.209, 8817.0]], "asks": [[12.229, 350.0], [12.23, 755.0], [12.231, 600.0], [12.232, 1398.0], [12.233, 1833.0], [12.234, 1648.0], [12.235, 3044.0], [12.236, 4326.0], [12.237, 2525.0], [12.238, 3497.0], [12.239, 2078.0], [12.24, 1728.0], [12.241, 1169.0], [12.242, 3516.0], [12.243, 1230.0], [12.244, 1194.0], [12.245, 1310.0], [12.246, 3419.0], [12.247, 4039.0], [12.248, 1105.0]], "timestamp": "2025-12-17T06:31:01.258636+00:00"}, {"symbol": "AVAXUSDT", "bids": [[12.236, 23.0], [12.235, 446.0], [12.234, 1383.0], [12.233, 1750.0], [12.232, 1714.0], [12.231, 1848.0], [12.23, 1471.0], [12.229, 1651.0], [12.228, 1399.0], [12.227, 1571.0], [12.226, 815.0], [12.225, 2316.0], [12.224, 1534.0], [12.223, 1232.0], [12.222, 2058.0], [12.221, 4232.0], [12.22, 1761.0], [12.219, 1106.0], [12.218, 1180.0], [12.217, 1093.0]], "asks": [[12.237, 1384.0], [12.238, 860.0], [12.239, 987.0], [12.24, 694.0], [12.241, 1056.0], [12.242, 1184.0], [12.243, 1195.0], [12.244, 1148.0], [12.245, 1185.0], [12.246, 1714.0], [12.247, 684.0], [12.248, 1759.0], [12.249, 2125.0], [12.25, 1918.0], [12.251, 4123.0], [12.252, 1927.0], [12.253, 2440.0], [12.254, 10288.0], [12.255, 2343.0], [12.256, 2335.0]], "timestamp": "2025-12-17T06:31:52.593585+00:00"}, {"symbol": "AVAXUSDT", "bids": [[12.236, 44.0], [12.235, 442.0], [12.234, 1239.0], [12.233, 890.0], [12.232, 1988.0], [12.231, 1742.0], [12.23, 1427.0], [12.229, 1597.0], [12.228, 1517.0], [12.227, 1539.0], [12.226, 837.0], [12.225, 2555.0], [12.224, 1533.0], [12.223, 999.0], [12.222, 1382.0], [12.221, 3715.0], [12.22, 1936.0], [12.219, 1105.0], [12.218, 1164.0], [12.217, 1094.0]], "asks": [[12.237, 385.0], [12.238, 1087.0], [12.239, 1543.0], [12.24, 1754.0], [12.241, 1901.0], [12.242, 1024.0], [12.243, 2377.0], [12.244, 1277.0], [12.245, 973.0], [12.246, 1692.0], [12.247, 813.0], [12.248, 1759.0], [12.249, 2219.0], [12.25, 3675.0], [12.251, 2784.0], [12.252, 3443.0], [12.253, 3228.0], [12.254, 10289.0], [12.255, 2415.0], [12.256, 1912.0]], "timestamp": "2025-12-17T06:32:43.844165+00:00"}, {"symbol": "AVAXUSDT", "bids": [[12.236, 547.0], [12.235, 708.0], [12.234, 1561.0], [12.233, 1416.0], [12.232, 1897.0], [12.231, 1767.0], [12.23, 1117.0], [12.229, 1490.0], [12.228, 1797.0], [12.227, 1113.0], [12.226, 978.0], [12.225, 2455.0], [12.224, 1682.0], [12.223, 1644.0], [12.222, 2171.0], [12.221, 3997.0], [12.22, 2095.0], [12.219, 603.0], [12.218, 1163.0], [12.217, 2544.0]], "asks": [[12.237, 454.0], [12.238, 127.0], [12.239, 769.0], [12.24, 614.0], [12.241, 1523.0], [12.242, 1312.0], [12.243, 1494.0], [12.244, 2499.0], [12.245, 1009.0], [12.246, 1843.0], [12.247, 1416.0], [12.248, 1299.0], [12.249, 1807.0], [12.25, 2071.0], [12.251, 3988.0], [12.252, 3187.0], [12.253, 3178.0], [12.254, 10444.0], [12.255, 2833.0], [12.256, 1392.0]], "timestamp": "2025-12-17T06:33:35.135910+00:00"}, {"symbol": "AVAXUSDT", "bids": [[12.232, 266.0], [12.231, 630.0], [12.23, 1374.0], [12.229, 765.0], [12.228, 1016.0], [12.227, 1973.0], [12.226, 1138.0], [12.225, 1408.0], [12.224, 2010.0], [12.223, 1742.0], [12.222, 2026.0], [12.221, 3133.0], [12.22, 2404.0], [12.219, 1237.0], [12.218, 1516.0], [12.217, 1288.0], [12.216, 4010.0], [12.215, 1333.0], [12.214, 932.0], [12.213, 1179.0]], "asks": [[12.233, 500.0], [12.234, 286.0], [12.235, 1200.0], [12.236, 1163.0], [12.237, 1600.0], [12.238, 1454.0], [12.239, 2834.0], [12.24, 1854.0], [12.241, 3179.0], [12.242, 1494.0], [12.243, 1164.0], [12.244, 1251.0], [12.245, 3905.0], [12.246, 2137.0], [12.247, 3632.0], [12.248, 1368.0], [12.249, 1847.0], [12.25, 1967.0], [12.251, 3487.0], [12.252, 15444.0]], "timestamp": "2025-12-17T06:34:26.718842+00:00"}, {"symbol": "AVAXUSDT", "bids": [[12.23, 88.0], [12.229, 420.0], [12.228, 774.0], [12.227, 1107.0], [12.226, 1554.0], [12.225, 1939.0], [12.224, 1301.0], [12.223, 1482.0], [12.222, 1877.0], [12.221, 2025.0], [12.22, 1856.0], [12.219, 2087.0], [12.218, 3281.0], [12.217, 1368.0], [12.216, 870.0], [12.215, 1790.0], [12.214, 4703.0], [12.213, 8321.0], [12.212, 1863.0], [12.211, 1855.0]], "asks": [[12.231, 485.0], [12.232, 508.0], [12.233, 1084.0], [12.234, 1565.0], [12.235, 1373.0], [12.236, 1345.0], [12.237, 3013.0], [12.238, 2209.0], [12.239, 2915.0], [12.24, 2718.0], [12.241, 1818.0], [12.242, 1907.0], [12.243, 4102.0], [12.244, 1288.0], [12.245, 1092.0], [12.246, 2111.0], [12.247, 3629.0], [12.248, 1847.0], [12.249, 1928.0], [12.25, 1489.0]], "timestamp": "2025-12-17T06:35:19.393358+00:00"}, {"symbol": "AVAXUSDT", "bids": [[12.229, 457.0], [12.228, 491.0], [12.227, 1036.0], [12.226, 855.0], [12.225, 1366.0], [12.224, 1957.0], [12.223, 1105.0], [12.222, 1198.0], [12.221, 1595.0], [12.22, 1543.0], [12.219, 1498.0], [12.218, 3941.0], [12.217, 846.0], [12.216, 804.0], [12.215, 1135.0], [12.214, 1151.0], [12.213, 718.0], [12.212, 2003.0], [12.211, 4572.0], [12.21, 1510.0]], "asks": [[12.23, 1170.0], [12.231, 70.0], [12.232, 379.0], [12.233, 969.0], [12.234, 2054.0], [12.235, 1320.0], [12.236, 2211.0], [12.237, 1459.0], [12.238, 1919.0], [12.239, 2810.0], [12.24, 3651.0], [12.241, 2006.0], [12.242, 4728.0], [12.243, 4371.0], [12.244, 1012.0], [12.245, 1664.0], [12.246, 1822.0], [12.247, 581.0], [12.248, 1249.0], [12.249, 3366.0]], "timestamp": "2025-12-17T06:36:10.868260+00:00"}, {"symbol": "AVAXUSDT", "bids": [[12.226, 290.0], [12.225, 460.0], [12.224, 1004.0], [12.223, 798.0], [12.222, 1261.0], [12.221, 1581.0], [12.22, 2140.0], [12.219, 910.0], [12.218, 2029.0], [12.217, 1281.0], [12.216, 1421.0], [12.215, 2565.0], [12.214, 686.0], [12.213, 1263.0], [12.212, 2067.0], [12.211, 2431.0], [12.21, 3967.0], [12.209, 2053.0], [12.208, 8485.0], [12.207, 2653.0]], "asks": [[12.227, 23.0], [12.228, 364.0], [12.229, 760.0], [12.23, 1766.0], [12.231, 1525.0], [12.232, 1350.0], [12.233, 1656.0], [12.234, 3174.0], [12.235, 1338.0], [12.236, 1592.0], [12.237, 1659.0], [12.238, 2063.0], [12.239, 4784.0], [12.24, 3223.0], [12.241, 2392.0], [12.242, 2076.0], [12.243, 5068.0], [12.244, 1565.0], [12.245, 1084.0], [12.246, 1884.0]], "timestamp": "2025-12-17T06:37:02.154029+00:00"}, {"symbol": "AVAXUSDT", "bids": [[12.217, 624.0], [12.216, 1062.0], [12.215, 1494.0], [12.214, 1907.0], [12.213, 2197.0], [12.212, 1571.0], [12.211, 1604.0], [12.21, 1741.0], [12.209, 1959.0], [12.208, 1730.0], [12.207, 1479.0], [12.206, 2121.0], [12.205, 1142.0], [12.204, 1577.0], [12.203, 708.0], [12.202, 1176.0], [12.201, 3436.0], [12.2, 1204.0], [12.199, 844.0], [12.198, 1128.0]], "asks": [[12.218, 62.0], [12.219, 48.0], [12.22, 498.0], [12.221, 1243.0], [12.222, 3428.0], [12.223, 6616.0], [12.224, 2700.0], [12.225, 829.0], [12.226, 1997.0], [12.227, 7344.0], [12.228, 1518.0], [12.229, 1225.0], [12.23, 2364.0], [12.231, 3993.0], [12.232, 1531.0], [12.233, 1406.0], [12.234, 1903.0], [12.235, 1060.0], [12.236, 1703.0], [12.237, 5612.0]], "timestamp": "2025-12-17T06:37:53.873284+00:00"}, {"symbol": "AVAXUSDT", "bids": [[12.219, 88.0], [12.218, 366.0], [12.217, 581.0], [12.216, 1128.0], [12.215, 1534.0], [12.214, 2405.0], [12.213, 1984.0], [12.212, 1027.0], [12.211, 1227.0], [12.21, 1725.0], [12.209, 1337.0], [12.208, 3000.0], [12.207, 3039.0], [12.206, 771.0], [12.205, 1412.0], [12.204, 1471.0], [12.203, 3159.0], [12.202, 604.0], [12.201, 974.0], [12.2, 2170.0]], "asks": [[12.22, 662.0], [12.221, 1269.0], [12.222, 1313.0], [12.223, 1896.0], [12.224, 3464.0], [12.225, 6349.0], [12.226, 2895.0], [12.227, 1366.0], [12.228, 2510.0], [12.229, 6576.0], [12.23, 1571.0], [12.231, 1741.0], [12.232, 5564.0], [12.233, 1020.0], [12.234, 1414.0], [12.235, 1156.0], [12.236, 1973.0], [12.237, 5095.0], [12.238, 1203.0], [12.239, 1695.0]], "timestamp": "2025-12-17T06:38:45.358697+00:00"}, {"symbol": "AVAXUSDT", "bids": [[12.204, 286.0], [12.203, 199.0], [12.202, 673.0], [12.201, 1082.0], [12.2, 1458.0], [12.199, 999.0], [12.198, 1027.0], [12.197, 1906.0], [12.196, 1427.0], [12.195, 1429.0], [12.194, 3049.0], [12.193, 1235.0], [12.192, 3384.0], [12.191, 774.0], [12.19, 858.0], [12.189, 1142.0], [12.188, 966.0], [12.187, 999.0], [12.186, 1188.0], [12.185, 1331.0]], "asks": [[12.205, 394.0], [12.206, 716.0], [12.207, 1502.0], [12.208, 1289.0], [12.209, 2607.0], [12.21, 1973.0], [12.211, 3251.0], [12.212, 1963.0], [12.213, 2109.0], [12.214, 1056.0], [12.215, 2174.0], [12.216, 4473.0], [12.217, 1290.0], [12.218, 1203.0], [12.219, 685.0], [12.22, 1949.0], [12.221, 2429.0], [12.222, 2126.0], [12.223, 4624.0], [12.224, 2095.0]], "timestamp": "2025-12-17T06:39:36.805586+00:00"}, {"symbol": "AVAXUSDT", "bids": [[12.208, 3.0], [12.207, 44.0], [12.206, 564.0], [12.205, 1249.0], [12.204, 1485.0], [12.203, 1094.0], [12.202, 1575.0], [12.201, 1121.0], [12.2, 1262.0], [12.199, 1517.0], [12.198, 934.0], [12.197, 2219.0], [12.196, 1013.0], [12.195, 1473.0], [12.194, 1885.0], [12.193, 1540.0], [12.192, 1197.0], [12.191, 1397.0], [12.19, 1766.0], [12.189, 1491.0]], "asks": [[12.209, 1952.0], [12.21, 776.0], [12.211, 858.0], [12.212, 780.0], [12.213, 1315.0], [12.214, 2561.0], [12.215, 1036.0], [12.216, 735.0], [12.217, 1011.0], [12.218, 779.0], [12.219, 1262.0], [12.22, 5784.0], [12.221, 2549.0], [12.222, 1175.0], [12.223, 2025.0], [12.224, 3277.0], [12.225, 6700.0], [12.226, 2229.0], [12.227, 2457.0], [12.228, 4232.0]], "timestamp": "2025-12-17T06:40:28.621317+00:00"}, {"symbol": "AVAXUSDT", "bids": [[12.197, 493.0], [12.196, 430.0], [12.195, 877.0], [12.194, 662.0], [12.193, 1383.0], [12.192, 1108.0], [12.191, 1439.0], [12.19, 2462.0], [12.189, 1450.0], [12.188, 1652.0], [12.187, 1636.0], [12.186, 2038.0], [12.185, 1453.0], [12.184, 4040.0], [12.183, 1003.0], [12.182, 750.0], [12.181, 780.0], [12.18, 1204.0], [12.179, 2729.0], [12.178, 2499.0]], "asks": [[12.198, 26.0], [12.199, 340.0], [12.2, 986.0], [12.201, 1682.0], [12.202, 2697.0], [12.203, 1587.0], [12.204, 1697.0], [12.205, 2958.0], [12.206, 980.0], [12.207, 1615.0], [12.208, 1347.0], [12.209, 2200.0], [12.21, 2943.0], [12.211, 5601.0], [12.212, 978.0], [12.213, 2072.0], [12.214, 1663.0], [12.215, 2402.0], [12.216, 4435.0], [12.217, 1524.0]], "timestamp": "2025-12-17T06:41:19.940995+00:00"}, {"symbol": "AVAXUSDT", "bids": [[12.201, 592.0], [12.2, 1113.0], [12.199, 1374.0], [12.198, 872.0], [12.197, 1102.0], [12.196, 890.0], [12.195, 1512.0], [12.194, 865.0], [12.193, 1451.0], [12.192, 1739.0], [12.191, 2285.0], [12.19, 2340.0], [12.189, 1601.0], [12.188, 1306.0], [12.187, 916.0], [12.186, 631.0], [12.185, 1333.0], [12.184, 1572.0], [12.183, 1375.0], [12.182, 3707.0]], "asks": [[12.202, 78.0], [12.203, 339.0], [12.204, 1047.0], [12.205, 1380.0], [12.206, 2008.0], [12.207, 3341.0], [12.208, 1592.0], [12.209, 1330.0], [12.21, 3187.0], [12.211, 2922.0], [12.212, 989.0], [12.213, 5293.0], [12.214, 1670.0], [12.215, 1910.0], [12.216, 4549.0], [12.217, 2015.0], [12.218, 931.0], [12.219, 878.0], [12.22, 4150.0], [12.221, 16156.0]], "timestamp": "2025-12-17T06:42:11.808728+00:00"}, {"symbol": "AVAXUSDT", "bids": [[12.194, 48.0], [12.193, 122.0], [12.192, 523.0], [12.191, 800.0], [12.19, 1850.0], [12.189, 1216.0], [12.188, 1205.0], [12.187, 892.0], [12.186, 1003.0], [12.185, 1682.0], [12.184, 1582.0], [12.183, 2361.0], [12.182, 3044.0], [12.181, 711.0], [12.18, 1350.0], [12.179, 1303.0], [12.178, 1123.0], [12.177, 1106.0], [12.176, 687.0], [12.175, 898.0]], "asks": [[12.195, 632.0], [12.196, 1301.0], [12.197, 925.0], [12.198, 1703.0], [12.199, 2242.0], [12.2, 2886.0], [12.201, 2964.0], [12.202, 1985.0], [12.203, 2041.0], [12.204, 1343.0], [12.205, 1376.0], [12.206, 2826.0], [12.207, 1115.0], [12.208, 1487.0], [12.209, 1468.0], [12.21, 2878.0], [12.211, 1850.0], [12.212, 1844.0], [12.213, 2283.0], [12.214, 3349.0]], "timestamp": "2025-12-17T06:43:03.397756+00:00"}, {"symbol": "AVAXUSDT", "bids": [[12.201, 800.0], [12.2, 303.0], [12.199, 935.0], [12.198, 1272.0], [12.197, 1733.0], [12.196, 1500.0], [12.195, 2044.0], [12.194, 1619.0], [12.193, 1384.0], [12.192, 889.0], [12.191, 2694.0], [12.19, 914.0], [12.189, 1263.0], [12.188, 1780.0], [12.187, 1200.0], [12.186, 1602.0], [12.185, 3891.0], [12.184, 1576.0], [12.183, 1006.0], [12.182, 790.0]], "asks": [[12.202, 440.0], [12.203, 281.0], [12.204, 807.0], [12.205, 916.0], [12.206, 2664.0], [12.207, 2842.0], [12.208, 1288.0], [12.209, 748.0], [12.21, 1752.0], [12.211, 1321.0], [12.212, 1403.0], [12.213, 5056.0], [12.214, 2472.0], [12.215, 1705.0], [12.216, 4760.0], [12.217, 2109.0], [12.218, 2329.0], [12.219, 1442.0], [12.22, 1937.0], [12.221, 2152.0]], "timestamp": "2025-12-17T06:43:54.822995+00:00"}, {"symbol": "AVAXUSDT", "bids": [[12.197, 646.0], [12.196, 551.0], [12.195, 1248.0], [12.194, 551.0], [12.193, 1455.0], [12.192, 731.0], [12.191, 1474.0], [12.19, 832.0], [12.189, 1256.0], [12.188, 2332.0], [12.187, 1212.0], [12.186, 2381.0], [12.185, 1446.0], [12.184, 1601.0], [12.183, 2006.0], [12.182, 3248.0], [12.181, 811.0], [12.18, 863.0], [12.179, 1591.0], [12.178, 2516.0]], "asks": [[12.198, 341.0], [12.199, 504.0], [12.2, 655.0], [12.201, 1367.0], [12.202, 2276.0], [12.203, 2137.0], [12.204, 1304.0], [12.205, 1161.0], [12.206, 1458.0], [12.207, 1697.0], [12.208, 1439.0], [12.209, 3107.0], [12.21, 2665.0], [12.211, 1175.0], [12.212, 899.0], [12.213, 2204.0], [12.214, 2485.0], [12.215, 1731.0], [12.216, 4760.0], [12.217, 2139.0]], "timestamp": "2025-12-17T06:44:46.462978+00:00"}, {"symbol": "AVAXUSDT", "bids": [[12.192, 100.0], [12.191, 239.0], [12.19, 641.0], [12.189, 1046.0], [12.188, 1196.0], [12.187, 1573.0], [12.186, 949.0], [12.185, 986.0], [12.184, 1527.0], [12.183, 875.0], [12.182, 1302.0], [12.181, 2980.0], [12.18, 3534.0], [12.179, 1581.0], [12.178, 893.0], [12.177, 927.0], [12.176, 696.0], [12.175, 1094.0], [12.174, 1766.0], [12.173, 1330.0]], "asks": [[12.193, 975.0], [12.194, 982.0], [12.195, 1627.0], [12.196, 694.0], [12.197, 1085.0], [12.198, 2779.0], [12.199, 2340.0], [12.2, 1414.0], [12.201, 1457.0], [12.202, 1944.0], [12.203, 2056.0], [12.204, 4337.0], [12.205, 2686.0], [12.206, 2094.0], [12.207, 1226.0], [12.208, 1098.0], [12.209, 1406.0], [12.21, 5232.0], [12.211, 866.0], [12.212, 1726.0]], "timestamp": "2025-12-17T06:45:38.059207+00:00"}, {"symbol": "AVAXUSDT", "bids": [[12.193, 74.0], [12.192, 555.0], [12.191, 1086.0], [12.19, 856.0], [12.189, 924.0], [12.188, 888.0], [12.187, 1377.0], [12.186, 1032.0], [12.185, 1083.0], [12.184, 1093.0], [12.183, 2249.0], [12.182, 688.0], [12.181, 1275.0], [12.18, 1411.0], [12.179, 1089.0], [12.178, 1037.0], [12.177, 1412.0], [12.176, 977.0], [12.175, 1740.0], [12.174, 2101.0]], "asks": [[12.194, 537.0], [12.195, 582.0], [12.196, 745.0], [12.197, 1583.0], [12.198, 3270.0], [12.199, 1249.0], [12.2, 1787.0], [12.201, 1367.0], [12.202, 2736.0], [12.203, 1913.0], [12.204, 1889.0], [12.205, 2003.0], [12.206, 4518.0], [12.207, 1576.0], [12.208, 1487.0], [12.209, 2028.0], [12.21, 4744.0], [12.211, 969.0], [12.212, 3167.0], [12.213, 15501.0]], "timestamp": "2025-12-17T06:46:29.910719+00:00"}, {"symbol": "AVAXUSDT", "bids": [[12.193, 123.0], [12.192, 20.0], [12.191, 828.0], [12.19, 1030.0], [12.189, 913.0], [12.188, 1230.0], [12.187, 1289.0], [12.186, 689.0], [12.185, 1170.0], [12.184, 1462.0], [12.183, 994.0], [12.182, 2529.0], [12.181, 1299.0], [12.18, 1792.0], [12.179, 4212.0], [12.178, 913.0], [12.177, 928.0], [12.176, 692.0], [12.175, 1096.0], [12.174, 1751.0]], "asks": [[12.194, 678.0], [12.195, 1028.0], [12.196, 860.0], [12.197, 1781.0], [12.198, 2466.0], [12.199, 1836.0], [12.2, 2914.0], [12.201, 1461.0], [12.202, 2338.0], [12.203, 4448.0], [12.204, 2325.0], [12.205, 1954.0], [12.206, 1841.0], [12.207, 1251.0], [12.208, 1627.0], [12.209, 2173.0], [12.21, 5130.0], [12.211, 1444.0], [12.212, 1502.0], [12.213, 1916.0]], "timestamp": "2025-12-17T06:47:21.440406+00:00"}, {"symbol": "AVAXUSDT", "bids": [[12.187, 836.0], [12.186, 765.0], [12.185, 601.0], [12.184, 344.0], [12.183, 1043.0], [12.182, 1183.0], [12.181, 596.0], [12.18, 1118.0], [12.179, 1260.0], [12.178, 1204.0], [12.177, 2952.0], [12.176, 1477.0], [12.175, 892.0], [12.174, 1066.0], [12.173, 869.0], [12.172, 1409.0], [12.171, 2244.0], [12.17, 1300.0], [12.169, 3772.0], [12.168, 1288.0]], "asks": [[12.188, 22.0], [12.189, 654.0], [12.19, 841.0], [12.191, 1720.0], [12.192, 9199.0], [12.193, 1561.0], [12.194, 1697.0], [12.195, 1565.0], [12.196, 1073.0], [12.197, 2136.0], [12.198, 2021.0], [12.199, 1012.0], [12.2, 1611.0], [12.201, 4589.0], [12.202, 1225.0], [12.203, 4401.0], [12.204, 1814.0], [12.205, 1288.0], [12.206, 2642.0], [12.207, 2112.0]], "timestamp": "2025-12-17T06:48:12.808020+00:00"}, {"symbol": "AVAXUSDT", "bids": [[12.193, 591.0], [12.192, 621.0], [12.191, 728.0], [12.19, 883.0], [12.189, 1475.0], [12.188, 1332.0], [12.187, 937.0], [12.186, 1467.0], [12.185, 1961.0], [12.184, 1158.0], [12.183, 1606.0], [12.182, 2216.0], [12.181, 1209.0], [12.18, 853.0], [12.179, 1240.0], [12.178, 918.0], [12.177, 1030.0], [12.176, 1163.0], [12.175, 1672.0], [12.174, 3779.0]], "asks": [[12.194, 131.0], [12.195, 6313.0], [12.196, 364.0], [12.197, 1005.0], [12.198, 2432.0], [12.199, 2589.0], [12.2, 1688.0], [12.201, 1371.0], [12.202, 1215.0], [12.203, 2319.0], [12.204, 2189.0], [12.205, 5278.0], [12.206, 2468.0], [12.207, 1944.0], [12.208, 2097.0], [12.209, 4679.0], [12.21, 2259.0], [12.211, 1695.0], [12.212, 5469.0], [12.213, 3572.0]], "timestamp": "2025-12-17T06:49:04.106878+00:00"}, {"symbol": "AVAXUSDT", "bids": [[12.192, 320.0], [12.191, 1012.0], [12.19, 1170.0], [12.189, 1071.0], [12.188, 995.0], [12.187, 1174.0], [12.186, 1518.0], [12.185, 1523.0], [12.184, 1054.0], [12.183, 1261.0], [12.182, 1110.0], [12.181, 2257.0], [12.18, 943.0], [12.179, 1890.0], [12.178, 1075.0], [12.177, 1036.0], [12.176, 1511.0], [12.175, 1712.0], [12.174, 3929.0], [12.173, 747.0]], "asks": [[12.193, 64.0], [12.194, 1509.0], [12.195, 6467.0], [12.196, 849.0], [12.197, 2638.0], [12.198, 2095.0], [12.199, 626.0], [12.2, 1160.0], [12.201, 1576.0], [12.202, 1269.0], [12.203, 1862.0], [12.204, 3828.0], [12.205, 2586.0], [12.206, 2017.0], [12.207, 1863.0], [12.208, 1890.0], [12.209, 4847.0], [12.21, 1768.0], [12.211, 1903.0], [12.212, 7745.0]], "timestamp": "2025-12-17T06:49:55.553708+00:00"}, {"symbol": "AVAXUSDT", "bids": [[12.192, 1254.0], [12.191, 679.0], [12.19, 721.0], [12.189, 1315.0], [12.188, 1444.0], [12.187, 1142.0], [12.186, 1188.0], [12.185, 1944.0], [12.184, 1011.0], [12.183, 1199.0], [12.182, 1964.0], [12.181, 1751.0], [12.18, 897.0], [12.179, 1507.0], [12.178, 1487.0], [12.177, 1452.0], [12.176, 1475.0], [12.175, 3419.0], [12.174, 1970.0], [12.173, 750.0]], "asks": [[12.193, 9.0], [12.194, 301.0], [12.195, 1811.0], [12.196, 1290.0], [12.197, 7930.0], [12.198, 1727.0], [12.199, 1005.0], [12.2, 1617.0], [12.201, 1029.0], [12.202, 838.0], [12.203, 1912.0], [12.204, 1440.0], [12.205, 5038.0], [12.206, 1938.0], [12.207, 1864.0], [12.208, 1890.0], [12.209, 4235.0], [12.21, 2190.0], [12.211, 2366.0], [12.212, 7603.0]], "timestamp": "2025-12-17T06:50:47.522771+00:00"}, {"symbol": "AVAXUSDT", "bids": [[12.194, 377.0], [12.193, 478.0], [12.192, 628.0], [12.191, 1067.0], [12.19, 904.0], [12.189, 1699.0], [12.188, 1432.0], [12.187, 1133.0], [12.186, 1425.0], [12.185, 2287.0], [12.184, 2037.0], [12.183, 857.0], [12.182, 1353.0], [12.181, 1092.0], [12.18, 973.0], [12.179, 1676.0], [12.178, 1440.0], [12.177, 1306.0], [12.176, 3132.0], [12.175, 1463.0]], "asks": [[12.195, 1268.0], [12.196, 1334.0], [12.197, 5815.0], [12.198, 895.0], [12.199, 2717.0], [12.2, 1784.0], [12.201, 1630.0], [12.202, 817.0], [12.203, 1331.0], [12.204, 1643.0], [12.205, 2387.0], [12.206, 1877.0], [12.207, 5200.0], [12.208, 1957.0], [12.209, 4133.0], [12.21, 2544.0], [12.211, 1886.0], [12.212, 7322.0], [12.213, 14308.0], [12.214, 1856.0]], "timestamp": "2025-12-17T06:51:39.248136+00:00"}, {"symbol": "AVAXUSDT", "bids": [[12.198, 345.0], [12.197, 627.0], [12.196, 966.0], [12.195, 1142.0], [12.194, 1916.0], [12.193, 989.0], [12.192, 1396.0], [12.191, 1498.0], [12.19, 1348.0], [12.189, 2270.0], [12.188, 2289.0], [12.187, 548.0], [12.186, 1092.0], [12.185, 1605.0], [12.184, 1245.0], [12.183, 1529.0], [12.182, 859.0], [12.181, 850.0], [12.18, 1661.0], [12.179, 1835.0]], "asks": [[12.199, 657.0], [12.2, 648.0], [12.201, 1105.0], [12.202, 1670.0], [12.203, 7055.0], [12.204, 2815.0], [12.205, 738.0], [12.206, 1045.0], [12.207, 1124.0], [12.208, 1498.0], [12.209, 2049.0], [12.21, 2349.0], [12.211, 1166.0], [12.212, 4037.0], [12.213, 1575.0], [12.214, 2845.0], [12.215, 5953.0], [12.216, 1163.0], [12.217, 1320.0], [12.218, 740.0]], "timestamp": "2025-12-17T06:52:30.484944+00:00"}, {"symbol": "AVAXUSDT", "bids": [[12.191, 466.0], [12.19, 852.0], [12.189, 1461.0], [12.188, 1133.0], [12.187, 1416.0], [12.186, 1112.0], [12.185, 1603.0], [12.184, 1420.0], [12.183, 1188.0], [12.182, 2291.0], [12.181, 655.0], [12.18, 1687.0], [12.179, 3655.0], [12.178, 1002.0], [12.177, 1200.0], [12.176, 1181.0], [12.175, 1579.0], [12.174, 1984.0], [12.173, 753.0], [12.172, 1055.0]], "asks": [[12.192, 194.0], [12.193, 211.0], [12.194, 986.0], [12.195, 2569.0], [12.196, 1953.0], [12.197, 2092.0], [12.198, 3067.0], [12.199, 1529.0], [12.2, 1738.0], [12.201, 2287.0], [12.202, 1938.0], [12.203, 6552.0], [12.204, 1610.0], [12.205, 2410.0], [12.206, 5827.0], [12.207, 2064.0], [12.208, 1085.0], [12.209, 3884.0], [12.21, 1537.0], [12.211, 1220.0]], "timestamp": "2025-12-17T06:53:22.039041+00:00"}, {"symbol": "AVAXUSDT", "bids": [[12.192, 144.0], [12.191, 637.0], [12.19, 833.0], [12.189, 1197.0], [12.188, 1302.0], [12.187, 1135.0], [12.186, 1098.0], [12.185, 1514.0], [12.184, 1821.0], [12.183, 1037.0], [12.182, 2157.0], [12.181, 1270.0], [12.18, 1524.0], [12.179, 1455.0], [12.178, 1437.0], [12.177, 1705.0], [12.176, 3203.0], [12.175, 1128.0], [12.174, 2076.0], [12.173, 768.0]], "asks": [[12.193, 490.0], [12.194, 731.0], [12.195, 1249.0], [12.196, 1042.0], [12.197, 2352.0], [12.198, 3921.0], [12.199, 1099.0], [12.2, 1743.0], [12.201, 2262.0], [12.202, 1869.0], [12.203, 6552.0], [12.204, 1626.0], [12.205, 2049.0], [12.206, 3611.0], [12.207, 3851.0], [12.208, 1177.0], [12.209, 4084.0], [12.21, 1539.0], [12.211, 1571.0], [12.212, 1501.0]], "timestamp": "2025-12-17T06:54:13.378702+00:00"}, {"symbol": "AVAXUSDT", "bids": [[12.195, 213.0], [12.194, 794.0], [12.193, 1527.0], [12.192, 2035.0], [12.191, 777.0], [12.19, 979.0], [12.189, 1075.0], [12.188, 1243.0], [12.187, 1366.0], [12.186, 1820.0], [12.185, 1539.0], [12.184, 1809.0], [12.183, 1186.0], [12.182, 955.0], [12.181, 1204.0], [12.18, 1019.0], [12.179, 1755.0], [12.178, 1479.0], [12.177, 3610.0], [12.176, 2584.0]], "asks": [[12.196, 458.0], [12.197, 608.0], [12.198, 962.0], [12.199, 984.0], [12.2, 1583.0], [12.201, 2918.0], [12.202, 3017.0], [12.203, 6000.0], [12.204, 971.0], [12.205, 666.0], [12.206, 1203.0], [12.207, 2542.0], [12.208, 1194.0], [12.209, 3750.0], [12.21, 1345.0], [12.211, 3774.0], [12.212, 1343.0], [12.213, 1839.0], [12.214, 2309.0], [12.215, 3494.0]], "timestamp": "2025-12-17T06:55:05.166450+00:00"}, {"symbol": "AVAXUSDT", "bids": [[12.189, 46.0], [12.188, 354.0], [12.187, 497.0], [12.186, 533.0], [12.185, 1744.0], [12.184, 857.0], [12.183, 1016.0], [12.182, 1146.0], [12.181, 1598.0], [12.18, 1524.0], [12.179, 1622.0], [12.178, 1757.0], [12.177, 1463.0], [12.176, 1721.0], [12.175, 1621.0], [12.174, 1824.0], [12.173, 3224.0], [12.172, 1248.0], [12.171, 2246.0], [12.17, 858.0]], "asks": [[12.19, 1799.0], [12.191, 813.0], [12.192, 822.0], [12.193, 1084.0], [12.194, 1542.0], [12.195, 4203.0], [12.196, 2623.0], [12.197, 1930.0], [12.198, 1833.0], [12.199, 919.0], [12.2, 1263.0], [12.201, 2861.0], [12.202, 5586.0], [12.203, 7884.0], [12.204, 2792.0], [12.205, 1121.0], [12.206, 1051.0], [12.207, 2158.0], [12.208, 3073.0], [12.209, 4349.0]], "timestamp": "2025-12-17T06:55:57.199600+00:00"}, {"symbol": "AVAXUSDT", "bids": [[12.185, 512.0], [12.184, 285.0], [12.183, 885.0], [12.182, 1080.0], [12.181, 1290.0], [12.18, 1241.0], [12.179, 1259.0], [12.178, 1149.0], [12.177, 1546.0], [12.176, 1498.0], [12.175, 1667.0], [12.174, 2551.0], [12.173, 804.0], [12.172, 970.0], [12.171, 2819.0], [12.17, 3485.0], [12.169, 1101.0], [12.168, 1418.0], [12.167, 895.0], [12.166, 671.0]], "asks": [[12.186, 165.0], [12.187, 416.0], [12.188, 1280.0], [12.189, 1168.0], [12.19, 2001.0], [12.191, 2728.0], [12.192, 1916.0], [12.193, 1100.0], [12.194, 1533.0], [12.195, 3397.0], [12.196, 1078.0], [12.197, 1716.0], [12.198, 2065.0], [12.199, 3136.0], [12.2, 1362.0], [12.201, 3440.0], [12.202, 6659.0], [12.203, 7991.0], [12.204, 2291.0], [12.205, 1152.0]], "timestamp": "2025-12-17T06:56:48.564573+00:00"}, {"symbol": "AVAXUSDT", "bids": [[12.196, 1.0], [12.195, 809.0], [12.194, 670.0], [12.193, 1631.0], [12.192, 2485.0], [12.191, 1206.0], [12.19, 859.0], [12.189, 921.0], [12.188, 1709.0], [12.187, 1060.0], [12.186, 1925.0], [12.185, 1771.0], [12.184, 873.0], [12.183, 905.0], [12.182, 1039.0], [12.181, 786.0], [12.18, 1242.0], [12.179, 1480.0], [12.178, 1426.0], [12.177, 1615.0]], "asks": [[12.197, 1056.0], [12.198, 653.0], [12.199, 1138.0], [12.2, 1055.0], [12.201, 7270.0], [12.202, 850.0], [12.203, 787.0], [12.204, 1196.0], [12.205, 908.0], [12.206, 1263.0], [12.207, 2950.0], [12.208, 1157.0], [12.209, 1302.0], [12.21, 2321.0], [12.211, 4433.0], [12.212, 1725.0], [12.213, 1643.0], [12.214, 1630.0], [12.215, 1216.0], [12.216, 1529.0]], "timestamp": "2025-12-17T06:57:40.036946+00:00"}, {"symbol": "AVAXUSDT", "bids": [[12.202, 89.0], [12.201, 451.0], [12.2, 810.0], [12.199, 1329.0], [12.198, 2600.0], [12.197, 1231.0], [12.196, 1186.0], [12.195, 1451.0], [12.194, 1002.0], [12.193, 1953.0], [12.192, 1128.0], [12.191, 1626.0], [12.19, 1325.0], [12.189, 1332.0], [12.188, 2272.0], [12.187, 3490.0], [12.186, 578.0], [12.185, 1061.0], [12.184, 1408.0], [12.183, 1992.0]], "asks": [[12.203, 357.0], [12.204, 5934.0], [12.205, 423.0], [12.206, 552.0], [12.207, 1345.0], [12.208, 1761.0], [12.209, 1626.0], [12.21, 2313.0], [12.211, 1611.0], [12.212, 1480.0], [12.213, 3600.0], [12.214, 1578.0], [12.215, 1082.0], [12.216, 4007.0], [12.217, 1856.0], [12.218, 4313.0], [12.219, 2220.0], [12.22, 6051.0], [12.221, 4920.0], [12.222, 14273.0]], "timestamp": "2025-12-17T06:58:31.418362+00:00"}, {"symbol": "AVAXUSDT", "bids": [[12.205, 277.0], [12.204, 745.0], [12.203, 631.0], [12.202, 965.0], [12.201, 1816.0], [12.2, 1215.0], [12.199, 1741.0], [12.198, 1836.0], [12.197, 846.0], [12.196, 1379.0], [12.195, 1287.0], [12.194, 809.0], [12.193, 1960.0], [12.192, 2241.0], [12.191, 1298.0], [12.19, 643.0], [12.189, 1662.0], [12.188, 1775.0], [12.187, 3969.0], [12.186, 733.0]], "asks": [[12.206, 719.0], [12.207, 5949.0], [12.208, 607.0], [12.209, 862.0], [12.21, 3515.0], [12.211, 4829.0], [12.212, 913.0], [12.213, 1852.0], [12.214, 1922.0], [12.215, 2539.0], [12.216, 1563.0], [12.217, 1570.0], [12.218, 3664.0], [12.219, 877.0], [12.22, 1468.0], [12.221, 1624.0], [12.222, 1087.0], [12.223, 2281.0], [12.224, 4019.0], [12.225, 5340.0]], "timestamp": "2025-12-17T06:59:22.971613+00:00"}, {"symbol": "AVAXUSDT", "bids": [[12.203, 21.0], [12.202, 288.0], [12.201, 369.0], [12.2, 987.0], [12.199, 1526.0], [12.198, 1362.0], [12.197, 858.0], [12.196, 1359.0], [12.195, 2065.0], [12.194, 1173.0], [12.193, 1483.0], [12.192, 1089.0], [12.191, 1316.0], [12.19, 1154.0], [12.189, 2362.0], [12.188, 1931.0], [12.187, 2992.0], [12.186, 927.0], [12.185, 3753.0], [12.184, 13367.0]], "asks": [[12.204, 500.0], [12.205, 987.0], [12.206, 1060.0], [12.207, 1415.0], [12.208, 1737.0], [12.209, 1624.0], [12.21, 2224.0], [12.211, 1131.0], [12.212, 1589.0], [12.213, 5514.0], [12.214, 5497.0], [12.215, 1228.0], [12.216, 1599.0], [12.217, 2627.0], [12.218, 6636.0], [12.219, 775.0], [12.22, 1432.0], [12.221, 1364.0], [12.222, 855.0], [12.223, 1520.0]], "timestamp": "2025-12-17T07:00:14.666923+00:00"}, {"symbol": "AVAXUSDT", "bids": [[12.205, 803.0], [12.204, 1321.0], [12.203, 1268.0], [12.202, 1863.0], [12.201, 3111.0], [12.2, 1628.0], [12.199, 2618.0], [12.198, 1614.0], [12.197, 1238.0], [12.196, 1005.0], [12.195, 1264.0], [12.194, 1406.0], [12.193, 1943.0], [12.192, 1763.0], [12.191, 461.0], [12.19, 753.0], [12.189, 1739.0], [12.188, 1988.0], [12.187, 873.0], [12.186, 1214.0]], "asks": [[12.206, 446.0], [12.207, 24.0], [12.208, 347.0], [12.209, 542.0], [12.21, 1097.0], [12.211, 992.0], [12.212, 1068.0], [12.213, 1865.0], [12.214, 4657.0], [12.215, 2698.0], [12.216, 1487.0], [12.217, 2411.0], [12.218, 6312.0], [12.219, 1655.0], [12.22, 4746.0], [12.221, 3220.0], [12.222, 1398.0], [12.223, 1598.0], [12.224, 1507.0], [12.225, 4105.0]], "timestamp": "2025-12-17T07:01:06.066256+00:00"}, {"symbol": "AVAXUSDT", "bids": [[12.209, 79.0], [12.208, 130.0], [12.207, 739.0], [12.206, 1395.0], [12.205, 2411.0], [12.204, 1448.0], [12.203, 1111.0], [12.202, 991.0], [12.201, 1336.0], [12.2, 854.0], [12.199, 1104.0], [12.198, 2367.0], [12.197, 854.0], [12.196, 1323.0], [12.195, 1773.0], [12.194, 1357.0], [12.193, 1352.0], [12.192, 3514.0], [12.191, 967.0], [12.19, 888.0]], "asks": [[12.21, 881.0], [12.211, 866.0], [12.212, 1364.0], [12.213, 1600.0], [12.214, 1607.0], [12.215, 1384.0], [12.216, 1401.0], [12.217, 2652.0], [12.218, 6453.0], [12.219, 2271.0], [12.22, 1465.0], [12.221, 2666.0], [12.222, 8156.0], [12.223, 4600.0], [12.224, 1289.0], [12.225, 2190.0], [12.226, 1455.0], [12.227, 501.0], [12.228, 649.0], [12.229, 1144.0]], "timestamp": "2025-12-17T07:01:57.878363+00:00"}, {"symbol": "AVAXUSDT", "bids": [[12.214, 305.0], [12.213, 629.0], [12.212, 1431.0], [12.211, 1147.0], [12.21, 2054.0], [12.209, 2053.0], [12.208, 723.0], [12.207, 1173.0], [12.206, 1663.0], [12.205, 1316.0], [12.204, 1282.0], [12.203, 539.0], [12.202, 1260.0], [12.201, 1762.0], [12.2, 1250.0], [12.199, 978.0], [12.198, 1165.0], [12.197, 1080.0], [12.196, 1346.0], [12.195, 2986.0]], "asks": [[12.215, 514.0], [12.216, 466.0], [12.217, 1249.0], [12.218, 5701.0], [12.219, 1105.0], [12.22, 1599.0], [12.221, 2564.0], [12.222, 6457.0], [12.223, 1539.0], [12.224, 2700.0], [12.225, 4949.0], [12.226, 1528.0], [12.227, 1026.0], [12.228, 958.0], [12.229, 3304.0], [12.23, 2735.0], [12.231, 1766.0], [12.232, 4922.0], [12.233, 2767.0], [12.234, 1167.0]], "timestamp": "2025-12-17T07:02:49.294249+00:00"}, {"symbol": "AVAXUSDT", "bids": [[12.216, 89.0], [12.215, 133.0], [12.214, 855.0], [12.213, 1956.0], [12.212, 1366.0], [12.211, 2083.0], [12.21, 2076.0], [12.209, 1211.0], [12.208, 1760.0], [12.207, 1465.0], [12.206, 1695.0], [12.205, 1501.0], [12.204, 1105.0], [12.203, 828.0], [12.202, 1237.0], [12.201, 1111.0], [12.2, 1239.0], [12.199, 1653.0], [12.198, 1921.0], [12.197, 1336.0]], "asks": [[12.217, 356.0], [12.218, 5487.0], [12.219, 496.0], [12.22, 876.0], [12.221, 2114.0], [12.222, 6285.0], [12.223, 1368.0], [12.224, 1372.0], [12.225, 6099.0], [12.226, 1746.0], [12.227, 1275.0], [12.228, 957.0], [12.229, 1389.0], [12.23, 2069.0], [12.231, 4660.0], [12.232, 5046.0], [12.233, 3407.0], [12.234, 3681.0], [12.235, 1396.0], [12.236, 1064.0]], "timestamp": "2025-12-17T07:03:40.768321+00:00"}, {"symbol": "AVAXUSDT", "bids": [[12.214, 6.0], [12.213, 125.0], [12.212, 759.0], [12.211, 1352.0], [12.21, 2525.0], [12.209, 1335.0], [12.208, 1858.0], [12.207, 880.0], [12.206, 1637.0], [12.205, 897.0], [12.204, 1075.0], [12.203, 757.0], [12.202, 1314.0], [12.201, 3298.0], [12.2, 796.0], [12.199, 1334.0], [12.198, 1915.0], [12.197, 907.0], [12.196, 2525.0], [12.195, 13871.0]], "asks": [[12.215, 612.0], [12.216, 1418.0], [12.217, 950.0], [12.218, 693.0], [12.219, 1425.0], [12.22, 1767.0], [12.221, 1078.0], [12.222, 1369.0], [12.223, 1681.0], [12.224, 1588.0], [12.225, 4245.0], [12.226, 1588.0], [12.227, 3295.0], [12.228, 1757.0], [12.229, 7630.0], [12.23, 1425.0], [12.231, 3158.0], [12.232, 7583.0], [12.233, 2834.0], [12.234, 1624.0]], "timestamp": "2025-12-17T07:04:32.572308+00:00"}, {"symbol": "AVAXUSDT", "bids": [[12.218, 573.0], [12.217, 1037.0], [12.216, 837.0], [12.215, 1364.0], [12.214, 2453.0], [12.213, 1292.0], [12.212, 1792.0], [12.211, 1444.0], [12.21, 1877.0], [12.209, 1253.0], [12.208, 1610.0], [12.207, 2839.0], [12.206, 1093.0], [12.205, 1428.0], [12.204, 588.0], [12.203, 1300.0], [12.202, 3202.0], [12.201, 969.0], [12.2, 1654.0], [12.199, 2450.0]], "asks": [[12.219, 457.0], [12.22, 316.0], [12.221, 790.0], [12.222, 898.0], [12.223, 1662.0], [12.224, 1192.0], [12.225, 4185.0], [12.226, 1790.0], [12.227, 929.0], [12.228, 3502.0], [12.229, 6988.0], [12.23, 1615.0], [12.231, 3113.0], [12.232, 8057.0], [12.233, 4782.0], [12.234, 2237.0], [12.235, 1696.0], [12.236, 1488.0], [12.237, 3732.0], [12.238, 17376.0]], "timestamp": "2025-12-17T07:05:24.058419+00:00"}, {"symbol": "AVAXUSDT", "bids": [[12.22, 174.0], [12.219, 380.0], [12.218, 1080.0], [12.217, 1505.0], [12.216, 1525.0], [12.215, 1774.0], [12.214, 1062.0], [12.213, 1396.0], [12.212, 1411.0], [12.211, 1393.0], [12.21, 2179.0], [12.209, 1237.0], [12.208, 3117.0], [12.207, 801.0], [12.206, 1064.0], [12.205, 1503.0], [12.204, 1589.0], [12.203, 3118.0], [12.202, 1221.0], [12.201, 1131.0]], "asks": [[12.221, 182.0], [12.222, 827.0], [12.223, 1037.0], [12.224, 1276.0], [12.225, 4360.0], [12.226, 1552.0], [12.227, 1045.0], [12.228, 2066.0], [12.229, 7239.0], [12.23, 2986.0], [12.231, 2361.0], [12.232, 7432.0], [12.233, 2182.0], [12.234, 1946.0], [12.235, 1467.0], [12.236, 3233.0], [12.237, 2318.0], [12.238, 4556.0], [12.239, 5612.0], [12.24, 3343.0]], "timestamp": "2025-12-17T07:06:15.597121+00:00"}, {"symbol": "AVAXUSDT", "bids": [[12.236, 630.0], [12.235, 743.0], [12.234, 1047.0], [12.233, 1560.0], [12.232, 1467.0], [12.231, 1205.0], [12.23, 1509.0], [12.229, 676.0], [12.228, 1373.0], [12.227, 1778.0], [12.226, 1967.0], [12.225, 2889.0], [12.224, 1013.0], [12.223, 1185.0], [12.222, 3417.0], [12.221, 1094.0], [12.22, 897.0], [12.219, 809.0], [12.218, 1566.0], [12.217, 2977.0]], "asks": [[12.237, 129.0], [12.238, 940.0], [12.239, 824.0], [12.24, 1017.0], [12.241, 1611.0], [12.242, 1144.0], [12.243, 1008.0], [12.244, 745.0], [12.245, 949.0], [12.246, 853.0], [12.247, 963.0], [12.248, 2832.0], [12.249, 9569.0], [12.25, 2238.0], [12.251, 2431.0], [12.252, 4427.0], [12.253, 6867.0], [12.254, 1935.0], [12.255, 1215.0], [12.256, 1148.0]], "timestamp": "2025-12-17T07:07:07.048369+00:00"}, {"symbol": "AVAXUSDT", "bids": [[12.22, 152.0], [12.219, 103.0], [12.218, 361.0], [12.217, 713.0], [12.216, 1541.0], [12.215, 1401.0], [12.214, 1220.0], [12.213, 717.0], [12.212, 1495.0], [12.211, 1438.0], [12.21, 3256.0], [12.209, 1167.0], [12.208, 3299.0], [12.207, 867.0], [12.206, 996.0], [12.205, 832.0], [12.204, 841.0], [12.203, 538.0], [12.202, 1176.0], [12.201, 1314.0]], "asks": [[12.221, 1024.0], [12.222, 944.0], [12.223, 1430.0], [12.224, 1147.0], [12.225, 1620.0], [12.226, 2153.0], [12.227, 1576.0], [12.228, 1326.0], [12.229, 1728.0], [12.23, 1121.0], [12.231, 1284.0], [12.232, 5273.0], [12.233, 2697.0], [12.234, 2016.0], [12.235, 1999.0], [12.236, 1409.0], [12.237, 941.0], [12.238, 1352.0], [12.239, 2414.0], [12.24, 1273.0]], "timestamp": "2025-12-17T07:07:58.301162+00:00"}, {"symbol": "AVAXUSDT", "bids": [[12.225, 568.0], [12.224, 943.0], [12.223, 1534.0], [12.222, 1263.0], [12.221, 3059.0], [12.22, 1785.0], [12.219, 1167.0], [12.218, 1121.0], [12.217, 1168.0], [12.216, 1549.0], [12.215, 1753.0], [12.214, 1418.0], [12.213, 2261.0], [12.212, 1267.0], [12.211, 1683.0], [12.21, 1608.0], [12.209, 3900.0], [12.208, 685.0], [12.207, 601.0], [12.206, 1478.0]], "asks": [[12.226, 202.0], [12.227, 167.0], [12.228, 545.0], [12.229, 492.0], [12.23, 1436.0], [12.231, 780.0], [12.232, 1296.0], [12.233, 1387.0], [12.234, 1782.0], [12.235, 2052.0], [12.236, 1441.0], [12.237, 1701.0], [12.238, 3433.0], [12.239, 1004.0], [12.24, 1218.0], [12.241, 2463.0], [12.242, 1803.0], [12.243, 2200.0], [12.244, 7474.0], [12.245, 1807.0]], "timestamp": "2025-12-17T07:08:51.192892+00:00"}, {"symbol": "AVAXUSDT", "bids": [[12.218, 78.0], [12.217, 333.0], [12.216, 653.0], [12.215, 954.0], [12.214, 1115.0], [12.213, 1028.0], [12.212, 1351.0], [12.211, 980.0], [12.21, 1806.0], [12.209, 2016.0], [12.208, 1777.0], [12.207, 3742.0], [12.206, 2875.0], [12.205, 829.0], [12.204, 688.0], [12.203, 473.0], [12.202, 677.0], [12.201, 1446.0], [12.2, 1454.0], [12.199, 3176.0]], "asks": [[12.219, 416.0], [12.22, 643.0], [12.221, 1283.0], [12.222, 899.0], [12.223, 1368.0], [12.224, 1636.0], [12.225, 2163.0], [12.226, 2567.0], [12.227, 2320.0], [12.228, 1412.0], [12.229, 2309.0], [12.23, 1817.0], [12.231, 3077.0], [12.232, 1200.0], [12.233, 1324.0], [12.234, 1372.0], [12.235, 1215.0], [12.236, 1974.0], [12.237, 1329.0], [12.238, 2804.0]], "timestamp": "2025-12-17T07:09:42.817781+00:00"}, {"symbol": "AVAXUSDT", "bids": [[12.197, 111.0], [12.196, 172.0], [12.195, 125.0], [12.194, 491.0], [12.193, 981.0], [12.192, 1360.0], [12.191, 800.0], [12.19, 1017.0], [12.189, 1777.0], [12.188, 1274.0], [12.187, 829.0], [12.186, 1327.0], [12.185, 1956.0], [12.184, 2814.0], [12.183, 702.0], [12.182, 1435.0], [12.181, 3206.0], [12.18, 577.0], [12.179, 709.0], [12.178, 1111.0]], "asks": [[12.198, 1045.0], [12.199, 1252.0], [12.2, 1363.0], [12.201, 1322.0], [12.202, 2554.0], [12.203, 958.0], [12.204, 1537.0], [12.205, 1274.0], [12.206, 1607.0], [12.207, 1882.0], [12.208, 4972.0], [12.209, 2210.0], [12.21, 1125.0], [12.211, 850.0], [12.212, 2189.0], [12.213, 1031.0], [12.214, 598.0], [12.215, 1147.0], [12.216, 1387.0], [12.217, 1707.0]], "timestamp": "2025-12-17T07:10:34.564252+00:00"}, {"symbol": "AVAXUSDT", "bids": [[12.211, 1320.0], [12.21, 549.0], [12.209, 831.0], [12.208, 1329.0], [12.207, 1272.0], [12.206, 1291.0], [12.205, 1915.0], [12.204, 1774.0], [12.203, 1425.0], [12.202, 1646.0], [12.201, 1817.0], [12.2, 2278.0], [12.199, 880.0], [12.198, 1913.0], [12.197, 619.0], [12.196, 1019.0], [12.195, 1656.0], [12.194, 848.0], [12.193, 1118.0], [12.192, 681.0]], "asks": [[12.212, 12.0], [12.213, 256.0], [12.214, 548.0], [12.215, 432.0], [12.216, 924.0], [12.217, 961.0], [12.218, 1059.0], [12.219, 943.0], [12.22, 920.0], [12.221, 1578.0], [12.222, 2069.0], [12.223, 3406.0], [12.224, 2123.0], [12.225, 1533.0], [12.226, 2365.0], [12.227, 2320.0], [12.228, 1668.0], [12.229, 1244.0], [12.23, 1525.0], [12.231, 3590.0]], "timestamp": "2025-12-17T07:11:26.036417+00:00"}, {"symbol": "AVAXUSDT", "bids": [[12.212, 94.0], [12.211, 500.0], [12.21, 879.0], [12.209, 1189.0], [12.208, 1353.0], [12.207, 1266.0], [12.206, 1655.0], [12.205, 2379.0], [12.204, 1474.0], [12.203, 800.0], [12.202, 1388.0], [12.201, 2762.0], [12.2, 685.0], [12.199, 1038.0], [12.198, 1799.0], [12.197, 3074.0], [12.196, 978.0], [12.195, 972.0], [12.194, 898.0], [12.193, 1423.0]], "asks": [[12.213, 213.0], [12.214, 588.0], [12.215, 802.0], [12.216, 1227.0], [12.217, 1137.0], [12.218, 1338.0], [12.219, 938.0], [12.22, 755.0], [12.221, 1883.0], [12.222, 2374.0], [12.223, 1405.0], [12.224, 3411.0], [12.225, 1544.0], [12.226, 2340.0], [12.227, 2469.0], [12.228, 1355.0], [12.229, 1662.0], [12.23, 1832.0], [12.231, 1785.0], [12.232, 1475.0]], "timestamp": "2025-12-17T07:12:17.500353+00:00"}, {"symbol": "AVAXUSDT", "bids": [[12.209, 39.0], [12.208, 189.0], [12.207, 479.0], [12.206, 569.0], [12.205, 1234.0], [12.204, 1623.0], [12.203, 999.0], [12.202, 675.0], [12.201, 1744.0], [12.2, 1342.0], [12.199, 1100.0], [12.198, 1552.0], [12.197, 1511.0], [12.196, 2967.0], [12.195, 1971.0], [12.194, 3511.0], [12.193, 1167.0], [12.192, 670.0], [12.191, 1048.0], [12.19, 1451.0]], "asks": [[12.21, 320.0], [12.211, 1257.0], [12.212, 1039.0], [12.213, 1236.0], [12.214, 1820.0], [12.215, 1038.0], [12.216, 2052.0], [12.217, 1579.0], [12.218, 1900.0], [12.219, 3334.0], [12.22, 2640.0], [12.221, 2004.0], [12.222, 2143.0], [12.223, 1413.0], [12.224, 1455.0], [12.225, 2088.0], [12.226, 1997.0], [12.227, 1157.0], [12.228, 1406.0], [12.229, 1065.0]], "timestamp": "2025-12-17T07:13:09.106040+00:00"}, {"symbol": "AVAXUSDT", "bids": [[12.207, 146.0], [12.206, 726.0], [12.205, 609.0], [12.204, 1020.0], [12.203, 612.0], [12.202, 944.0], [12.201, 1389.0], [12.2, 1156.0], [12.199, 1276.0], [12.198, 2276.0], [12.197, 1486.0], [12.196, 594.0], [12.195, 2801.0], [12.194, 704.0], [12.193, 1310.0], [12.192, 1159.0], [12.191, 3537.0], [12.19, 1454.0], [12.189, 955.0], [12.188, 1212.0]], "asks": [[12.208, 48.0], [12.209, 491.0], [12.21, 834.0], [12.211, 1037.0], [12.212, 1166.0], [12.213, 980.0], [12.214, 1783.0], [12.215, 1069.0], [12.216, 1392.0], [12.217, 3013.0], [12.218, 1125.0], [12.219, 3049.0], [12.22, 1386.0], [12.221, 3322.0], [12.222, 2078.0], [12.223, 1400.0], [12.224, 1870.0], [12.225, 1886.0], [12.226, 1485.0], [12.227, 4525.0]], "timestamp": "2025-12-17T07:14:00.446681+00:00"}, {"symbol": "AVAXUSDT", "bids": [[12.202, 268.0], [12.201, 863.0], [12.2, 604.0], [12.199, 720.0], [12.198, 1466.0], [12.197, 741.0], [12.196, 912.0], [12.195, 1948.0], [12.194, 1108.0], [12.193, 942.0], [12.192, 833.0], [12.191, 3136.0], [12.19, 956.0], [12.189, 1069.0], [12.188, 1501.0], [12.187, 3111.0], [12.186, 526.0], [12.185, 1587.0], [12.184, 1306.0], [12.183, 3887.0]], "asks": [[12.203, 31.0], [12.204, 688.0], [12.205, 614.0], [12.206, 970.0], [12.207, 687.0], [12.208, 1261.0], [12.209, 930.0], [12.21, 2026.0], [12.211, 1759.0], [12.212, 1675.0], [12.213, 2294.0], [12.214, 1055.0], [12.215, 948.0], [12.216, 3205.0], [12.217, 1839.0], [12.218, 1671.0], [12.219, 885.0], [12.22, 2250.0], [12.221, 2912.0], [12.222, 1484.0]], "timestamp": "2025-12-17T07:14:52.343957+00:00"}, {"symbol": "AVAXUSDT", "bids": [[12.207, 990.0], [12.206, 1156.0], [12.205, 1230.0], [12.204, 942.0], [12.203, 1278.0], [12.202, 1625.0], [12.201, 1781.0], [12.2, 970.0], [12.199, 1328.0], [12.198, 1113.0], [12.197, 1742.0], [12.196, 3166.0], [12.195, 1086.0], [12.194, 592.0], [12.193, 1245.0], [12.192, 1018.0], [12.191, 1566.0], [12.19, 1321.0], [12.189, 1491.0], [12.188, 1823.0]], "asks": [[12.208, 95.0], [12.209, 17.0], [12.21, 1119.0], [12.211, 724.0], [12.212, 1213.0], [12.213, 565.0], [12.214, 1141.0], [12.215, 1298.0], [12.216, 2716.0], [12.217, 1545.0], [12.218, 1942.0], [12.219, 1699.0], [12.22, 3580.0], [12.221, 1602.0], [12.222, 1993.0], [12.223, 2011.0], [12.224, 1412.0], [12.225, 1544.0], [12.226, 5455.0], [12.227, 6656.0]], "timestamp": "2025-12-17T07:15:43.945187+00:00"}, {"symbol": "AVAXUSDT", "bids": [[12.221, 255.0], [12.22, 1073.0], [12.219, 981.0], [12.218, 1259.0], [12.217, 2422.0], [12.216, 1416.0], [12.215, 1707.0], [12.214, 1880.0], [12.213, 875.0], [12.212, 680.0], [12.211, 1250.0], [12.21, 2955.0], [12.209, 1100.0], [12.208, 1247.0], [12.207, 1351.0], [12.206, 633.0], [12.205, 933.0], [12.204, 1354.0], [12.203, 1504.0], [12.202, 4460.0]], "asks": [[12.222, 252.0], [12.223, 277.0], [12.224, 614.0], [12.225, 540.0], [12.226, 586.0], [12.227, 1131.0], [12.228, 894.0], [12.229, 1005.0], [12.23, 1380.0], [12.231, 845.0], [12.232, 2352.0], [12.233, 1358.0], [12.234, 2677.0], [12.235, 939.0], [12.236, 1639.0], [12.237, 1780.0], [12.238, 1822.0], [12.239, 4501.0], [12.24, 1853.0], [12.241, 5589.0]], "timestamp": "2025-12-17T07:16:35.346950+00:00"}, {"symbol": "AVAXUSDT", "bids": [[12.216, 17.0], [12.215, 192.0], [12.214, 907.0], [12.213, 952.0], [12.212, 1271.0], [12.211, 1217.0], [12.21, 833.0], [12.209, 1181.0], [12.208, 1326.0], [12.207, 1470.0], [12.206, 2880.0], [12.205, 1815.0], [12.204, 740.0], [12.203, 1339.0], [12.202, 1648.0], [12.201, 3832.0], [12.2, 1212.0], [12.199, 749.0], [12.198, 1327.0], [12.197, 2056.0]], "asks": [[12.217, 936.0], [12.218, 454.0], [12.219, 692.0], [12.22, 1168.0], [12.221, 1432.0], [12.222, 1713.0], [12.223, 1034.0], [12.224, 1170.0], [12.225, 767.0], [12.226, 2281.0], [12.227, 3126.0], [12.228, 1653.0], [12.229, 2376.0], [12.23, 2494.0], [12.231, 1529.0], [12.232, 2341.0], [12.233, 2143.0], [12.234, 976.0], [12.235, 1833.0], [12.236, 5370.0]], "timestamp": "2025-12-17T07:17:26.978296+00:00"}, {"symbol": "AVAXUSDT", "bids": [[12.213, 77.0], [12.212, 710.0], [12.211, 894.0], [12.21, 694.0], [12.209, 961.0], [12.208, 1284.0], [12.207, 1739.0], [12.206, 1254.0], [12.205, 1314.0], [12.204, 1170.0], [12.203, 1628.0], [12.202, 3389.0], [12.201, 3911.0], [12.2, 859.0], [12.199, 712.0], [12.198, 1121.0], [12.197, 806.0], [12.196, 1072.0], [12.195, 1083.0], [12.194, 1209.0]], "asks": [[12.214, 741.0], [12.215, 557.0], [12.216, 1108.0], [12.217, 906.0], [12.218, 1834.0], [12.219, 2624.0], [12.22, 6196.0], [12.221, 1132.0], [12.222, 2062.0], [12.223, 3221.0], [12.224, 6533.0], [12.225, 1515.0], [12.226, 1275.0], [12.227, 1454.0], [12.228, 1412.0], [12.229, 3123.0], [12.23, 2456.0], [12.231, 2727.0], [12.232, 2894.0], [12.233, 4654.0]], "timestamp": "2025-12-17T07:18:18.568147+00:00"}, {"symbol": "AVAXUSDT", "bids": [[12.203, 244.0], [12.202, 388.0], [12.201, 1145.0], [12.2, 591.0], [12.199, 1062.0], [12.198, 1144.0], [12.197, 1755.0], [12.196, 887.0], [12.195, 1512.0], [12.194, 928.0], [12.193, 1553.0], [12.192, 1324.0], [12.191, 2996.0], [12.19, 3264.0], [12.189, 1072.0], [12.188, 1195.0], [12.187, 736.0], [12.186, 3069.0], [12.185, 13884.0], [12.184, 953.0]], "asks": [[12.204, 535.0], [12.205, 1086.0], [12.206, 1414.0], [12.207, 1690.0], [12.208, 1333.0], [12.209, 1490.0], [12.21, 1632.0], [12.211, 1989.0], [12.212, 1431.0], [12.213, 3928.0], [12.214, 4829.0], [12.215, 1750.0], [12.216, 2428.0], [12.217, 2094.0], [12.218, 2232.0], [12.219, 3385.0], [12.22, 1368.0], [12.221, 1525.0], [12.222, 1057.0], [12.223, 1111.0]], "timestamp": "2025-12-17T07:19:09.994710+00:00"}, {"symbol": "AVAXUSDT", "bids": [[12.203, 566.0], [12.202, 624.0], [12.201, 1339.0], [12.2, 933.0], [12.199, 1628.0], [12.198, 1427.0], [12.197, 1192.0], [12.196, 1471.0], [12.195, 1991.0], [12.194, 728.0], [12.193, 1325.0], [12.192, 2750.0], [12.191, 1030.0], [12.19, 1303.0], [12.189, 1194.0], [12.188, 3573.0], [12.187, 1175.0], [12.186, 747.0], [12.185, 1531.0], [12.184, 3978.0]], "asks": [[12.204, 33.0], [12.205, 315.0], [12.206, 809.0], [12.207, 1137.0], [12.208, 1583.0], [12.209, 1176.0], [12.21, 1604.0], [12.211, 1394.0], [12.212, 1278.0], [12.213, 3017.0], [12.214, 6120.0], [12.215, 1967.0], [12.216, 2430.0], [12.217, 4805.0], [12.218, 1812.0], [12.219, 1135.0], [12.22, 2241.0], [12.221, 873.0], [12.222, 1211.0], [12.223, 900.0]], "timestamp": "2025-12-17T07:20:01.719720+00:00"}, {"symbol": "AVAXUSDT", "bids": [[12.196, 152.0], [12.195, 183.0], [12.194, 986.0], [12.193, 917.0], [12.192, 932.0], [12.191, 1347.0], [12.19, 1402.0], [12.189, 1116.0], [12.188, 1826.0], [12.187, 1129.0], [12.186, 825.0], [12.185, 1578.0], [12.184, 2544.0], [12.183, 956.0], [12.182, 1104.0], [12.181, 1790.0], [12.18, 3229.0], [12.179, 1237.0], [12.178, 1024.0], [12.177, 794.0]], "asks": [[12.197, 779.0], [12.198, 1189.0], [12.199, 526.0], [12.2, 863.0], [12.201, 1614.0], [12.202, 1670.0], [12.203, 1753.0], [12.204, 2919.0], [12.205, 3133.0], [12.206, 2567.0], [12.207, 2138.0], [12.208, 1743.0], [12.209, 2914.0], [12.21, 1361.0], [12.211, 1754.0], [12.212, 1023.0], [12.213, 2905.0], [12.214, 1616.0], [12.215, 1554.0], [12.216, 2418.0]], "timestamp": "2025-12-17T07:20:53.219350+00:00"}, {"symbol": "AVAXUSDT", "bids": [[12.201, 260.0], [12.2, 166.0], [12.199, 1041.0], [12.198, 1616.0], [12.197, 1142.0], [12.196, 1760.0], [12.195, 1765.0], [12.194, 1366.0], [12.193, 1361.0], [12.192, 1385.0], [12.191, 1048.0], [12.19, 750.0], [12.189, 1693.0], [12.188, 3345.0], [12.187, 1063.0], [12.186, 703.0], [12.185, 972.0], [12.184, 950.0], [12.183, 1305.0], [12.182, 1673.0]], "asks": [[12.202, 524.0], [12.203, 869.0], [12.204, 1234.0], [12.205, 1966.0], [12.206, 1015.0], [12.207, 1168.0], [12.208, 1431.0], [12.209, 1225.0], [12.21, 2160.0], [12.211, 2317.0], [12.212, 947.0], [12.213, 2671.0], [12.214, 4069.0], [12.215, 2054.0], [12.216, 2469.0], [12.217, 1244.0], [12.218, 1767.0], [12.219, 3229.0], [12.22, 1649.0], [12.221, 3439.0]], "timestamp": "2025-12-17T07:21:44.993680+00:00"}, {"symbol": "AVAXUSDT", "bids": [[12.207, 857.0], [12.206, 1434.0], [12.205, 949.0], [12.204, 1311.0], [12.203, 1144.0], [12.202, 1408.0], [12.201, 1987.0], [12.2, 1538.0], [12.199, 2372.0], [12.198, 2563.0], [12.197, 1739.0], [12.196, 1329.0], [12.195, 2667.0], [12.194, 1142.0], [12.193, 1227.0], [12.192, 857.0], [12.191, 1103.0], [12.19, 980.0], [12.189, 1425.0], [12.188, 1027.0]], "asks": [[12.208, 53.0], [12.209, 3.0], [12.21, 516.0], [12.211, 394.0], [12.212, 858.0], [12.213, 872.0], [12.214, 790.0], [12.215, 2133.0], [12.216, 1995.0], [12.217, 881.0], [12.218, 1577.0], [12.219, 1749.0], [12.22, 851.0], [12.221, 1167.0], [12.222, 2441.0], [12.223, 1892.0], [12.224, 6295.0], [12.225, 1775.0], [12.226, 2642.0], [12.227, 3532.0]], "timestamp": "2025-12-17T07:22:36.724579+00:00"}, {"symbol": "AVAXUSDT", "bids": [[12.215, 120.0], [12.214, 562.0], [12.213, 1033.0], [12.212, 1357.0], [12.211, 1425.0], [12.21, 1371.0], [12.209, 1361.0], [12.208, 1027.0], [12.207, 1817.0], [12.206, 1756.0], [12.205, 1763.0], [12.204, 1296.0], [12.203, 1018.0], [12.202, 1736.0], [12.201, 2719.0], [12.2, 903.0], [12.199, 1143.0], [12.198, 1092.0], [12.197, 1111.0], [12.196, 742.0]], "asks": [[12.216, 728.0], [12.217, 304.0], [12.218, 509.0], [12.219, 476.0], [12.22, 1596.0], [12.221, 1273.0], [12.222, 820.0], [12.223, 1147.0], [12.224, 1636.0], [12.225, 2392.0], [12.226, 1786.0], [12.227, 1458.0], [12.228, 2853.0], [12.229, 1475.0], [12.23, 1424.0], [12.231, 3527.0], [12.232, 1667.0], [12.233, 5215.0], [12.234, 785.0], [12.235, 1832.0]], "timestamp": "2025-12-17T07:23:28.037013+00:00"}, {"symbol": "AVAXUSDT", "bids": [[12.201, 31.0], [12.2, 86.0], [12.199, 674.0], [12.198, 1170.0], [12.197, 1515.0], [12.196, 1011.0], [12.195, 1811.0], [12.194, 739.0], [12.193, 1304.0], [12.192, 1354.0], [12.191, 1299.0], [12.19, 1382.0], [12.189, 1624.0], [12.188, 3142.0], [12.187, 1056.0], [12.186, 965.0], [12.185, 1215.0], [12.184, 1222.0], [12.183, 4831.0], [12.182, 8611.0]], "asks": [[12.202, 654.0], [12.203, 630.0], [12.204, 1412.0], [12.205, 1311.0], [12.206, 1105.0], [12.207, 1501.0], [12.208, 2345.0], [12.209, 2005.0], [12.21, 2886.0], [12.211, 2361.0], [12.212, 1846.0], [12.213, 3681.0], [12.214, 1447.0], [12.215, 1222.0], [12.216, 2691.0], [12.217, 1862.0], [12.218, 1301.0], [12.219, 1257.0], [12.22, 4998.0], [12.221, 19255.0]], "timestamp": "2025-12-17T07:24:19.924532+00:00"}, {"symbol": "AVAXUSDT", "bids": [[12.191, 463.0], [12.19, 682.0], [12.189, 430.0], [12.188, 580.0], [12.187, 1879.0], [12.186, 1380.0], [12.185, 1135.0], [12.184, 980.0], [12.183, 1084.0], [12.182, 1132.0], [12.181, 1362.0], [12.18, 724.0], [12.179, 2763.0], [12.178, 2657.0], [12.177, 892.0], [12.176, 580.0], [12.175, 862.0], [12.174, 1367.0], [12.173, 4222.0], [12.172, 658.0]], "asks": [[12.192, 299.0], [12.193, 1106.0], [12.194, 458.0], [12.195, 1296.0], [12.196, 3205.0], [12.197, 1236.0], [12.198, 2117.0], [12.199, 2454.0], [12.2, 3132.0], [12.201, 2351.0], [12.202, 2146.0], [12.203, 3855.0], [12.204, 1950.0], [12.205, 2136.0], [12.206, 1611.0], [12.207, 1728.0], [12.208, 1386.0], [12.209, 1008.0], [12.21, 1764.0], [12.211, 3518.0]], "timestamp": "2025-12-17T07:25:11.385151+00:00"}, {"symbol": "AVAXUSDT", "bids": [[12.194, 67.0], [12.193, 106.0], [12.192, 888.0], [12.191, 1553.0], [12.19, 1254.0], [12.189, 2235.0], [12.188, 4987.0], [12.187, 2092.0], [12.186, 523.0], [12.185, 1326.0], [12.184, 1682.0], [12.183, 817.0], [12.182, 967.0], [12.181, 1276.0], [12.18, 2028.0], [12.179, 1878.0], [12.178, 3871.0], [12.177, 1038.0], [12.176, 1703.0], [12.175, 10236.0]], "asks": [[12.195, 749.0], [12.196, 814.0], [12.197, 2131.0], [12.198, 1773.0], [12.199, 1962.0], [12.2, 1001.0], [12.201, 1283.0], [12.202, 2162.0], [12.203, 1285.0], [12.204, 1152.0], [12.205, 2944.0], [12.206, 1583.0], [12.207, 1842.0], [12.208, 2511.0], [12.209, 1514.0], [12.21, 1556.0], [12.211, 1914.0], [12.212, 946.0], [12.213, 1620.0], [12.214, 1872.0]], "timestamp": "2025-12-17T07:26:02.724448+00:00"}, {"symbol": "AVAXUSDT", "bids": [[12.193, 66.0], [12.192, 296.0], [12.191, 1084.0], [12.19, 888.0], [12.189, 2735.0], [12.188, 4935.0], [12.187, 1501.0], [12.186, 1171.0], [12.185, 1609.0], [12.184, 1564.0], [12.183, 808.0], [12.182, 544.0], [12.181, 2049.0], [12.18, 2779.0], [12.179, 1429.0], [12.178, 3808.0], [12.177, 601.0], [12.176, 1145.0], [12.175, 1678.0], [12.174, 3701.0]], "asks": [[12.194, 515.0], [12.195, 1063.0], [12.196, 726.0], [12.197, 1581.0], [12.198, 3098.0], [12.199, 948.0], [12.2, 1019.0], [12.201, 669.0], [12.202, 1464.0], [12.203, 2144.0], [12.204, 847.0], [12.205, 3778.0], [12.206, 2094.0], [12.207, 3081.0], [12.208, 2110.0], [12.209, 532.0], [12.21, 1556.0], [12.211, 2312.0], [12.212, 1838.0], [12.213, 4664.0]], "timestamp": "2025-12-17T07:26:54.585043+00:00"}, {"symbol": "AVAXUSDT", "bids": [[12.192, 301.0], [12.191, 454.0], [12.19, 1159.0], [12.189, 2212.0], [12.188, 4936.0], [12.187, 1161.0], [12.186, 1299.0], [12.185, 1522.0], [12.184, 1511.0], [12.183, 1011.0], [12.182, 967.0], [12.181, 1215.0], [12.18, 1064.0], [12.179, 2820.0], [12.178, 3981.0], [12.177, 564.0], [12.176, 1076.0], [12.175, 915.0], [12.174, 1211.0], [12.173, 2640.0]], "asks": [[12.193, 758.0], [12.194, 1199.0], [12.195, 1184.0], [12.196, 1880.0], [12.197, 810.0], [12.198, 1674.0], [12.199, 1820.0], [12.2, 1427.0], [12.201, 1240.0], [12.202, 1845.0], [12.203, 2006.0], [12.204, 1190.0], [12.205, 2326.0], [12.206, 2871.0], [12.207, 3521.0], [12.208, 1997.0], [12.209, 757.0], [12.21, 1703.0], [12.211, 2022.0], [12.212, 2353.0]], "timestamp": "2025-12-17T07:27:46.005579+00:00"}, {"symbol": "AVAXUSDT", "bids": [[12.189, 314.0], [12.188, 377.0], [12.187, 1304.0], [12.186, 1188.0], [12.185, 2081.0], [12.184, 4789.0], [12.183, 770.0], [12.182, 1032.0], [12.181, 2193.0], [12.18, 4743.0], [12.179, 1034.0], [12.178, 2161.0], [12.177, 852.0], [12.176, 780.0], [12.175, 2194.0], [12.174, 912.0], [12.173, 3820.0], [12.172, 1334.0], [12.171, 3506.0], [12.17, 8530.0]], "asks": [[12.19, 304.0], [12.191, 368.0], [12.192, 1065.0], [12.193, 950.0], [12.194, 1378.0], [12.195, 2809.0], [12.196, 3027.0], [12.197, 2895.0], [12.198, 2060.0], [12.199, 3196.0], [12.2, 1443.0], [12.201, 1013.0], [12.202, 2498.0], [12.203, 864.0], [12.204, 3519.0], [12.205, 1924.0], [12.206, 1759.0], [12.207, 1601.0], [12.208, 1909.0], [12.209, 1662.0]], "timestamp": "2025-12-17T07:28:37.708031+00:00"}, {"symbol": "AVAXUSDT", "bids": [[12.184, 585.0], [12.183, 1091.0], [12.182, 6158.0], [12.181, 1116.0], [12.18, 785.0], [12.179, 1269.0], [12.178, 4489.0], [12.177, 1123.0], [12.176, 1284.0], [12.175, 1152.0], [12.174, 1288.0], [12.173, 1357.0], [12.172, 1512.0], [12.171, 3644.0], [12.17, 869.0], [12.169, 1896.0], [12.168, 3392.0], [12.167, 1030.0], [12.166, 2956.0], [12.165, 14721.0]], "asks": [[12.185, 648.0], [12.186, 415.0], [12.187, 1119.0], [12.188, 1155.0], [12.189, 2845.0], [12.19, 976.0], [12.191, 1168.0], [12.192, 2311.0], [12.193, 1353.0], [12.194, 2091.0], [12.195, 3730.0], [12.196, 2798.0], [12.197, 2377.0], [12.198, 1910.0], [12.199, 2019.0], [12.2, 3511.0], [12.201, 1185.0], [12.202, 2991.0], [12.203, 800.0], [12.204, 1567.0]], "timestamp": "2025-12-17T07:29:29.471418+00:00"}, {"symbol": "AVAXUSDT", "bids": [[12.178, 7.0], [12.177, 819.0], [12.176, 1903.0], [12.175, 6175.0], [12.174, 434.0], [12.173, 1117.0], [12.172, 2054.0], [12.171, 7942.0], [12.17, 1394.0], [12.169, 1663.0], [12.168, 3612.0], [12.167, 1388.0], [12.166, 888.0], [12.165, 2492.0], [12.164, 1146.0], [12.163, 550.0], [12.162, 789.0], [12.161, 721.0], [12.16, 2184.0], [12.159, 617.0]], "asks": [[12.179, 368.0], [12.18, 580.0], [12.181, 1719.0], [12.182, 1442.0], [12.183, 2488.0], [12.184, 1571.0], [12.185, 1886.0], [12.186, 3575.0], [12.187, 3706.0], [12.188, 1294.0], [12.189, 2633.0], [12.19, 1344.0], [12.191, 2001.0], [12.192, 3438.0], [12.193, 1073.0], [12.194, 2268.0], [12.195, 2172.0], [12.196, 1870.0], [12.197, 1509.0], [12.198, 1417.0]], "timestamp": "2025-12-17T07:30:20.752291+00:00"}, {"symbol": "AVAXUSDT", "bids": [[12.198, 951.0], [12.197, 912.0], [12.196, 1254.0], [12.195, 1305.0], [12.194, 1485.0], [12.193, 1532.0], [12.192, 2597.0], [12.191, 2013.0], [12.19, 1065.0], [12.189, 1570.0], [12.188, 2474.0], [12.187, 2693.0], [12.186, 1030.0], [12.185, 2410.0], [12.184, 729.0], [12.183, 799.0], [12.182, 1403.0], [12.181, 573.0], [12.18, 1006.0], [12.179, 1967.0]], "asks": [[12.199, 180.0], [12.2, 52.0], [12.201, 491.0], [12.202, 846.0], [12.203, 1973.0], [12.204, 806.0], [12.205, 1575.0], [12.206, 1300.0], [12.207, 1590.0], [12.208, 3019.0], [12.209, 1366.0], [12.21, 2036.0], [12.211, 4314.0], [12.212, 2577.0], [12.213, 2966.0], [12.214, 1645.0], [12.215, 2117.0], [12.216, 1938.0], [12.217, 3886.0], [12.218, 17415.0]], "timestamp": "2025-12-17T07:31:12.772881+00:00"}, {"symbol": "AVAXUSDT", "bids": [[12.203, 1082.0], [12.202, 1224.0], [12.201, 1392.0], [12.2, 972.0], [12.199, 1704.0], [12.198, 2271.0], [12.197, 1561.0], [12.196, 935.0], [12.195, 1548.0], [12.194, 1554.0], [12.193, 2250.0], [12.192, 1974.0], [12.191, 2609.0], [12.19, 640.0], [12.189, 1019.0], [12.188, 1640.0], [12.187, 3779.0], [12.186, 1253.0], [12.185, 1478.0], [12.184, 1264.0]], "asks": [[12.204, 281.0], [12.205, 18.0], [12.206, 340.0], [12.207, 813.0], [12.208, 2281.0], [12.209, 959.0], [12.21, 1168.0], [12.211, 1374.0], [12.212, 1238.0], [12.213, 2443.0], [12.214, 1728.0], [12.215, 1033.0], [12.216, 1752.0], [12.217, 3470.0], [12.218, 3387.0], [12.219, 1282.0], [12.22, 2123.0], [12.221, 2793.0], [12.222, 5540.0], [12.223, 1466.0]], "timestamp": "2025-12-17T07:32:05.395535+00:00"}, {"symbol": "AVAXUSDT", "bids": [[12.194, 461.0], [12.193, 691.0], [12.192, 1113.0], [12.191, 1408.0], [12.19, 799.0], [12.189, 1221.0], [12.188, 1514.0], [12.187, 1346.0], [12.186, 1142.0], [12.185, 2195.0], [12.184, 936.0], [12.183, 1291.0], [12.182, 1923.0], [12.181, 4502.0], [12.18, 1356.0], [12.179, 1286.0], [12.178, 482.0], [12.177, 908.0], [12.176, 3611.0], [12.175, 14515.0]], "asks": [[12.195, 136.0], [12.196, 165.0], [12.197, 1129.0], [12.198, 1927.0], [12.199, 2330.0], [12.2, 1398.0], [12.201, 2089.0], [12.202, 1556.0], [12.203, 1124.0], [12.204, 2602.0], [12.205, 1042.0], [12.206, 2659.0], [12.207, 1059.0], [12.208, 2313.0], [12.209, 1487.0], [12.21, 2404.0], [12.211, 2988.0], [12.212, 4968.0], [12.213, 2281.0], [12.214, 1912.0]], "timestamp": "2025-12-17T07:32:57.395151+00:00"}, {"symbol": "AVAXUSDT", "bids": [[12.201, 104.0], [12.2, 455.0], [12.199, 605.0], [12.198, 770.0], [12.197, 1424.0], [12.196, 2289.0], [12.195, 1454.0], [12.194, 1293.0], [12.193, 1593.0], [12.192, 1269.0], [12.191, 847.0], [12.19, 714.0], [12.189, 2879.0], [12.188, 1222.0], [12.187, 1412.0], [12.186, 1462.0], [12.185, 869.0], [12.184, 995.0], [12.183, 960.0], [12.182, 3743.0]], "asks": [[12.202, 1316.0], [12.203, 510.0], [12.204, 1017.0], [12.205, 1031.0], [12.206, 1890.0], [12.207, 1419.0], [12.208, 755.0], [12.209, 995.0], [12.21, 1244.0], [12.211, 1371.0], [12.212, 1966.0], [12.213, 1066.0], [12.214, 3624.0], [12.215, 1361.0], [12.216, 2374.0], [12.217, 1412.0], [12.218, 1454.0], [12.219, 740.0], [12.22, 2405.0], [12.221, 3146.0]], "timestamp": "2025-12-17T07:33:49.057817+00:00"}, {"symbol": "AVAXUSDT", "bids": [[12.223, 678.0], [12.222, 1308.0], [12.221, 1351.0], [12.22, 1125.0], [12.219, 1339.0], [12.218, 1847.0], [12.217, 1244.0], [12.216, 1629.0], [12.215, 1889.0], [12.214, 1595.0], [12.213, 3034.0], [12.212, 1035.0], [12.211, 1092.0], [12.21, 993.0], [12.209, 1624.0], [12.208, 960.0], [12.207, 1795.0], [12.206, 2077.0], [12.205, 1151.0], [12.204, 3642.0]], "asks": [[12.224, 40.0], [12.225, 72.0], [12.226, 554.0], [12.227, 796.0], [12.228, 1924.0], [12.229, 1342.0], [12.23, 1341.0], [12.231, 767.0], [12.232, 1333.0], [12.233, 1674.0], [12.234, 896.0], [12.235, 2284.0], [12.236, 2027.0], [12.237, 3794.0], [12.238, 1875.0], [12.239, 2612.0], [12.24, 4541.0], [12.241, 1925.0], [12.242, 1773.0], [12.243, 2179.0]], "timestamp": "2025-12-17T07:34:40.459290+00:00"}, {"symbol": "AVAXUSDT", "bids": [[12.243, 21.0], [12.242, 284.0], [12.241, 1477.0], [12.24, 645.0], [12.239, 1476.0], [12.238, 1072.0], [12.237, 1221.0], [12.236, 1136.0], [12.235, 1400.0], [12.234, 3624.0], [12.233, 1935.0], [12.232, 2345.0], [12.231, 723.0], [12.23, 809.0], [12.229, 1211.0], [12.228, 806.0], [12.227, 1740.0], [12.226, 1132.0], [12.225, 1330.0], [12.224, 2566.0]], "asks": [[12.244, 678.0], [12.245, 1222.0], [12.246, 755.0], [12.247, 1147.0], [12.248, 1222.0], [12.249, 1112.0], [12.25, 1579.0], [12.251, 1574.0], [12.252, 1509.0], [12.253, 1156.0], [12.254, 1635.0], [12.255, 2997.0], [12.256, 1561.0], [12.257, 1278.0], [12.258, 2044.0], [12.259, 1878.0], [12.26, 2576.0], [12.261, 3755.0], [12.262, 1527.0], [12.263, 1240.0]], "timestamp": "2025-12-17T07:35:31.847542+00:00"}, {"symbol": "AVAXUSDT", "bids": [[12.228, 44.0], [12.227, 593.0], [12.226, 523.0], [12.225, 750.0], [12.224, 998.0], [12.223, 882.0], [12.222, 1014.0], [12.221, 1547.0], [12.22, 963.0], [12.219, 2926.0], [12.218, 1401.0], [12.217, 1114.0], [12.216, 1272.0], [12.215, 1017.0], [12.214, 3063.0], [12.213, 940.0], [12.212, 1738.0], [12.211, 1056.0], [12.21, 775.0], [12.209, 788.0]], "asks": [[12.229, 807.0], [12.23, 655.0], [12.231, 806.0], [12.232, 1362.0], [12.233, 1565.0], [12.234, 1630.0], [12.235, 1357.0], [12.236, 1119.0], [12.237, 1596.0], [12.238, 1417.0], [12.239, 1830.0], [12.24, 2230.0], [12.241, 2865.0], [12.242, 2328.0], [12.243, 2025.0], [12.244, 1423.0], [12.245, 1526.0], [12.246, 1628.0], [12.247, 1856.0], [12.248, 5908.0]], "timestamp": "2025-12-17T07:36:23.728919+00:00"}, {"symbol": "AVAXUSDT", "bids": [[12.228, 136.0], [12.227, 242.0], [12.226, 667.0], [12.225, 677.0], [12.224, 1118.0], [12.223, 887.0], [12.222, 970.0], [12.221, 1252.0], [12.22, 1123.0], [12.219, 1200.0], [12.218, 1626.0], [12.217, 1818.0], [12.216, 3235.0], [12.215, 991.0], [12.214, 3047.0], [12.213, 1014.0], [12.212, 746.0], [12.211, 1150.0], [12.21, 1298.0], [12.209, 796.0]], "asks": [[12.229, 1060.0], [12.23, 662.0], [12.231, 1580.0], [12.232, 797.0], [12.233, 1390.0], [12.234, 1829.0], [12.235, 1256.0], [12.236, 1395.0], [12.237, 1427.0], [12.238, 1399.0], [12.239, 1717.0], [12.24, 6248.0], [12.241, 1726.0], [12.242, 1517.0], [12.243, 1235.0], [12.244, 1381.0], [12.245, 1787.0], [12.246, 1687.0], [12.247, 1454.0], [12.248, 1677.0]], "timestamp": "2025-12-17T07:37:15.333154+00:00"}, {"symbol": "AVAXUSDT", "bids": [[12.218, 61.0], [12.217, 891.0], [12.216, 4581.0], [12.215, 593.0], [12.214, 1305.0], [12.213, 922.0], [12.212, 747.0], [12.211, 1543.0], [12.21, 1121.0], [12.209, 668.0], [12.208, 1862.0], [12.207, 2867.0], [12.206, 2079.0], [12.205, 733.0], [12.204, 1052.0], [12.203, 788.0], [12.202, 1103.0], [12.201, 3539.0], [12.2, 1301.0], [12.199, 647.0]], "asks": [[12.219, 146.0], [12.22, 874.0], [12.221, 1108.0], [12.222, 1821.0], [12.223, 1079.0], [12.224, 1614.0], [12.225, 1823.0], [12.226, 1382.0], [12.227, 2024.0], [12.228, 3709.0], [12.229, 3944.0], [12.23, 1749.0], [12.231, 1920.0], [12.232, 3185.0], [12.233, 1287.0], [12.234, 1673.0], [12.235, 875.0], [12.236, 1124.0], [12.237, 1540.0], [12.238, 1602.0]], "timestamp": "2025-12-17T07:38:06.755260+00:00"}, {"symbol": "AVAXUSDT", "bids": [[12.223, 61.0], [12.222, 202.0], [12.221, 422.0], [12.22, 513.0], [12.219, 798.0], [12.218, 1275.0], [12.217, 1674.0], [12.216, 5221.0], [12.215, 874.0], [12.214, 1193.0], [12.213, 494.0], [12.212, 1123.0], [12.211, 1349.0], [12.21, 2034.0], [12.209, 521.0], [12.208, 1147.0], [12.207, 651.0], [12.206, 2047.0], [12.205, 1027.0], [12.204, 10981.0]], "asks": [[12.224, 1221.0], [12.225, 1193.0], [12.226, 771.0], [12.227, 1441.0], [12.228, 1712.0], [12.229, 1102.0], [12.23, 1391.0], [12.231, 1272.0], [12.232, 1230.0], [12.233, 858.0], [12.234, 4842.0], [12.235, 612.0], [12.236, 749.0], [12.237, 1640.0], [12.238, 1227.0], [12.239, 1817.0], [12.24, 2163.0], [12.241, 854.0], [12.242, 711.0], [12.243, 6846.0]], "timestamp": "2025-12-17T07:38:58.078175+00:00"}, {"symbol": "AVAXUSDT", "bids": [[12.226, 427.0], [12.225, 5734.0], [12.224, 999.0], [12.223, 1114.0], [12.222, 1525.0], [12.221, 2241.0], [12.22, 1211.0], [12.219, 745.0], [12.218, 1396.0], [12.217, 2027.0], [12.216, 985.0], [12.215, 969.0], [12.214, 2140.0], [12.213, 1410.0], [12.212, 1243.0], [12.211, 516.0], [12.21, 1032.0], [12.209, 4021.0], [12.208, 1381.0], [12.207, 1483.0]], "asks": [[12.227, 27.0], [12.228, 103.0], [12.229, 574.0], [12.23, 613.0], [12.231, 829.0], [12.232, 1077.0], [12.233, 990.0], [12.234, 873.0], [12.235, 1343.0], [12.236, 1468.0], [12.237, 4440.0], [12.238, 1437.0], [12.239, 1360.0], [12.24, 1736.0], [12.241, 1532.0], [12.242, 2656.0], [12.243, 5323.0], [12.244, 3395.0], [12.245, 4916.0], [12.246, 3776.0]], "timestamp": "2025-12-17T07:39:50.332732+00:00"}, {"symbol": "AVAXUSDT", "bids": [[12.223, 838.0], [12.222, 1256.0], [12.221, 5985.0], [12.22, 311.0], [12.219, 815.0], [12.218, 1829.0], [12.217, 1196.0], [12.216, 1502.0], [12.215, 753.0], [12.214, 817.0], [12.213, 1723.0], [12.212, 2641.0], [12.211, 834.0], [12.21, 1205.0], [12.209, 3550.0], [12.208, 824.0], [12.207, 1361.0], [12.206, 1918.0], [12.205, 2417.0], [12.204, 9530.0]], "asks": [[12.224, 651.0], [12.225, 163.0], [12.226, 373.0], [12.227, 970.0], [12.228, 1349.0], [12.229, 1782.0], [12.23, 1446.0], [12.231, 1147.0], [12.232, 1778.0], [12.233, 1362.0], [12.234, 2676.0], [12.235, 1634.0], [12.236, 3704.0], [12.237, 1095.0], [12.238, 2521.0], [12.239, 1831.0], [12.24, 1936.0], [12.241, 1488.0], [12.242, 1257.0], [12.243, 944.0]], "timestamp": "2025-12-17T07:40:41.893283+00:00"}, {"symbol": "AVAXUSDT", "bids": [[12.211, 198.0], [12.21, 539.0], [12.209, 378.0], [12.208, 653.0], [12.207, 3220.0], [12.206, 6541.0], [12.205, 1039.0], [12.204, 1255.0], [12.203, 1829.0], [12.202, 4788.0], [12.201, 852.0], [12.2, 947.0], [12.199, 1575.0], [12.198, 2998.0], [12.197, 3492.0], [12.196, 671.0], [12.195, 2163.0], [12.194, 8198.0], [12.193, 1063.0], [12.192, 3823.0]], "asks": [[12.212, 346.0], [12.213, 1404.0], [12.214, 958.0], [12.215, 902.0], [12.216, 1223.0], [12.217, 1899.0], [12.218, 1493.0], [12.219, 1229.0], [12.22, 1279.0], [12.221, 1651.0], [12.222, 1790.0], [12.223, 975.0], [12.224, 1197.0], [12.225, 2790.0], [12.226, 1715.0], [12.227, 1110.0], [12.228, 1356.0], [12.229, 2647.0], [12.23, 2804.0], [12.231, 1684.0]], "timestamp": "2025-12-17T07:41:33.434789+00:00"}, {"symbol": "AVAXUSDT", "bids": [[12.205, 940.0], [12.204, 2145.0], [12.203, 5809.0], [12.202, 391.0], [12.201, 1658.0], [12.2, 2412.0], [12.199, 5445.0], [12.198, 1372.0], [12.197, 1021.0], [12.196, 1640.0], [12.195, 882.0], [12.194, 704.0], [12.193, 2010.0], [12.192, 3445.0], [12.191, 2916.0], [12.19, 781.0], [12.189, 1001.0], [12.188, 617.0], [12.187, 1483.0], [12.186, 885.0]], "asks": [[12.206, 97.0], [12.207, 129.0], [12.208, 1015.0], [12.209, 1258.0], [12.21, 1352.0], [12.211, 2098.0], [12.212, 1254.0], [12.213, 1222.0], [12.214, 2148.0], [12.215, 2631.0], [12.216, 1644.0], [12.217, 4978.0], [12.218, 2315.0], [12.219, 2610.0], [12.22, 1568.0], [12.221, 1367.0], [12.222, 1571.0], [12.223, 1072.0], [12.224, 801.0], [12.225, 1459.0]], "timestamp": "2025-12-17T07:42:25.232379+00:00"}, {"symbol": "AVAXUSDT", "bids": [[12.2, 952.0], [12.199, 438.0], [12.198, 748.0], [12.197, 946.0], [12.196, 2053.0], [12.195, 4719.0], [12.194, 604.0], [12.193, 830.0], [12.192, 2051.0], [12.191, 6656.0], [12.19, 696.0], [12.189, 1314.0], [12.188, 960.0], [12.187, 2659.0], [12.186, 1056.0], [12.185, 1363.0], [12.184, 3026.0], [12.183, 991.0], [12.182, 2458.0], [12.181, 8270.0]], "asks": [[12.201, 318.0], [12.202, 152.0], [12.203, 1052.0], [12.204, 1642.0], [12.205, 2242.0], [12.206, 3101.0], [12.207, 2532.0], [12.208, 1161.0], [12.209, 1724.0], [12.21, 2737.0], [12.211, 1618.0], [12.212, 2121.0], [12.213, 3914.0], [12.214, 1061.0], [12.215, 794.0], [12.216, 1305.0], [12.217, 2071.0], [12.218, 2033.0], [12.219, 2420.0], [12.22, 4580.0]], "timestamp": "2025-12-17T07:43:16.698085+00:00"}, {"symbol": "AVAXUSDT", "bids": [[12.21, 30.0], [12.209, 10.0], [12.208, 473.0], [12.207, 1780.0], [12.206, 6136.0], [12.205, 2089.0], [12.204, 730.0], [12.203, 975.0], [12.202, 1818.0], [12.201, 914.0], [12.2, 1895.0], [12.199, 3173.0], [12.198, 2404.0], [12.197, 2007.0], [12.196, 1231.0], [12.195, 2052.0], [12.194, 8064.0], [12.193, 1214.0], [12.192, 1074.0], [12.191, 760.0]], "asks": [[12.211, 1152.0], [12.212, 1203.0], [12.213, 1012.0], [12.214, 1077.0], [12.215, 1760.0], [12.216, 1731.0], [12.217, 1864.0], [12.218, 2223.0], [12.219, 2371.0], [12.22, 2559.0], [12.221, 1046.0], [12.222, 2886.0], [12.223, 1857.0], [12.224, 1059.0], [12.225, 876.0], [12.226, 1228.0], [12.227, 2320.0], [12.228, 2119.0], [12.229, 1053.0], [12.23, 2313.0]], "timestamp": "2025-12-17T07:44:08.226449+00:00"}, {"symbol": "AVAXUSDT", "bids": [[12.202, 352.0], [12.201, 1214.0], [12.2, 1278.0], [12.199, 1597.0], [12.198, 3902.0], [12.197, 6193.0], [12.196, 1079.0], [12.195, 1004.0], [12.194, 782.0], [12.193, 1055.0], [12.192, 1777.0], [12.191, 1006.0], [12.19, 1780.0], [12.189, 1156.0], [12.188, 665.0], [12.187, 1750.0], [12.186, 708.0], [12.185, 1400.0], [12.184, 862.0], [12.183, 1029.0]], "asks": [[12.203, 114.0], [12.204, 558.0], [12.205, 848.0], [12.206, 1202.0], [12.207, 1621.0], [12.208, 2325.0], [12.209, 1884.0], [12.21, 1558.0], [12.211, 1707.0], [12.212, 3143.0], [12.213, 1412.0], [12.214, 3081.0], [12.215, 1354.0], [12.216, 1469.0], [12.217, 1521.0], [12.218, 2673.0], [12.219, 5059.0], [12.22, 3523.0], [12.221, 3424.0], [12.222, 14007.0]], "timestamp": "2025-12-17T07:45:01.112616+00:00"}, {"symbol": "AVAXUSDT", "bids": [[12.199, 822.0], [12.198, 758.0], [12.197, 1137.0], [12.196, 1816.0], [12.195, 6779.0], [12.194, 759.0], [12.193, 914.0], [12.192, 969.0], [12.191, 1159.0], [12.19, 896.0], [12.189, 1075.0], [12.188, 2108.0], [12.187, 1395.0], [12.186, 1215.0], [12.185, 1351.0], [12.184, 1240.0], [12.183, 1187.0], [12.182, 1003.0], [12.181, 1078.0], [12.18, 1041.0]], "asks": [[12.2, 71.0], [12.201, 157.0], [12.202, 1014.0], [12.203, 1131.0], [12.204, 2052.0], [12.205, 2359.0], [12.206, 1271.0], [12.207, 1733.0], [12.208, 1829.0], [12.209, 3348.0], [12.21, 2486.0], [12.211, 2359.0], [12.212, 3131.0], [12.213, 1446.0], [12.214, 562.0], [12.215, 1259.0], [12.216, 1333.0], [12.217, 1623.0], [12.218, 1551.0], [12.219, 2078.0]], "timestamp": "2025-12-17T07:45:52.620967+00:00"}, {"symbol": "AVAXUSDT", "bids": [[12.21, 33.0], [12.209, 15.0], [12.208, 486.0], [12.207, 1045.0], [12.206, 1320.0], [12.205, 2223.0], [12.204, 1189.0], [12.203, 1700.0], [12.202, 1827.0], [12.201, 1413.0], [12.2, 1212.0], [12.199, 1492.0], [12.198, 2684.0], [12.197, 658.0], [12.196, 1799.0], [12.195, 6419.0], [12.194, 1327.0], [12.193, 863.0], [12.192, 1470.0], [12.191, 1348.0]], "asks": [[12.211, 431.0], [12.212, 1109.0], [12.213, 1163.0], [12.214, 869.0], [12.215, 2100.0], [12.216, 1670.0], [12.217, 1442.0], [12.218, 1476.0], [12.219, 2357.0], [12.22, 3921.0], [12.221, 4525.0], [12.222, 2251.0], [12.223, 2181.0], [12.224, 1153.0], [12.225, 1664.0], [12.226, 4932.0], [12.227, 1724.0], [12.228, 2628.0], [12.229, 4989.0], [12.23, 1694.0]], "timestamp": "2025-12-17T07:46:44.665227+00:00"}, {"symbol": "AVAXUSDT", "bids": [[12.205, 46.0], [12.204, 19.0], [12.203, 1117.0], [12.202, 1507.0], [12.201, 1803.0], [12.2, 996.0], [12.199, 730.0], [12.198, 1512.0], [12.197, 1460.0], [12.196, 2605.0], [12.195, 6634.0], [12.194, 627.0], [12.193, 1245.0], [12.192, 3918.0], [12.191, 660.0], [12.19, 646.0], [12.189, 859.0], [12.188, 1307.0], [12.187, 2975.0], [12.186, 14515.0]], "asks": [[12.206, 1389.0], [12.207, 748.0], [12.208, 839.0], [12.209, 1000.0], [12.21, 1278.0], [12.211, 1569.0], [12.212, 1150.0], [12.213, 1644.0], [12.214, 1607.0], [12.215, 2402.0], [12.216, 3343.0], [12.217, 3541.0], [12.218, 1076.0], [12.219, 1371.0], [12.22, 1357.0], [12.221, 2496.0], [12.222, 1881.0], [12.223, 2143.0], [12.224, 1811.0], [12.225, 2345.0]], "timestamp": "2025-12-17T07:47:36.097613+00:00"}, {"symbol": "AVAXUSDT", "bids": [[12.205, 150.0], [12.204, 323.0], [12.203, 853.0], [12.202, 1200.0], [12.201, 1781.0], [12.2, 759.0], [12.199, 972.0], [12.198, 1285.0], [12.197, 1357.0], [12.196, 2116.0], [12.195, 6742.0], [12.194, 1019.0], [12.193, 1009.0], [12.192, 963.0], [12.191, 647.0], [12.19, 916.0], [12.189, 1760.0], [12.188, 796.0], [12.187, 1413.0], [12.186, 3147.0]], "asks": [[12.206, 239.0], [12.207, 578.0], [12.208, 755.0], [12.209, 1057.0], [12.21, 1961.0], [12.211, 2053.0], [12.212, 1258.0], [12.213, 1708.0], [12.214, 1804.0], [12.215, 3855.0], [12.216, 1897.0], [12.217, 3415.0], [12.218, 1278.0], [12.219, 1912.0], [12.22, 1241.0], [12.221, 1781.0], [12.222, 2373.0], [12.223, 2062.0], [12.224, 1580.0], [12.225, 1702.0]], "timestamp": "2025-12-17T07:48:27.495029+00:00"}, {"symbol": "AVAXUSDT", "bids": [[12.209, 181.0], [12.208, 801.0], [12.207, 1533.0], [12.206, 968.0], [12.205, 2475.0], [12.204, 1869.0], [12.203, 1675.0], [12.202, 1429.0], [12.201, 1483.0], [12.2, 1476.0], [12.199, 2402.0], [12.198, 2824.0], [12.197, 1081.0], [12.196, 1812.0], [12.195, 6346.0], [12.194, 985.0], [12.193, 1415.0], [12.192, 3419.0], [12.191, 1075.0], [12.19, 645.0]], "asks": [[12.21, 106.0], [12.211, 307.0], [12.212, 695.0], [12.213, 1021.0], [12.214, 1103.0], [12.215, 1025.0], [12.216, 1442.0], [12.217, 1333.0], [12.218, 2189.0], [12.219, 1890.0], [12.22, 4149.0], [12.221, 1617.0], [12.222, 2913.0], [12.223, 2087.0], [12.224, 1299.0], [12.225, 1895.0], [12.226, 5996.0], [12.227, 3099.0], [12.228, 3467.0], [12.229, 17340.0]], "timestamp": "2025-12-17T07:49:19.147010+00:00"}, {"symbol": "AVAXUSDT", "bids": [[12.209, 35.0], [12.208, 54.0], [12.207, 669.0], [12.206, 1152.0], [12.205, 1936.0], [12.204, 1528.0], [12.203, 1073.0], [12.202, 1048.0], [12.201, 1174.0], [12.2, 3089.0], [12.199, 869.0], [12.198, 1138.0], [12.197, 1377.0], [12.196, 2473.0], [12.195, 6442.0], [12.194, 496.0], [12.193, 682.0], [12.192, 1446.0], [12.191, 833.0], [12.19, 2341.0]], "asks": [[12.21, 1019.0], [12.211, 780.0], [12.212, 376.0], [12.213, 898.0], [12.214, 1464.0], [12.215, 1319.0], [12.216, 1148.0], [12.217, 1477.0], [12.218, 1506.0], [12.219, 4162.0], [12.22, 3487.0], [12.221, 706.0], [12.222, 630.0], [12.223, 1369.0], [12.224, 891.0], [12.225, 2209.0], [12.226, 2387.0], [12.227, 1425.0], [12.228, 1510.0], [12.229, 5224.0]], "timestamp": "2025-12-17T07:50:10.716141+00:00"}, {"symbol": "AVAXUSDT", "bids": [[12.213, 45.0], [12.212, 63.0], [12.211, 1130.0], [12.21, 1358.0], [12.209, 1627.0], [12.208, 1601.0], [12.207, 1975.0], [12.206, 1944.0], [12.205, 2274.0], [12.204, 2783.0], [12.203, 904.0], [12.202, 802.0], [12.201, 1571.0], [12.2, 831.0], [12.199, 665.0], [12.198, 1492.0], [12.197, 3431.0], [12.196, 1316.0], [12.195, 1455.0], [12.194, 2075.0]], "asks": [[12.214, 504.0], [12.215, 966.0], [12.216, 741.0], [12.217, 1219.0], [12.218, 734.0], [12.219, 1092.0], [12.22, 726.0], [12.221, 907.0], [12.222, 818.0], [12.223, 1460.0], [12.224, 4186.0], [12.225, 1720.0], [12.226, 2310.0], [12.227, 1171.0], [12.228, 1761.0], [12.229, 1237.0], [12.23, 1803.0], [12.231, 3680.0], [12.232, 5924.0], [12.233, 1754.0]], "timestamp": "2025-12-17T07:51:02.508546+00:00"}, {"symbol": "AVAXUSDT", "bids": [[12.211, 799.0], [12.21, 763.0], [12.209, 1146.0], [12.208, 1332.0], [12.207, 2583.0], [12.206, 1646.0], [12.205, 1508.0], [12.204, 1197.0], [12.203, 1750.0], [12.202, 2604.0], [12.201, 1156.0], [12.2, 823.0], [12.199, 884.0], [12.198, 1691.0], [12.197, 1623.0], [12.196, 831.0], [12.195, 950.0], [12.194, 1363.0], [12.193, 1277.0], [12.192, 3416.0]], "asks": [[12.212, 34.0], [12.213, 269.0], [12.214, 1198.0], [12.215, 603.0], [12.216, 866.0], [12.217, 974.0], [12.218, 669.0], [12.219, 1152.0], [12.22, 2451.0], [12.221, 2786.0], [12.222, 1605.0], [12.223, 3025.0], [12.224, 1320.0], [12.225, 1781.0], [12.226, 5041.0], [12.227, 1942.0], [12.228, 5010.0], [12.229, 4994.0], [12.23, 14254.0], [12.231, 2044.0]], "timestamp": "2025-12-17T07:51:53.909364+00:00"}, {"symbol": "AVAXUSDT", "bids": [[12.215, 25.0], [12.214, 560.0], [12.213, 988.0], [12.212, 1522.0], [12.211, 1978.0], [12.21, 1530.0], [12.209, 1384.0], [12.208, 1427.0], [12.207, 2104.0], [12.206, 2014.0], [12.205, 3093.0], [12.204, 893.0], [12.203, 980.0], [12.202, 1411.0], [12.201, 1212.0], [12.2, 1791.0], [12.199, 3598.0], [12.198, 1006.0], [12.197, 1236.0], [12.196, 3384.0]], "asks": [[12.216, 319.0], [12.217, 639.0], [12.218, 817.0], [12.219, 663.0], [12.22, 1197.0], [12.221, 725.0], [12.222, 990.0], [12.223, 1500.0], [12.224, 1244.0], [12.225, 1669.0], [12.226, 4479.0], [12.227, 1168.0], [12.228, 2174.0], [12.229, 1065.0], [12.23, 2239.0], [12.231, 1875.0], [12.232, 2842.0], [12.233, 4763.0], [12.234, 1318.0], [12.235, 1787.0]], "timestamp": "2025-12-17T07:52:46.492201+00:00"}