[{"id": "530007668", "price": 11.843, "amount": 2.0, "side": "buy", "timestamp": 1766014817876}, {"id": "530007669", "price": 11.843, "amount": 1.0, "side": "buy", "timestamp": 1766014819309}, {"id": "530007670", "price": 11.843, "amount": 5.0, "side": "buy", "timestamp": 1766014819856}, {"id": "530007671", "price": 11.842, "amount": 20.0, "side": "sell", "timestamp": 1766014824127}, {"id": "530007672", "price": 11.843, "amount": 211.0, "side": "buy", "timestamp": 1766014825784}, {"id": "530007673", "price": 11.844, "amount": 6.0, "side": "buy", "timestamp": 1766014826196}, {"id": "530007674", "price": 11.844, "amount": 10.0, "side": "sell", "timestamp": 1766014827311}, {"id": "530007675", "price": 11.844, "amount": 1.0, "side": "sell", "timestamp": 1766014827472}, {"id": "530007676", "price": 11.843, "amount": 1.0, "side": "sell", "timestamp": 1766014827502}, {"id": "530007677", "price": 11.842, "amount": 95.0, "side": "sell", "timestamp": 1766014828395}, {"id": "530007678", "price": 11.841, "amount": 45.0, "side": "sell", "timestamp": 1766014833224}, {"id": "530007679", "price": 11.84, "amount": 6.0, "side": "sell", "timestamp": 1766014839632}, {"id": "530007680", "price": 11.841, "amount": 1.0, "side": "buy", "timestamp": 1766014846183}, {"id": "530007681", "price": 11.84, "amount": 447.0, "side": "sell", "timestamp": 1766014846410}, {"id": "530007682", "price": 11.84, "amount": 117.0, "side": "buy", "timestamp": 1766014846456}, {"id": "530007683", "price": 11.84, "amount": 18.0, "side": "buy", "timestamp": 1766014847641}, {"id": "530007684", "price": 11.84, "amount": 1.0, "side": "buy", "timestamp": 1766014851148}, {"id": "530007685", "price": 11.84, "amount": 380.0, "side": "buy", "timestamp": 1766014859444}, {"id": "530007686", "price": 11.841, "amount": 4.0, "side": "buy", "timestamp": 1766014862511}, {"id": "530007687", "price": 11.841, "amount": 35.0, "side": "buy", "timestamp": 1766014863272}, {"id": "530007688", "price": 11.842, "amount": 31.0, "side": "buy", "timestamp": 1766014863345}, {"id": "530007689", "price": 11.843, "amount": 551.0, "side": "buy", "timestamp": 1766014863359}, {"id": "530007690", "price": 11.844, "amount": 1.0, "side": "buy", "timestamp": 1766014863384}, {"id": "530007691", "price": 11.843, "amount": 15.0, "side": "sell", "timestamp": 1766014863846}, {"id": "530007692", "price": 11.844, "amount": 1.0, "side": "buy", "timestamp": 1766014864724}, {"id": "530007693", "price": 11.844, "amount": 1.0, "side": "buy", "timestamp": 1766014864859}, {"id": "530007694", "price": 11.844, "amount": 1.0, "side": "buy", "timestamp": 1766014865156}, {"id": "530007695", "price": 11.844, "amount": 3.0, "side": "buy", "timestamp": 1766014865808}, {"id": "530007696", "price": 11.844, "amount": 2.0, "side": "buy", "timestamp": 1766014867083}, {"id": "530007697", "price": 11.844, "amount": 7.0, "side": "buy", "timestamp": 1766014871529}, {"id": "530007698", "price": 11.844, "amount": 5.0, "side": "buy", "timestamp": 1766014871633}, {"id": "530007699", "price": 11.844, "amount": 6.0, "side": "buy", "timestamp": 1766014873102}, {"id": "530007700", "price": 11.843, "amount": 307.0, "side": "sell", "timestamp": 1766014873891}, {"id": "530007701", "price": 11.842, "amount": 257.0, "side": "sell", "timestamp": 1766014873891}, {"id": "530007702", "price": 11.841, "amount": 1.0, "side": "sell", "timestamp": 1766014874064}, {"id": "530007703", "price": 11.842, "amount": 23.0, "side": "buy", "timestamp": 1766014875868}, {"id": "530007704", "price": 11.843, "amount": 1786.0, "side": "buy", "timestamp": 1766014876402}, {"id": "530007705", "price": 11.844, "amount": 3.0, "side": "buy", "timestamp": 1766014878287}, {"id": "530007706", "price": 11.844, "amount": 118.0, "side": "buy", "timestamp": 1766014879740}, {"id": "530007707", "price": 11.845, "amount": 34.0, "side": "buy", "timestamp": 1766014879785}, {"id": "530007708", "price": 11.846, "amount": 1.0, "side": "buy", "timestamp": 1766014880052}, {"id": "530007709", "price": 11.846, "amount": 3.0, "side": "buy", "timestamp": 1766014881390}, {"id": "530007710", "price": 11.846, "amount": 1.0, "side": "buy", "timestamp": 1766014881722}, {"id": "530007711", "price": 11.846, "amount": 1.0, "side": "buy", "timestamp": 1766014882697}, {"id": "530007712", "price": 11.846, "amount": 1.0, "side": "buy", "timestamp": 1766014883641}, {"id": "530007713", "price": 11.846, "amount": 2.0, "side": "buy", "timestamp": 1766014884411}, {"id": "530007714", "price": 11.846, "amount": 4.0, "side": "buy", "timestamp": 1766014886418}, {"id": "530007715", "price": 11.845, "amount": 1.0, "side": "sell", "timestamp": 1766014889353}, {"id": "530007716", "price": 11.845, "amount": 188.0, "side": "sell", "timestamp": 1766014895693}, {"id": "530007717", "price": 11.845, "amount": 1.0, "side": "buy", "timestamp": 1766014899512}, {"id": "530007704", "price": 11.843, "amount": 1786.0, "side": "buy", "timestamp": 1766014876402}, {"id": "530007705", "price": 11.844, "amount": 3.0, "side": "buy", "timestamp": 1766014878287}, {"id": "530007706", "price": 11.844, "amount": 118.0, "side": "buy", "timestamp": 1766014879740}, {"id": "530007707", "price": 11.845, "amount": 34.0, "side": "buy", "timestamp": 1766014879785}, {"id": "530007708", "price": 11.846, "amount": 1.0, "side": "buy", "timestamp": 1766014880052}, {"id": "530007709", "price": 11.846, "amount": 3.0, "side": "buy", "timestamp": 1766014881390}, {"id": "530007710", "price": 11.846, "amount": 1.0, "side": "buy", "timestamp": 1766014881722}, {"id": "530007711", "price": 11.846, "amount": 1.0, "side": "buy", "timestamp": 1766014882697}, {"id": "530007712", "price": 11.846, "amount": 1.0, "side": "buy", "timestamp": 1766014883641}, {"id": "530007713", "price": 11.846, "amount": 2.0, "side": "buy", "timestamp": 1766014884411}, {"id": "530007714", "price": 11.846, "amount": 4.0, "side": "buy", "timestamp": 1766014886418}, {"id": "530007715", "price": 11.845, "amount": 1.0, "side": "sell", "timestamp": 1766014889353}, {"id": "530007716", "price": 11.845, "amount": 188.0, "side": "sell", "timestamp": 1766014895693}, {"id": "530007717", "price": 11.845, "amount": 1.0, "side": "buy", "timestamp": 1766014899512}, {"id": "530007718", "price": 11.844, "amount": 1.0, "side": "sell", "timestamp": 1766014902208}, {"id": "530007719", "price": 11.845, "amount": 2.0, "side": "buy", "timestamp": 1766014904583}, {"id": "530007720", "price": 11.845, "amount": 2.0, "side": "buy", "timestamp": 1766014905601}, {"id": "530007721", "price": 11.844, "amount": 1.0, "side": "sell", "timestamp": 1766014905747}, {"id": "530007722", "price": 11.844, "amount": 8.0, "side": "sell", "timestamp": 1766014908269}, {"id": "530007723", "price": 11.844, "amount": 1.0, "side": "sell", "timestamp": 1766014911026}, {"id": "530007724", "price": 11.845, "amount": 7.0, "side": "buy", "timestamp": 1766014913915}, {"id": "530007725", "price": 11.844, "amount": 4.0, "side": "sell", "timestamp": 1766014917206}, {"id": "530007726", "price": 11.844, "amount": 4.0, "side": "sell", "timestamp": 1766014917616}, {"id": "530007727", "price": 11.845, "amount": 137.0, "side": "buy", "timestamp": 1766014919644}, {"id": "530007728", "price": 11.846, "amount": 1.0, "side": "buy", "timestamp": 1766014919991}, {"id": "530007729", "price": 11.846, "amount": 266.0, "side": "buy", "timestamp": 1766014920697}, {"id": "530007730", "price": 11.846, "amount": 3.0, "side": "sell", "timestamp": 1766014923815}, {"id": "530007731", "price": 11.847, "amount": 1.0, "side": "buy", "timestamp": 1766014923854}, {"id": "530007732", "price": 11.847, "amount": 3.0, "side": "buy", "timestamp": 1766014924326}, {"id": "530007733", "price": 11.846, "amount": 2.0, "side": "sell", "timestamp": 1766014924580}, {"id": "530007734", "price": 11.847, "amount": 3.0, "side": "buy", "timestamp": 1766014924825}, {"id": "530007735", "price": 11.847, "amount": 2.0, "side": "buy", "timestamp": 1766014924978}, {"id": "530007736", "price": 11.847, "amount": 2.0, "side": "buy", "timestamp": 1766014925453}, {"id": "530007737", "price": 11.847, "amount": 2.0, "side": "buy", "timestamp": 1766014926006}, {"id": "530007738", "price": 11.847, "amount": 25.0, "side": "buy", "timestamp": 1766014926595}, {"id": "530007739", "price": 11.847, "amount": 1.0, "side": "sell", "timestamp": 1766014930538}, {"id": "530007740", "price": 11.848, "amount": 38.0, "side": "buy", "timestamp": 1766014931755}, {"id": "530007741", "price": 11.848, "amount": 8.0, "side": "sell", "timestamp": 1766014932210}, {"id": "530007742", "price": 11.849, "amount": 1.0, "side": "buy", "timestamp": 1766014934113}, {"id": "530007743", "price": 11.849, "amount": 6.0, "side": "buy", "timestamp": 1766014934756}, {"id": "530007744", "price": 11.849, "amount": 3.0, "side": "buy", "timestamp": 1766014937306}, {"id": "530007745", "price": 11.849, "amount": 1.0, "side": "buy", "timestamp": 1766014938784}, {"id": "530007746", "price": 11.849, "amount": 67.0, "side": "buy", "timestamp": 1766014940359}, {"id": "530007747", "price": 11.85, "amount": 15.0, "side": "buy", "timestamp": 1766014940433}, {"id": "530007748", "price": 11.85, "amount": 2.0, "side": "sell", "timestamp": 1766014940446}, {"id": "530007749", "price": 11.851, "amount": 1.0, "side": "buy", "timestamp": 1766014941103}, {"id": "530007750", "price": 11.85, "amount": 4.0, "side": "sell", "timestamp": 1766014941337}, {"id": "530007751", "price": 11.851, "amount": 176.0, "side": "buy", "timestamp": 1766014951357}, {"id": "530007752", "price": 11.851, "amount": 1.0, "side": "buy", "timestamp": 1766014954346}, {"id": "530007753", "price": 11.851, "amount": 1.0, "side": "buy", "timestamp": 1766014955650}, {"id": "530007734", "price": 11.847, "amount": 3.0, "side": "buy", "timestamp": 1766014924825}, {"id": "530007735", "price": 11.847, "amount": 2.0, "side": "buy", "timestamp": 1766014924978}, {"id": "530007736", "price": 11.847, "amount": 2.0, "side": "buy", "timestamp": 1766014925453}, {"id": "530007737", "price": 11.847, "amount": 2.0, "side": "buy", "timestamp": 1766014926006}, {"id": "530007738", "price": 11.847, "amount": 25.0, "side": "buy", "timestamp": 1766014926595}, {"id": "530007739", "price": 11.847, "amount": 1.0, "side": "sell", "timestamp": 1766014930538}, {"id": "530007740", "price": 11.848, "amount": 38.0, "side": "buy", "timestamp": 1766014931755}, {"id": "530007741", "price": 11.848, "amount": 8.0, "side": "sell", "timestamp": 1766014932210}, {"id": "530007742", "price": 11.849, "amount": 1.0, "side": "buy", "timestamp": 1766014934113}, {"id": "530007743", "price": 11.849, "amount": 6.0, "side": "buy", "timestamp": 1766014934756}, {"id": "530007744", "price": 11.849, "amount": 3.0, "side": "buy", "timestamp": 1766014937306}, {"id": "530007745", "price": 11.849, "amount": 1.0, "side": "buy", "timestamp": 1766014938784}, {"id": "530007746", "price": 11.849, "amount": 67.0, "side": "buy", "timestamp": 1766014940359}, {"id": "530007747", "price": 11.85, "amount": 15.0, "side": "buy", "timestamp": 1766014940433}, {"id": "530007748", "price": 11.85, "amount": 2.0, "side": "sell", "timestamp": 1766014940446}, {"id": "530007749", "price": 11.851, "amount": 1.0, "side": "buy", "timestamp": 1766014941103}, {"id": "530007750", "price": 11.85, "amount": 4.0, "side": "sell", "timestamp": 1766014941337}, {"id": "530007751", "price": 11.851, "amount": 176.0, "side": "buy", "timestamp": 1766014951357}, {"id": "530007752", "price": 11.851, "amount": 1.0, "side": "buy", "timestamp": 1766014954346}, {"id": "530007753", "price": 11.851, "amount": 1.0, "side": "buy", "timestamp": 1766014955650}, {"id": "530007754", "price": 11.851, "amount": 1.0, "side": "buy", "timestamp": 1766014966240}, {"id": "530007755", "price": 11.851, "amount": 2.0, "side": "buy", "timestamp": 1766014967191}, {"id": "530007756", "price": 11.851, "amount": 2.0, "side": "buy", "timestamp": 1766014968906}, {"id": "530007757", "price": 11.851, "amount": 272.0, "side": "buy", "timestamp": 1766014972914}, {"id": "530007758", "price": 11.851, "amount": 57.0, "side": "sell", "timestamp": 1766014977407}, {"id": "530007759", "price": 11.852, "amount": 91.0, "side": "buy", "timestamp": 1766014978795}, {"id": "530007760", "price": 11.852, "amount": 1.0, "side": "buy", "timestamp": 1766014981985}, {"id": "530007761", "price": 11.852, "amount": 1.0, "side": "buy", "timestamp": 1766014984517}, {"id": "530007762", "price": 11.852, "amount": 1.0, "side": "buy", "timestamp": 1766014984873}, {"id": "530007763", "price": 11.852, "amount": 1.0, "side": "buy", "timestamp": 1766014985511}, {"id": "530007764", "price": 11.851, "amount": 1.0, "side": "sell", "timestamp": 1766014986767}, {"id": "530007765", "price": 11.851, "amount": 6.0, "side": "sell", "timestamp": 1766014987748}, {"id": "530007766", "price": 11.852, "amount": 1.0, "side": "buy", "timestamp": 1766014989837}, {"id": "530007767", "price": 11.851, "amount": 2.0, "side": "buy", "timestamp": 1766014991325}, {"id": "530007768", "price": 11.851, "amount": 1.0, "side": "sell", "timestamp": 1766014991338}, {"id": "530007769", "price": 11.852, "amount": 1.0, "side": "buy", "timestamp": 1766014991640}, {"id": "530007770", "price": 11.851, "amount": 643.0, "side": "sell", "timestamp": 1766014993198}, {"id": "530007771", "price": 11.851, "amount": 1.0, "side": "buy", "timestamp": 1766014995319}, {"id": "530007772", "price": 11.85, "amount": 2.0, "side": "sell", "timestamp": 1766014997250}, {"id": "530007773", "price": 11.851, "amount": 1.0, "side": "buy", "timestamp": 1766015000333}, {"id": "530007774", "price": 11.851, "amount": 26.0, "side": "buy", "timestamp": 1766015000530}, {"id": "530007775", "price": 11.85, "amount": 2.0, "side": "sell", "timestamp": 1766015001146}, {"id": "530007776", "price": 11.85, "amount": 86.0, "side": "sell", "timestamp": 1766015001924}, {"id": "530007777", "price": 11.851, "amount": 168.0, "side": "buy", "timestamp": 1766015003436}, {"id": "530007778", "price": 11.85, "amount": 4.0, "side": "sell", "timestamp": 1766015005543}, {"id": "530007779", "price": 11.851, "amount": 27.0, "side": "buy", "timestamp": 1766015006061}, {"id": "530007780", "price": 11.851, "amount": 1.0, "side": "buy", "timestamp": 1766015007118}, {"id": "530007781", "price": 11.85, "amount": 1.0, "side": "sell", "timestamp": 1766015009684}, {"id": "530007782", "price": 11.851, "amount": 304.0, "side": "buy", "timestamp": 1766015012176}, {"id": "530007783", "price": 11.852, "amount": 1.0, "side": "buy", "timestamp": 1766015012216}, {"id": "530007786", "price": 11.849, "amount": 800.0, "side": "sell", "timestamp": 1766015015912}, {"id": "530007787", "price": 11.848, "amount": 994.0, "side": "sell", "timestamp": 1766015015912}, {"id": "530007788", "price": 11.847, "amount": 2689.0, "side": "sell", "timestamp": 1766015015912}, {"id": "530007789", "price": 11.846, "amount": 531.0, "side": "sell", "timestamp": 1766015015912}, {"id": "530007790", "price": 11.847, "amount": 12.0, "side": "buy", "timestamp": 1766015015917}, {"id": "530007791", "price": 11.848, "amount": 171.0, "side": "sell", "timestamp": 1766015015961}, {"id": "530007792", "price": 11.847, "amount": 88.0, "side": "sell", "timestamp": 1766015015961}, {"id": "530007793", "price": 11.847, "amount": 84.0, "side": "sell", "timestamp": 1766015016292}, {"id": "530007794", "price": 11.848, "amount": 10.0, "side": "buy", "timestamp": 1766015016326}, {"id": "530007795", "price": 11.848, "amount": 552.0, "side": "buy", "timestamp": 1766015016643}, {"id": "530007796", "price": 11.848, "amount": 3.0, "side": "sell", "timestamp": 1766015024781}, {"id": "530007797", "price": 11.849, "amount": 43.0, "side": "buy", "timestamp": 1766015027642}, {"id": "530007798", "price": 11.85, "amount": 49.0, "side": "buy", "timestamp": 1766015027642}, {"id": "530007799", "price": 11.85, "amount": 6.0, "side": "buy", "timestamp": 1766015028399}, {"id": "530007800", "price": 11.85, "amount": 110.0, "side": "buy", "timestamp": 1766015028746}, {"id": "530007801", "price": 11.85, "amount": 1.0, "side": "buy", "timestamp": 1766015029446}, {"id": "530007802", "price": 11.85, "amount": 89.0, "side": "buy", "timestamp": 1766015029793}, {"id": "530007803", "price": 11.85, "amount": 98.0, "side": "buy", "timestamp": 1766015030844}, {"id": "530007804", "price": 11.85, "amount": 261.0, "side": "buy", "timestamp": 1766015031593}, {"id": "530007805", "price": 11.851, "amount": 10.0, "side": "buy", "timestamp": 1766015032657}, {"id": "530007806", "price": 11.852, "amount": 134.0, "side": "buy", "timestamp": 1766015034015}, {"id": "530007807", "price": 11.852, "amount": 78.0, "side": "sell", "timestamp": 1766015034932}, {"id": "530007808", "price": 11.851, "amount": 7.0, "side": "sell", "timestamp": 1766015035041}, {"id": "530007809", "price": 11.85, "amount": 188.0, "side": "sell", "timestamp": 1766015035123}, {"id": "530007810", "price": 11.849, "amount": 67.0, "side": "sell", "timestamp": 1766015035354}, {"id": "530007811", "price": 11.848, "amount": 144.0, "side": "sell", "timestamp": 1766015035451}, {"id": "530007812", "price": 11.847, "amount": 2.0, "side": "sell", "timestamp": 1766015037227}, {"id": "530007813", "price": 11.847, "amount": 13.0, "side": "sell", "timestamp": 1766015037692}, {"id": "530007814", "price": 11.847, "amount": 177.0, "side": "buy", "timestamp": 1766015038936}, {"id": "530007815", "price": 11.847, "amount": 1.0, "side": "buy", "timestamp": 1766015041032}, {"id": "530007816", "price": 11.846, "amount": 326.0, "side": "sell", "timestamp": 1766015041736}, {"id": "530007817", "price": 11.846, "amount": 2.0, "side": "buy", "timestamp": 1766015043145}, {"id": "530007818", "price": 11.846, "amount": 1.0, "side": "buy", "timestamp": 1766015044539}, {"id": "530007819", "price": 11.846, "amount": 19.0, "side": "buy", "timestamp": 1766015044932}, {"id": "530007820", "price": 11.846, "amount": 1.0, "side": "buy", "timestamp": 1766015045866}, {"id": "530007821", "price": 11.846, "amount": 1.0, "side": "buy", "timestamp": 1766015046339}, {"id": "530007822", "price": 11.846, "amount": 5.0, "side": "buy", "timestamp": 1766015051382}, {"id": "530007823", "price": 11.846, "amount": 1.0, "side": "buy", "timestamp": 1766015052052}, {"id": "530007824", "price": 11.845, "amount": 335.0, "side": "sell", "timestamp": 1766015055673}, {"id": "530007825", "price": 11.845, "amount": 1.0, "side": "sell", "timestamp": 1766015059959}, {"id": "530007826", "price": 11.846, "amount": 2.0, "side": "buy", "timestamp": 1766015060794}, {"id": "530007827", "price": 11.846, "amount": 103.0, "side": "buy", "timestamp": 1766015063649}, {"id": "530007828", "price": 11.846, "amount": 97.0, "side": "buy", "timestamp": 1766015064750}, {"id": "530007829", "price": 11.846, "amount": 7.0, "side": "buy", "timestamp": 1766015065544}, {"id": "530007830", "price": 11.846, "amount": 2.0, "side": "buy", "timestamp": 1766015065696}, {"id": "530007831", "price": 11.846, "amount": 211.0, "side": "buy", "timestamp": 1766015065807}, {"id": "530007832", "price": 11.846, "amount": 1.0, "side": "buy", "timestamp": 1766015071912}, {"id": "530007833", "price": 11.846, "amount": 14.0, "side": "buy", "timestamp": 1766015072317}, {"id": "530007834", "price": 11.845, "amount": 931.0, "side": "sell", "timestamp": 1766015072839}, {"id": "530007835", "price": 11.845, "amount": 1.0, "side": "sell", "timestamp": 1766015073074}, {"id": "530007826", "price": 11.846, "amount": 2.0, "side": "buy", "timestamp": 1766015060794}, {"id": "530007827", "price": 11.846, "amount": 103.0, "side": "buy", "timestamp": 1766015063649}, {"id": "530007828", "price": 11.846, "amount": 97.0, "side": "buy", "timestamp": 1766015064750}, {"id": "530007829", "price": 11.846, "amount": 7.0, "side": "buy", "timestamp": 1766015065544}, {"id": "530007830", "price": 11.846, "amount": 2.0, "side": "buy", "timestamp": 1766015065696}, {"id": "530007831", "price": 11.846, "amount": 211.0, "side": "buy", "timestamp": 1766015065807}, {"id": "530007832", "price": 11.846, "amount": 1.0, "side": "buy", "timestamp": 1766015071912}, {"id": "530007833", "price": 11.846, "amount": 14.0, "side": "buy", "timestamp": 1766015072317}, {"id": "530007834", "price": 11.845, "amount": 931.0, "side": "sell", "timestamp": 1766015072839}, {"id": "530007835", "price": 11.845, "amount": 1.0, "side": "sell", "timestamp": 1766015073074}, {"id": "530007836", "price": 11.845, "amount": 946.0, "side": "sell", "timestamp": 1766015084573}, {"id": "530007837", "price": 11.844, "amount": 22.0, "side": "sell", "timestamp": 1766015084575}, {"id": "530007838", "price": 11.843, "amount": 79.0, "side": "sell", "timestamp": 1766015084579}, {"id": "530007839", "price": 11.842, "amount": 12.0, "side": "sell", "timestamp": 1766015084621}, {"id": "530007840", "price": 11.841, "amount": 19.0, "side": "sell", "timestamp": 1766015084623}, {"id": "530007841", "price": 11.842, "amount": 1.0, "side": "buy", "timestamp": 1766015085394}, {"id": "530007842", "price": 11.841, "amount": 79.0, "side": "sell", "timestamp": 1766015088906}, {"id": "530007843", "price": 11.841, "amount": 1.0, "side": "buy", "timestamp": 1766015089358}, {"id": "530007844", "price": 11.841, "amount": 8.0, "side": "buy", "timestamp": 1766015093353}, {"id": "530007845", "price": 11.84, "amount": 7.0, "side": "sell", "timestamp": 1766015097092}, {"id": "530007846", "price": 11.841, "amount": 117.0, "side": "buy", "timestamp": 1766015099642}, {"id": "530007847", "price": 11.84, "amount": 22.0, "side": "sell", "timestamp": 1766015100021}, {"id": "530007848", "price": 11.841, "amount": 482.0, "side": "buy", "timestamp": 1766015100075}, {"id": "530007849", "price": 11.842, "amount": 400.0, "side": "buy", "timestamp": 1766015100109}, {"id": "530007850", "price": 11.843, "amount": 174.0, "side": "buy", "timestamp": 1766015100127}, {"id": "530007851", "price": 11.844, "amount": 5.0, "side": "buy", "timestamp": 1766015100149}, {"id": "530007852", "price": 11.845, "amount": 1.0, "side": "buy", "timestamp": 1766015100345}, {"id": "530007853", "price": 11.845, "amount": 106.0, "side": "buy", "timestamp": 1766015100705}, {"id": "530007854", "price": 11.845, "amount": 3.0, "side": "buy", "timestamp": 1766015101268}, {"id": "530007855", "price": 11.845, "amount": 85.0, "side": "buy", "timestamp": 1766015101745}, {"id": "530007856", "price": 11.845, "amount": 82.0, "side": "buy", "timestamp": 1766015102795}, {"id": "530007857", "price": 11.845, "amount": 1.0, "side": "buy", "timestamp": 1766015103105}, {"id": "530007858", "price": 11.845, "amount": 2.0, "side": "buy", "timestamp": 1766015103451}, {"id": "530007859", "price": 11.845, "amount": 2.0, "side": "buy", "timestamp": 1766015103830}, {"id": "530007860", "price": 11.845, "amount": 1.0, "side": "buy", "timestamp": 1766015104839}, {"id": "530007861", "price": 11.845, "amount": 1.0, "side": "buy", "timestamp": 1766015105443}, {"id": "530007862", "price": 11.845, "amount": 1.0, "side": "buy", "timestamp": 1766015105715}, {"id": "530007863", "price": 11.845, "amount": 415.0, "side": "buy", "timestamp": 1766015106757}, {"id": "530007864", "price": 11.846, "amount": 1.0, "side": "buy", "timestamp": 1766015110083}, {"id": "530007865", "price": 11.845, "amount": 101.0, "side": "sell", "timestamp": 1766015111665}, {"id": "530007866", "price": 11.844, "amount": 38.0, "side": "sell", "timestamp": 1766015111844}, {"id": "530007867", "price": 11.843, "amount": 22.0, "side": "sell", "timestamp": 1766015112913}, {"id": "530007868", "price": 11.842, "amount": 2.0, "side": "sell", "timestamp": 1766015118051}, {"id": "530007869", "price": 11.842, "amount": 154.0, "side": "sell", "timestamp": 1766015118330}, {"id": "530007870", "price": 11.842, "amount": 2.0, "side": "buy", "timestamp": 1766015120382}, {"id": "530007871", "price": 11.841, "amount": 29.0, "side": "sell", "timestamp": 1766015123335}, {"id": "530007872", "price": 11.841, "amount": 2.0, "side": "sell", "timestamp": 1766015124276}, {"id": "530007873", "price": 11.841, "amount": 16.0, "side": "buy", "timestamp": 1766015125367}, {"id": "530007874", "price": 11.84, "amount": 152.0, "side": "sell", "timestamp": 1766015129741}, {"id": "530007875", "price": 11.841, "amount": 1.0, "side": "buy", "timestamp": 1766015130951}, {"id": "530007879", "price": 11.842, "amount": 3.0, "side": "buy", "timestamp": 1766015136707}, {"id": "530007880", "price": 11.843, "amount": 92.0, "side": "buy", "timestamp": 1766015136707}, {"id": "530007881", "price": 11.843, "amount": 3.0, "side": "buy", "timestamp": 1766015137601}, {"id": "530007882", "price": 11.844, "amount": 1081.0, "side": "buy", "timestamp": 1766015137601}, {"id": "530007883", "price": 11.845, "amount": 5321.0, "side": "buy", "timestamp": 1766015137610}, {"id": "530007884", "price": 11.846, "amount": 217.0, "side": "buy", "timestamp": 1766015137657}, {"id": "530007885", "price": 11.847, "amount": 1048.0, "side": "buy", "timestamp": 1766015137657}, {"id": "530007886", "price": 11.847, "amount": 157.0, "side": "buy", "timestamp": 1766015137831}, {"id": "530007887", "price": 11.847, "amount": 137.0, "side": "buy", "timestamp": 1766015138035}, {"id": "530007888", "price": 11.847, "amount": 88.0, "side": "buy", "timestamp": 1766015138905}, {"id": "530007889", "price": 11.847, "amount": 242.0, "side": "buy", "timestamp": 1766015143721}, {"id": "530007890", "price": 11.848, "amount": 327.0, "side": "buy", "timestamp": 1766015143726}, {"id": "530007891", "price": 11.848, "amount": 106.0, "side": "sell", "timestamp": 1766015145147}, {"id": "530007892", "price": 11.848, "amount": 1.0, "side": "buy", "timestamp": 1766015147372}, {"id": "530007893", "price": 11.848, "amount": 114.0, "side": "buy", "timestamp": 1766015147883}, {"id": "530007894", "price": 11.848, "amount": 92.0, "side": "buy", "timestamp": 1766015148197}, {"id": "530007895", "price": 11.848, "amount": 1.0, "side": "buy", "timestamp": 1766015150095}, {"id": "530007896", "price": 11.848, "amount": 1.0, "side": "buy", "timestamp": 1766015150197}, {"id": "530007897", "price": 11.848, "amount": 6.0, "side": "buy", "timestamp": 1766015152331}, {"id": "530007898", "price": 11.848, "amount": 1.0, "side": "buy", "timestamp": 1766015153486}, {"id": "530007899", "price": 11.848, "amount": 2.0, "side": "buy", "timestamp": 1766015154455}, {"id": "530007900", "price": 11.848, "amount": 29.0, "side": "buy", "timestamp": 1766015154801}, {"id": "530007901", "price": 11.847, "amount": 57.0, "side": "sell", "timestamp": 1766015155963}, {"id": "530007902", "price": 11.846, "amount": 3.0, "side": "sell", "timestamp": 1766015157345}, {"id": "530007903", "price": 11.846, "amount": 75.0, "side": "sell", "timestamp": 1766015160539}, {"id": "530007904", "price": 11.846, "amount": 1.0, "side": "buy", "timestamp": 1766015160770}, {"id": "530007905", "price": 11.845, "amount": 274.0, "side": "sell", "timestamp": 1766015160893}, {"id": "530007906", "price": 11.845, "amount": 164.0, "side": "buy", "timestamp": 1766015161841}, {"id": "530007907", "price": 11.845, "amount": 2.0, "side": "sell", "timestamp": 1766015162164}, {"id": "530007908", "price": 11.846, "amount": 3.0, "side": "buy", "timestamp": 1766015163593}, {"id": "530007909", "price": 11.846, "amount": 3.0, "side": "buy", "timestamp": 1766015164421}, {"id": "530007910", "price": 11.846, "amount": 3.0, "side": "buy", "timestamp": 1766015164842}, {"id": "530007911", "price": 11.846, "amount": 396.0, "side": "buy", "timestamp": 1766015165177}, {"id": "530007912", "price": 11.846, "amount": 2.0, "side": "buy", "timestamp": 1766015165280}, {"id": "530007913", "price": 11.845, "amount": 118.0, "side": "sell", "timestamp": 1766015166741}, {"id": "530007914", "price": 11.844, "amount": 9.0, "side": "sell", "timestamp": 1766015166918}, {"id": "530007915", "price": 11.844, "amount": 135.0, "side": "buy", "timestamp": 1766015169880}, {"id": "530007916", "price": 11.843, "amount": 3.0, "side": "sell", "timestamp": 1766015170613}, {"id": "530007917", "price": 11.844, "amount": 1.0, "side": "buy", "timestamp": 1766015171640}, {"id": "530007918", "price": 11.843, "amount": 1.0, "side": "sell", "timestamp": 1766015171835}, {"id": "530007919", "price": 11.842, "amount": 3.0, "side": "sell", "timestamp": 1766015171835}, {"id": "530007920", "price": 11.842, "amount": 35.0, "side": "sell", "timestamp": 1766015172732}, {"id": "530007921", "price": 11.842, "amount": 123.0, "side": "sell", "timestamp": 1766015175544}, {"id": "530007922", "price": 11.841, "amount": 279.0, "side": "sell", "timestamp": 1766015179732}, {"id": "530007923", "price": 11.842, "amount": 7.0, "side": "buy", "timestamp": 1766015179802}, {"id": "530007924", "price": 11.842, "amount": 3.0, "side": "buy", "timestamp": 1766015180826}, {"id": "530007925", "price": 11.842, "amount": 1.0, "side": "buy", "timestamp": 1766015181744}, {"id": "530007926", "price": 11.842, "amount": 1.0, "side": "buy", "timestamp": 1766015184688}, {"id": "530007927", "price": 11.841, "amount": 6.0, "side": "sell", "timestamp": 1766015184925}, {"id": "530007928", "price": 11.841, "amount": 4.0, "side": "sell", "timestamp": 1766015185581}, {"id": "530007942", "price": 11.845, "amount": 1.0, "side": "buy", "timestamp": 1766015198924}, {"id": "530007943", "price": 11.846, "amount": 2.0, "side": "buy", "timestamp": 1766015199509}, {"id": "530007944", "price": 11.846, "amount": 1.0, "side": "buy", "timestamp": 1766015200805}, {"id": "530007945", "price": 11.846, "amount": 1.0, "side": "buy", "timestamp": 1766015202343}, {"id": "530007946", "price": 11.845, "amount": 1.0, "side": "sell", "timestamp": 1766015202414}, {"id": "530007947", "price": 11.846, "amount": 22.0, "side": "buy", "timestamp": 1766015203040}, {"id": "530007948", "price": 11.847, "amount": 90.0, "side": "buy", "timestamp": 1766015203040}, {"id": "530007949", "price": 11.848, "amount": 584.0, "side": "buy", "timestamp": 1766015203040}, {"id": "530007950", "price": 11.848, "amount": 1.0, "side": "sell", "timestamp": 1766015205277}, {"id": "530007951", "price": 11.849, "amount": 1.0, "side": "buy", "timestamp": 1766015205858}, {"id": "530007952", "price": 11.849, "amount": 1.0, "side": "buy", "timestamp": 1766015207643}, {"id": "530007953", "price": 11.848, "amount": 15.0, "side": "sell", "timestamp": 1766015208551}, {"id": "530007954", "price": 11.848, "amount": 1.0, "side": "sell", "timestamp": 1766015209703}, {"id": "530007955", "price": 11.849, "amount": 1.0, "side": "buy", "timestamp": 1766015209845}, {"id": "530007956", "price": 11.849, "amount": 19.0, "side": "buy", "timestamp": 1766015210689}, {"id": "530007957", "price": 11.849, "amount": 5.0, "side": "sell", "timestamp": 1766015214564}, {"id": "530007958", "price": 11.85, "amount": 1.0, "side": "buy", "timestamp": 1766015215504}, {"id": "530007959", "price": 11.85, "amount": 1.0, "side": "buy", "timestamp": 1766015216249}, {"id": "530007960", "price": 11.85, "amount": 2.0, "side": "buy", "timestamp": 1766015216896}, {"id": "530007961", "price": 11.849, "amount": 627.0, "side": "sell", "timestamp": 1766015217085}, {"id": "530007962", "price": 11.848, "amount": 217.0, "side": "sell", "timestamp": 1766015217085}, {"id": "530007963", "price": 11.849, "amount": 1.0, "side": "buy", "timestamp": 1766015217725}, {"id": "530007964", "price": 11.85, "amount": 1.0, "side": "buy", "timestamp": 1766015217725}, {"id": "530007965", "price": 11.85, "amount": 1.0, "side": "buy", "timestamp": 1766015217986}, {"id": "530007966", "price": 11.85, "amount": 1.0, "side": "buy", "timestamp": 1766015219482}, {"id": "530007967", "price": 11.85, "amount": 666.0, "side": "buy", "timestamp": 1766015222503}, {"id": "530007968", "price": 11.851, "amount": 1.0, "side": "buy", "timestamp": 1766015223559}, {"id": "530007969", "price": 11.851, "amount": 1.0, "side": "buy", "timestamp": 1766015223847}, {"id": "530007970", "price": 11.851, "amount": 2.0, "side": "buy", "timestamp": 1766015224206}, {"id": "530007971", "price": 11.851, "amount": 2.0, "side": "buy", "timestamp": 1766015224488}, {"id": "530007972", "price": 11.851, "amount": 1.0, "side": "buy", "timestamp": 1766015225847}, {"id": "530007973", "price": 11.851, "amount": 2.0, "side": "buy", "timestamp": 1766015226538}, {"id": "530007974", "price": 11.851, "amount": 1.0, "side": "buy", "timestamp": 1766015227017}, {"id": "530007975", "price": 11.85, "amount": 2.0, "side": "sell", "timestamp": 1766015227249}, {"id": "530007976", "price": 11.851, "amount": 1.0, "side": "buy", "timestamp": 1766015227836}, {"id": "530007977", "price": 11.851, "amount": 1.0, "side": "buy", "timestamp": 1766015229759}, {"id": "530007978", "price": 11.851, "amount": 1.0, "side": "buy", "timestamp": 1766015230011}, {"id": "530007979", "price": 11.85, "amount": 1.0, "side": "sell", "timestamp": 1766015230132}, {"id": "530007980", "price": 11.85, "amount": 70.0, "side": "sell", "timestamp": 1766015231051}, {"id": "530007981", "price": 11.851, "amount": 4.0, "side": "buy", "timestamp": 1766015231142}, {"id": "530007982", "price": 11.85, "amount": 207.0, "side": "sell", "timestamp": 1766015231149}, {"id": "530007983", "price": 11.849, "amount": 1.0, "side": "sell", "timestamp": 1766015232906}, {"id": "530007984", "price": 11.85, "amount": 1057.0, "side": "buy", "timestamp": 1766015233269}, {"id": "530007985", "price": 11.851, "amount": 567.0, "side": "buy", "timestamp": 1766015233272}, {"id": "530007986", "price": 11.852, "amount": 2701.0, "side": "buy", "timestamp": 1766015233272}, {"id": "530007987", "price": 11.853, "amount": 203.0, "side": "buy", "timestamp": 1766015233337}, {"id": "530007988", "price": 11.853, "amount": 1.0, "side": "buy", "timestamp": 1766015235302}, {"id": "530007989", "price": 11.852, "amount": 2.0, "side": "sell", "timestamp": 1766015240941}, {"id": "530007990", "price": 11.852, "amount": 57.0, "side": "sell", "timestamp": 1766015242040}, {"id": "530007991", "price": 11.852, "amount": 1.0, "side": "buy", "timestamp": 1766015243649}, {"id": "530007979", "price": 11.85, "amount": 1.0, "side": "sell", "timestamp": 1766015230132}, {"id": "530007980", "price": 11.85, "amount": 70.0, "side": "sell", "timestamp": 1766015231051}, {"id": "530007981", "price": 11.851, "amount": 4.0, "side": "buy", "timestamp": 1766015231142}, {"id": "530007982", "price": 11.85, "amount": 207.0, "side": "sell", "timestamp": 1766015231149}, {"id": "530007983", "price": 11.849, "amount": 1.0, "side": "sell", "timestamp": 1766015232906}, {"id": "530007984", "price": 11.85, "amount": 1057.0, "side": "buy", "timestamp": 1766015233269}, {"id": "530007985", "price": 11.851, "amount": 567.0, "side": "buy", "timestamp": 1766015233272}, {"id": "530007986", "price": 11.852, "amount": 2701.0, "side": "buy", "timestamp": 1766015233272}, {"id": "530007987", "price": 11.853, "amount": 203.0, "side": "buy", "timestamp": 1766015233337}, {"id": "530007988", "price": 11.853, "amount": 1.0, "side": "buy", "timestamp": 1766015235302}, {"id": "530007989", "price": 11.852, "amount": 2.0, "side": "sell", "timestamp": 1766015240941}, {"id": "530007990", "price": 11.852, "amount": 57.0, "side": "sell", "timestamp": 1766015242040}, {"id": "530007991", "price": 11.852, "amount": 1.0, "side": "buy", "timestamp": 1766015243649}, {"id": "530007992", "price": 11.852, "amount": 2.0, "side": "buy", "timestamp": 1766015245439}, {"id": "530007993", "price": 11.852, "amount": 1.0, "side": "buy", "timestamp": 1766015246081}, {"id": "530007994", "price": 11.851, "amount": 3.0, "side": "sell", "timestamp": 1766015246290}, {"id": "530007995", "price": 11.85, "amount": 4.0, "side": "sell", "timestamp": 1766015246290}, {"id": "530007996", "price": 11.851, "amount": 287.0, "side": "buy", "timestamp": 1766015250123}, {"id": "530007997", "price": 11.85, "amount": 75.0, "side": "sell", "timestamp": 1766015251671}, {"id": "530007998", "price": 11.849, "amount": 92.0, "side": "sell", "timestamp": 1766015251671}, {"id": "530007999", "price": 11.849, "amount": 1.0, "side": "buy", "timestamp": 1766015252112}, {"id": "530008000", "price": 11.85, "amount": 1.0, "side": "buy", "timestamp": 1766015254047}, {"id": "530008001", "price": 11.85, "amount": 1.0, "side": "buy", "timestamp": 1766015254388}, {"id": "530008002", "price": 11.85, "amount": 1.0, "side": "buy", "timestamp": 1766015257507}, {"id": "530008003", "price": 11.849, "amount": 2.0, "side": "sell", "timestamp": 1766015261425}, {"id": "530008004", "price": 11.849, "amount": 1.0, "side": "sell", "timestamp": 1766015263327}, {"id": "530008005", "price": 11.85, "amount": 38.0, "side": "buy", "timestamp": 1766015265829}, {"id": "530008006", "price": 11.851, "amount": 3.0, "side": "buy", "timestamp": 1766015270733}, {"id": "530008007", "price": 11.85, "amount": 13.0, "side": "buy", "timestamp": 1766015273954}, {"id": "530008008", "price": 11.85, "amount": 5.0, "side": "sell", "timestamp": 1766015277045}, {"id": "530008009", "price": 11.85, "amount": 8.0, "side": "sell", "timestamp": 1766015277305}, {"id": "530008010", "price": 11.851, "amount": 1.0, "side": "buy", "timestamp": 1766015279638}, {"id": "530008011", "price": 11.851, "amount": 2.0, "side": "buy", "timestamp": 1766015280685}, {"id": "530008012", "price": 11.85, "amount": 83.0, "side": "sell", "timestamp": 1766015280880}, {"id": "530008013", "price": 11.849, "amount": 28.0, "side": "sell", "timestamp": 1766015280927}, {"id": "530008014", "price": 11.849, "amount": 1.0, "side": "buy", "timestamp": 1766015282993}, {"id": "530008015", "price": 11.849, "amount": 1.0, "side": "buy", "timestamp": 1766015284726}, {"id": "530008016", "price": 11.849, "amount": 2.0, "side": "buy", "timestamp": 1766015284896}, {"id": "530008017", "price": 11.849, "amount": 1.0, "side": "buy", "timestamp": 1766015285353}, {"id": "530008018", "price": 11.849, "amount": 1.0, "side": "buy", "timestamp": 1766015289707}, {"id": "530008019", "price": 11.849, "amount": 1.0, "side": "buy", "timestamp": 1766015290047}, {"id": "530008020", "price": 11.849, "amount": 11.0, "side": "buy", "timestamp": 1766015291402}, {"id": "530008021", "price": 11.849, "amount": 1.0, "side": "buy", "timestamp": 1766015293228}, {"id": "530008022", "price": 11.849, "amount": 1.0, "side": "buy", "timestamp": 1766015293470}, {"id": "530008023", "price": 11.848, "amount": 3.0, "side": "sell", "timestamp": 1766015294750}, {"id": "530008024", "price": 11.849, "amount": 18.0, "side": "buy", "timestamp": 1766015297247}, {"id": "530008025", "price": 11.849, "amount": 2.0, "side": "buy", "timestamp": 1766015297582}, {"id": "530008026", "price": 11.848, "amount": 2.0, "side": "sell", "timestamp": 1766015298347}, {"id": "530008027", "price": 11.849, "amount": 7.0, "side": "buy", "timestamp": 1766015301490}, {"id": "530008028", "price": 11.848, "amount": 2.0, "side": "sell", "timestamp": 1766015301856}, {"id": "530008028", "price": 11.848, "amount": 2.0, "side": "sell", "timestamp": 1766015301856}, {"id": "530008029", "price": 11.848, "amount": 2.0, "side": "sell", "timestamp": 1766015305287}, {"id": "530008030", "price": 11.849, "amount": 16.0, "side": "buy", "timestamp": 1766015305368}, {"id": "530008031", "price": 11.848, "amount": 262.0, "side": "sell", "timestamp": 1766015305466}, {"id": "530008032", "price": 11.847, "amount": 84.0, "side": "sell", "timestamp": 1766015306297}, {"id": "530008033", "price": 11.847, "amount": 2.0, "side": "sell", "timestamp": 1766015308500}, {"id": "530008034", "price": 11.847, "amount": 16.0, "side": "sell", "timestamp": 1766015309963}, {"id": "530008035", "price": 11.847, "amount": 1.0, "side": "sell", "timestamp": 1766015312151}, {"id": "530008036", "price": 11.847, "amount": 2.0, "side": "sell", "timestamp": 1766015312264}, {"id": "530008037", "price": 11.847, "amount": 13.0, "side": "sell", "timestamp": 1766015313157}, {"id": "530008038", "price": 11.846, "amount": 62.0, "side": "sell", "timestamp": 1766015313199}, {"id": "530008039", "price": 11.845, "amount": 11.0, "side": "sell", "timestamp": 1766015313447}, {"id": "530008040", "price": 11.844, "amount": 143.0, "side": "sell", "timestamp": 1766015313447}, {"id": "530008041", "price": 11.843, "amount": 91.0, "side": "sell", "timestamp": 1766015313451}, {"id": "530008042", "price": 11.842, "amount": 3.0, "side": "sell", "timestamp": 1766015314358}, {"id": "530008043", "price": 11.843, "amount": 85.0, "side": "buy", "timestamp": 1766015315641}, {"id": "530008044", "price": 11.842, "amount": 2.0, "side": "sell", "timestamp": 1766015315726}, {"id": "530008045", "price": 11.843, "amount": 95.0, "side": "buy", "timestamp": 1766015316693}, {"id": "530008046", "price": 11.843, "amount": 32.0, "side": "buy", "timestamp": 1766015317744}, {"id": "530008047", "price": 11.843, "amount": 2.0, "side": "buy", "timestamp": 1766015321066}, {"id": "530008048", "price": 11.842, "amount": 6.0, "side": "sell", "timestamp": 1766015325548}, {"id": "530008049", "price": 11.843, "amount": 50.0, "side": "buy", "timestamp": 1766015329184}, {"id": "530008050", "price": 11.842, "amount": 2.0, "side": "sell", "timestamp": 1766015329298}, {"id": "530008051", "price": 11.842, "amount": 2.0, "side": "sell", "timestamp": 1766015332841}, {"id": "530008052", "price": 11.843, "amount": 285.0, "side": "buy", "timestamp": 1766015335276}, {"id": "530008053", "price": 11.844, "amount": 108.0, "side": "buy", "timestamp": 1766015335813}, {"id": "530008054", "price": 11.844, "amount": 2.0, "side": "sell", "timestamp": 1766015336254}, {"id": "530008055", "price": 11.845, "amount": 1.0, "side": "buy", "timestamp": 1766015336828}, {"id": "530008056", "price": 11.845, "amount": 147.0, "side": "buy", "timestamp": 1766015337958}, {"id": "530008057", "price": 11.846, "amount": 706.0, "side": "buy", "timestamp": 1766015337966}, {"id": "530008058", "price": 11.847, "amount": 2.0, "side": "buy", "timestamp": 1766015338415}, {"id": "530008059", "price": 11.846, "amount": 2.0, "side": "sell", "timestamp": 1766015339454}, {"id": "530008060", "price": 11.846, "amount": 266.0, "side": "sell", "timestamp": 1766015341135}, {"id": "530008061", "price": 11.846, "amount": 2.0, "side": "buy", "timestamp": 1766015343551}, {"id": "530008062", "price": 11.845, "amount": 2.0, "side": "sell", "timestamp": 1766015343679}, {"id": "530008063", "price": 11.846, "amount": 1.0, "side": "buy", "timestamp": 1766015345067}, {"id": "530008064", "price": 11.846, "amount": 1.0, "side": "buy", "timestamp": 1766015345355}, {"id": "530008065", "price": 11.846, "amount": 1.0, "side": "buy", "timestamp": 1766015346037}, {"id": "530008066", "price": 11.846, "amount": 1.0, "side": "buy", "timestamp": 1766015346279}, {"id": "530008067", "price": 11.846, "amount": 24.0, "side": "buy", "timestamp": 1766015346564}, {"id": "530008068", "price": 11.846, "amount": 2.0, "side": "sell", "timestamp": 1766015346707}, {"id": "530008069", "price": 11.847, "amount": 2.0, "side": "buy", "timestamp": 1766015349978}, {"id": "530008070", "price": 11.846, "amount": 3.0, "side": "sell", "timestamp": 1766015351559}, {"id": "530008071", "price": 11.847, "amount": 1.0, "side": "buy", "timestamp": 1766015351643}, {"id": "530008072", "price": 11.847, "amount": 256.0, "side": "buy", "timestamp": 1766015351775}, {"id": "530008073", "price": 11.847, "amount": 116.0, "side": "sell", "timestamp": 1766015352893}, {"id": "530008074", "price": 11.846, "amount": 124.0, "side": "sell", "timestamp": 1766015352894}, {"id": "530008075", "price": 11.845, "amount": 121.0, "side": "sell", "timestamp": 1766015353288}, {"id": "530008076", "price": 11.845, "amount": 3.0, "side": "sell", "timestamp": 1766015356478}, {"id": "530008077", "price": 11.845, "amount": 2.0, "side": "sell", "timestamp": 1766015360245}, {"id": "530008063", "price": 11.846, "amount": 1.0, "side": "buy", "timestamp": 1766015345067}, {"id": "530008064", "price": 11.846, "amount": 1.0, "side": "buy", "timestamp": 1766015345355}, {"id": "530008065", "price": 11.846, "amount": 1.0, "side": "buy", "timestamp": 1766015346037}, {"id": "530008066", "price": 11.846, "amount": 1.0, "side": "buy", "timestamp": 1766015346279}, {"id": "530008067", "price": 11.846, "amount": 24.0, "side": "buy", "timestamp": 1766015346564}, {"id": "530008068", "price": 11.846, "amount": 2.0, "side": "sell", "timestamp": 1766015346707}, {"id": "530008069", "price": 11.847, "amount": 2.0, "side": "buy", "timestamp": 1766015349978}, {"id": "530008070", "price": 11.846, "amount": 3.0, "side": "sell", "timestamp": 1766015351559}, {"id": "530008071", "price": 11.847, "amount": 1.0, "side": "buy", "timestamp": 1766015351643}, {"id": "530008072", "price": 11.847, "amount": 256.0, "side": "buy", "timestamp": 1766015351775}, {"id": "530008073", "price": 11.847, "amount": 116.0, "side": "sell", "timestamp": 1766015352893}, {"id": "530008074", "price": 11.846, "amount": 124.0, "side": "sell", "timestamp": 1766015352894}, {"id": "530008075", "price": 11.845, "amount": 121.0, "side": "sell", "timestamp": 1766015353288}, {"id": "530008076", "price": 11.845, "amount": 3.0, "side": "sell", "timestamp": 1766015356478}, {"id": "530008077", "price": 11.845, "amount": 2.0, "side": "sell", "timestamp": 1766015360245}, {"id": "530008078", "price": 11.846, "amount": 1.0, "side": "buy", "timestamp": 1766015361618}, {"id": "530008079", "price": 11.845, "amount": 2.0, "side": "sell", "timestamp": 1766015363807}, {"id": "530008080", "price": 11.845, "amount": 2.0, "side": "sell", "timestamp": 1766015367324}, {"id": "530008081", "price": 11.846, "amount": 101.0, "side": "buy", "timestamp": 1766015368332}, {"id": "530008082", "price": 11.845, "amount": 2.0, "side": "sell", "timestamp": 1766015370443}, {"id": "530008083", "price": 11.845, "amount": 2.0, "side": "sell", "timestamp": 1766015374664}, {"id": "530008084", "price": 11.845, "amount": 2.0, "side": "sell", "timestamp": 1766015377674}, {"id": "530008085", "price": 11.846, "amount": 190.0, "side": "buy", "timestamp": 1766015387646}, {"id": "530008086", "price": 11.846, "amount": 3.0, "side": "sell", "timestamp": 1766015387696}, {"id": "530008087", "price": 11.847, "amount": 99.0, "side": "buy", "timestamp": 1766015388704}, {"id": "530008088", "price": 11.847, "amount": 47.0, "side": "buy", "timestamp": 1766015389748}, {"id": "530008089", "price": 11.846, "amount": 2.0, "side": "sell", "timestamp": 1766015391222}, {"id": "530008090", "price": 11.846, "amount": 2.0, "side": "sell", "timestamp": 1766015394761}, {"id": "530008091", "price": 11.846, "amount": 3.0, "side": "sell", "timestamp": 1766015397400}, {"id": "530008092", "price": 11.847, "amount": 2.0, "side": "buy", "timestamp": 1766015397429}, {"id": "530008093", "price": 11.846, "amount": 2.0, "side": "sell", "timestamp": 1766015398326}, {"id": "530008094", "price": 11.846, "amount": 2.0, "side": "sell", "timestamp": 1766015401849}, {"id": "530008095", "price": 11.847, "amount": 2.0, "side": "buy", "timestamp": 1766015403658}, {"id": "530008096", "price": 11.847, "amount": 1.0, "side": "buy", "timestamp": 1766015405752}, {"id": "530008097", "price": 11.847, "amount": 1.0, "side": "buy", "timestamp": 1766015405863}, {"id": "530008098", "price": 11.846, "amount": 2.0, "side": "sell", "timestamp": 1766015406026}, {"id": "530008099", "price": 11.846, "amount": 182.0, "side": "sell", "timestamp": 1766015406254}, {"id": "530008100", "price": 11.847, "amount": 1.0, "side": "buy", "timestamp": 1766015407489}, {"id": "530008101", "price": 11.846, "amount": 201.0, "side": "sell", "timestamp": 1766015407830}, {"id": "530008102", "price": 11.845, "amount": 2.0, "side": "sell", "timestamp": 1766015408627}, {"id": "530008103", "price": 11.845, "amount": 70.0, "side": "sell", "timestamp": 1766015408817}, {"id": "530008104", "price": 11.844, "amount": 14.0, "side": "sell", "timestamp": 1766015408820}, {"id": "530008105", "price": 11.843, "amount": 2.0, "side": "sell", "timestamp": 1766015410504}, {"id": "530008106", "price": 11.844, "amount": 4.0, "side": "buy", "timestamp": 1766015412101}, {"id": "530008107", "price": 11.844, "amount": 477.0, "side": "buy", "timestamp": 1766015413295}, {"id": "530008108", "price": 11.845, "amount": 1129.0, "side": "buy", "timestamp": 1766015413295}, {"id": "530008109", "price": 11.846, "amount": 12.0, "side": "buy", "timestamp": 1766015413302}, {"id": "530008110", "price": 11.847, "amount": 339.0, "side": "buy", "timestamp": 1766015413303}, {"id": "530008111", "price": 11.846, "amount": 4.0, "side": "sell", "timestamp": 1766015416216}, {"id": "530008112", "price": 11.845, "amount": 4.0, "side": "sell", "timestamp": 1766015416216}, {"id": "530008131", "price": 11.842, "amount": 16.0, "side": "sell", "timestamp": 1766015434996}, {"id": "530008132", "price": 11.842, "amount": 2.0, "side": "sell", "timestamp": 1766015436989}, {"id": "530008133", "price": 11.843, "amount": 28.0, "side": "buy", "timestamp": 1766015437190}, {"id": "530008134", "price": 11.844, "amount": 4413.0, "side": "buy", "timestamp": 1766015437208}, {"id": "530008135", "price": 11.845, "amount": 9.0, "side": "buy", "timestamp": 1766015437326}, {"id": "530008136", "price": 11.844, "amount": 1130.0, "side": "sell", "timestamp": 1766015439509}, {"id": "530008137", "price": 11.843, "amount": 187.0, "side": "sell", "timestamp": 1766015439509}, {"id": "530008138", "price": 11.843, "amount": 2.0, "side": "sell", "timestamp": 1766015439776}, {"id": "530008139", "price": 11.844, "amount": 23.0, "side": "buy", "timestamp": 1766015440374}, {"id": "530008140", "price": 11.845, "amount": 7.0, "side": "buy", "timestamp": 1766015440400}, {"id": "530008141", "price": 11.846, "amount": 1.0, "side": "buy", "timestamp": 1766015445662}, {"id": "530008142", "price": 11.845, "amount": 1.0, "side": "sell", "timestamp": 1766015449116}, {"id": "530008143", "price": 11.845, "amount": 11.0, "side": "buy", "timestamp": 1766015451115}, {"id": "530008144", "price": 11.845, "amount": 1.0, "side": "sell", "timestamp": 1766015452199}, {"id": "530008145", "price": 11.845, "amount": 19.0, "side": "buy", "timestamp": 1766015453162}, {"id": "530008146", "price": 11.845, "amount": 168.0, "side": "sell", "timestamp": 1766015453819}, {"id": "530008147", "price": 11.846, "amount": 1.0, "side": "buy", "timestamp": 1766015455224}, {"id": "530008148", "price": 11.845, "amount": 533.0, "side": "sell", "timestamp": 1766015455329}, {"id": "530008149", "price": 11.844, "amount": 140.0, "side": "sell", "timestamp": 1766015457536}, {"id": "530008150", "price": 11.843, "amount": 200.0, "side": "sell", "timestamp": 1766015457536}, {"id": "530008151", "price": 11.842, "amount": 1007.0, "side": "sell", "timestamp": 1766015457536}, {"id": "530008152", "price": 11.841, "amount": 448.0, "side": "sell", "timestamp": 1766015457548}, {"id": "530008153", "price": 11.84, "amount": 505.0, "side": "sell", "timestamp": 1766015457573}, {"id": "530008154", "price": 11.841, "amount": 48.0, "side": "sell", "timestamp": 1766015457584}, {"id": "530008155", "price": 11.84, "amount": 574.0, "side": "sell", "timestamp": 1766015457584}, {"id": "530008156", "price": 11.84, "amount": 34.0, "side": "buy", "timestamp": 1766015457588}, {"id": "530008157", "price": 11.839, "amount": 398.0, "side": "sell", "timestamp": 1766015457628}, {"id": "530008158", "price": 11.839, "amount": 1.0, "side": "buy", "timestamp": 1766015458798}, {"id": "530008159", "price": 11.839, "amount": 91.0, "side": "buy", "timestamp": 1766015459648}, {"id": "530008160", "price": 11.838, "amount": 23.0, "side": "sell", "timestamp": 1766015460426}, {"id": "530008161", "price": 11.837, "amount": 134.0, "side": "sell", "timestamp": 1766015460471}, {"id": "530008162", "price": 11.837, "amount": 1.0, "side": "buy", "timestamp": 1766015460569}, {"id": "530008163", "price": 11.836, "amount": 204.0, "side": "sell", "timestamp": 1766015460599}, {"id": "530008164", "price": 11.835, "amount": 1.0, "side": "sell", "timestamp": 1766015460694}, {"id": "530008165", "price": 11.836, "amount": 360.0, "side": "buy", "timestamp": 1766015460752}, {"id": "530008166", "price": 11.837, "amount": 103.0, "side": "buy", "timestamp": 1766015461411}, {"id": "530008167", "price": 11.837, "amount": 1.0, "side": "buy", "timestamp": 1766015461798}, {"id": "530008168", "price": 11.838, "amount": 88.0, "side": "buy", "timestamp": 1766015461798}, {"id": "530008169", "price": 11.838, "amount": 92.0, "side": "buy", "timestamp": 1766015462848}, {"id": "530008170", "price": 11.838, "amount": 1.0, "side": "buy", "timestamp": 1766015463234}, {"id": "530008171", "price": 11.838, "amount": 2.0, "side": "buy", "timestamp": 1766015463645}, {"id": "530008172", "price": 11.838, "amount": 28.0, "side": "buy", "timestamp": 1766015464202}, {"id": "530008173", "price": 11.838, "amount": 1.0, "side": "buy", "timestamp": 1766015464401}, {"id": "530008174", "price": 11.837, "amount": 1.0, "side": "sell", "timestamp": 1766015465216}, {"id": "530008175", "price": 11.838, "amount": 1.0, "side": "buy", "timestamp": 1766015465766}, {"id": "530008176", "price": 11.837, "amount": 1.0, "side": "sell", "timestamp": 1766015466267}, {"id": "530008177", "price": 11.838, "amount": 1.0, "side": "buy", "timestamp": 1766015467506}, {"id": "530008178", "price": 11.838, "amount": 1.0, "side": "buy", "timestamp": 1766015469733}, {"id": "530008179", "price": 11.837, "amount": 123.0, "side": "sell", "timestamp": 1766015471950}, {"id": "530008180", "price": 11.836, "amount": 144.0, "side": "sell", "timestamp": 1766015472096}, {"id": "530008181", "price": 11.835, "amount": 6.0, "side": "sell", "timestamp": 1766015481237}, {"id": "530008182", "price": 11.834, "amount": 214.0, "side": "sell", "timestamp": 1766015481255}, {"id": "530008183", "price": 11.834, "amount": 552.0, "side": "buy", "timestamp": 1766015481297}, {"id": "530008184", "price": 11.833, "amount": 2.0, "side": "sell", "timestamp": 1766015481395}, {"id": "530008185", "price": 11.834, "amount": 229.0, "side": "buy", "timestamp": 1766015481443}, {"id": "530008186", "price": 11.835, "amount": 2.0, "side": "buy", "timestamp": 1766015483926}, {"id": "530008187", "price": 11.834, "amount": 1.0, "side": "sell", "timestamp": 1766015486136}, {"id": "530008188", "price": 11.833, "amount": 151.0, "side": "sell", "timestamp": 1766015486467}, {"id": "530008189", "price": 11.832, "amount": 14.0, "side": "sell", "timestamp": 1766015486470}, {"id": "530008190", "price": 11.831, "amount": 25.0, "side": "sell", "timestamp": 1766015486477}, {"id": "530008191", "price": 11.831, "amount": 1.0, "side": "buy", "timestamp": 1766015489713}, {"id": "530008192", "price": 11.83, "amount": 676.0, "side": "sell", "timestamp": 1766015490100}, {"id": "530008193", "price": 11.83, "amount": 17.0, "side": "sell", "timestamp": 1766015490805}, {"id": "530008194", "price": 11.831, "amount": 408.0, "side": "buy", "timestamp": 1766015494030}, {"id": "530008195", "price": 11.832, "amount": 29.0, "side": "buy", "timestamp": 1766015494041}, {"id": "530008196", "price": 11.833, "amount": 93.0, "side": "buy", "timestamp": 1766015494774}, {"id": "530008197", "price": 11.834, "amount": 2.0, "side": "buy", "timestamp": 1766015495397}, {"id": "530008198", "price": 11.834, "amount": 56.0, "side": "buy", "timestamp": 1766015495653}, {"id": "530008199", "price": 11.835, "amount": 37.0, "side": "buy", "timestamp": 1766015495653}, {"id": "530008200", "price": 11.835, "amount": 48.0, "side": "buy", "timestamp": 1766015496711}, {"id": "530008201", "price": 11.836, "amount": 31.0, "side": "buy", "timestamp": 1766015496715}, {"id": "530008202", "price": 11.837, "amount": 90.0, "side": "buy", "timestamp": 1766015496758}, {"id": "530008203", "price": 11.837, "amount": 11.0, "side": "buy", "timestamp": 1766015497803}, {"id": "530008204", "price": 11.838, "amount": 107.0, "side": "buy", "timestamp": 1766015497803}, {"id": "530008205", "price": 11.838, "amount": 1.0, "side": "buy", "timestamp": 1766015498219}, {"id": "530008206", "price": 11.838, "amount": 75.0, "side": "buy", "timestamp": 1766015498851}, {"id": "530008207", "price": 11.838, "amount": 1.0, "side": "buy", "timestamp": 1766015500427}, {"id": "530008208", "price": 11.837, "amount": 8.0, "side": "sell", "timestamp": 1766015502136}, {"id": "530008209", "price": 11.837, "amount": 2.0, "side": "sell", "timestamp": 1766015505186}, {"id": "530008210", "price": 11.837, "amount": 51.0, "side": "buy", "timestamp": 1766015505269}, {"id": "530008211", "price": 11.838, "amount": 38.0, "side": "buy", "timestamp": 1766015505269}, {"id": "530008212", "price": 11.837, "amount": 14.0, "side": "sell", "timestamp": 1766015507005}, {"id": "530008213", "price": 11.838, "amount": 20.0, "side": "buy", "timestamp": 1766015509713}, {"id": "530008214", "price": 11.839, "amount": 2.0, "side": "buy", "timestamp": 1766015511172}, {"id": "530008215", "price": 11.839, "amount": 2.0, "side": "buy", "timestamp": 1766015513266}, {"id": "530008216", "price": 11.839, "amount": 1.0, "side": "buy", "timestamp": 1766015514785}, {"id": "530008217", "price": 11.838, "amount": 1.0, "side": "sell", "timestamp": 1766015515759}, {"id": "530008218", "price": 11.839, "amount": 1.0, "side": "buy", "timestamp": 1766015517041}, {"id": "530008219", "price": 11.838, "amount": 152.0, "side": "sell", "timestamp": 1766015519332}, {"id": "530008220", "price": 11.837, "amount": 1.0, "side": "sell", "timestamp": 1766015520346}, {"id": "530008221", "price": 11.837, "amount": 54.0, "side": "sell", "timestamp": 1766015520484}, {"id": "530008222", "price": 11.836, "amount": 23.0, "side": "sell", "timestamp": 1766015520674}, {"id": "530008223", "price": 11.835, "amount": 21.0, "side": "sell", "timestamp": 1766015520840}, {"id": "530008224", "price": 11.834, "amount": 4.0, "side": "sell", "timestamp": 1766015521046}, {"id": "530008225", "price": 11.833, "amount": 10.0, "side": "sell", "timestamp": 1766015521177}, {"id": "530008226", "price": 11.833, "amount": 357.0, "side": "sell", "timestamp": 1766015522652}, {"id": "530008227", "price": 11.834, "amount": 2.0, "side": "buy", "timestamp": 1766015523250}, {"id": "530008228", "price": 11.834, "amount": 4.0, "side": "buy", "timestamp": 1766015524837}, {"id": "530008229", "price": 11.834, "amount": 5.0, "side": "buy", "timestamp": 1766015526325}, {"id": "530008230", "price": 11.834, "amount": 1.0, "side": "buy", "timestamp": 1766015527381}, {"id": "530008219", "price": 11.838, "amount": 152.0, "side": "sell", "timestamp": 1766015519332}, {"id": "530008220", "price": 11.837, "amount": 1.0, "side": "sell", "timestamp": 1766015520346}, {"id": "530008221", "price": 11.837, "amount": 54.0, "side": "sell", "timestamp": 1766015520484}, {"id": "530008222", "price": 11.836, "amount": 23.0, "side": "sell", "timestamp": 1766015520674}, {"id": "530008223", "price": 11.835, "amount": 21.0, "side": "sell", "timestamp": 1766015520840}, {"id": "530008224", "price": 11.834, "amount": 4.0, "side": "sell", "timestamp": 1766015521046}, {"id": "530008225", "price": 11.833, "amount": 10.0, "side": "sell", "timestamp": 1766015521177}, {"id": "530008226", "price": 11.833, "amount": 357.0, "side": "sell", "timestamp": 1766015522652}, {"id": "530008227", "price": 11.834, "amount": 2.0, "side": "buy", "timestamp": 1766015523250}, {"id": "530008228", "price": 11.834, "amount": 4.0, "side": "buy", "timestamp": 1766015524837}, {"id": "530008229", "price": 11.834, "amount": 5.0, "side": "buy", "timestamp": 1766015526325}, {"id": "530008230", "price": 11.834, "amount": 1.0, "side": "buy", "timestamp": 1766015527381}, {"id": "530008231", "price": 11.833, "amount": 7.0, "side": "sell", "timestamp": 1766015530397}, {"id": "530008232", "price": 11.834, "amount": 91.0, "side": "buy", "timestamp": 1766015531640}, {"id": "530008233", "price": 11.834, "amount": 95.0, "side": "buy", "timestamp": 1766015532692}, {"id": "530008234", "price": 11.834, "amount": 83.0, "side": "buy", "timestamp": 1766015533741}, {"id": "530008235", "price": 11.835, "amount": 9.0, "side": "buy", "timestamp": 1766015533741}, {"id": "530008236", "price": 11.835, "amount": 89.0, "side": "buy", "timestamp": 1766015534794}, {"id": "530008237", "price": 11.835, "amount": 22.0, "side": "buy", "timestamp": 1766015535840}, {"id": "530008238", "price": 11.834, "amount": 1.0, "side": "sell", "timestamp": 1766015536827}, {"id": "530008239", "price": 11.834, "amount": 3.0, "side": "sell", "timestamp": 1766015537348}, {"id": "530008240", "price": 11.834, "amount": 4.0, "side": "sell", "timestamp": 1766015540185}, {"id": "530008241", "price": 11.834, "amount": 9.0, "side": "sell", "timestamp": 1766015545508}, {"id": "530008242", "price": 11.834, "amount": 31.0, "side": "sell", "timestamp": 1766015547262}, {"id": "530008243", "price": 11.835, "amount": 1.0, "side": "buy", "timestamp": 1766015547309}, {"id": "530008244", "price": 11.834, "amount": 270.0, "side": "sell", "timestamp": 1766015550833}, {"id": "530008245", "price": 11.834, "amount": 3.0, "side": "buy", "timestamp": 1766015552433}, {"id": "530008246", "price": 11.834, "amount": 3.0, "side": "buy", "timestamp": 1766015554698}, {"id": "530008247", "price": 11.833, "amount": 31.0, "side": "sell", "timestamp": 1766015556384}, {"id": "530008248", "price": 11.832, "amount": 38.0, "side": "sell", "timestamp": 1766015558576}, {"id": "530008249", "price": 11.831, "amount": 103.0, "side": "sell", "timestamp": 1766015558876}, {"id": "530008250", "price": 11.83, "amount": 25.0, "side": "sell", "timestamp": 1766015558876}, {"id": "530008251", "price": 11.831, "amount": 1.0, "side": "buy", "timestamp": 1766015561549}, {"id": "530008252", "price": 11.83, "amount": 3.0, "side": "sell", "timestamp": 1766015564618}, {"id": "530008253", "price": 11.83, "amount": 40.0, "side": "sell", "timestamp": 1766015565113}, {"id": "530008254", "price": 11.83, "amount": 101.0, "side": "buy", "timestamp": 1766015567647}, {"id": "530008255", "price": 11.83, "amount": 106.0, "side": "buy", "timestamp": 1766015568699}, {"id": "530008256", "price": 11.83, "amount": 3.0, "side": "buy", "timestamp": 1766015569179}, {"id": "530008257", "price": 11.83, "amount": 93.0, "side": "buy", "timestamp": 1766015569751}, {"id": "530008258", "price": 11.83, "amount": 89.0, "side": "buy", "timestamp": 1766015570798}, {"id": "530008259", "price": 11.83, "amount": 104.0, "side": "buy", "timestamp": 1766015579838}, {"id": "530008260", "price": 11.831, "amount": 10.0, "side": "buy", "timestamp": 1766015580733}, {"id": "530008261", "price": 11.832, "amount": 1.0, "side": "buy", "timestamp": 1766015581009}, {"id": "530008262", "price": 11.832, "amount": 9.0, "side": "buy", "timestamp": 1766015581701}, {"id": "530008263", "price": 11.833, "amount": 1.0, "side": "buy", "timestamp": 1766015583578}, {"id": "530008264", "price": 11.833, "amount": 5.0, "side": "buy", "timestamp": 1766015584071}, {"id": "530008265", "price": 11.833, "amount": 1.0, "side": "buy", "timestamp": 1766015584337}, {"id": "530008266", "price": 11.833, "amount": 1.0, "side": "buy", "timestamp": 1766015584878}, {"id": "530008267", "price": 11.833, "amount": 1.0, "side": "buy", "timestamp": 1766015585650}, {"id": "530008268", "price": 11.832, "amount": 2.0, "side": "sell", "timestamp": 1766015585811}, {"id": "530008255", "price": 11.83, "amount": 106.0, "side": "buy", "timestamp": 1766015568699}, {"id": "530008256", "price": 11.83, "amount": 3.0, "side": "buy", "timestamp": 1766015569179}, {"id": "530008257", "price": 11.83, "amount": 93.0, "side": "buy", "timestamp": 1766015569751}, {"id": "530008258", "price": 11.83, "amount": 89.0, "side": "buy", "timestamp": 1766015570798}, {"id": "530008259", "price": 11.83, "amount": 104.0, "side": "buy", "timestamp": 1766015579838}, {"id": "530008260", "price": 11.831, "amount": 10.0, "side": "buy", "timestamp": 1766015580733}, {"id": "530008261", "price": 11.832, "amount": 1.0, "side": "buy", "timestamp": 1766015581009}, {"id": "530008262", "price": 11.832, "amount": 9.0, "side": "buy", "timestamp": 1766015581701}, {"id": "530008263", "price": 11.833, "amount": 1.0, "side": "buy", "timestamp": 1766015583578}, {"id": "530008264", "price": 11.833, "amount": 5.0, "side": "buy", "timestamp": 1766015584071}, {"id": "530008265", "price": 11.833, "amount": 1.0, "side": "buy", "timestamp": 1766015584337}, {"id": "530008266", "price": 11.833, "amount": 1.0, "side": "buy", "timestamp": 1766015584878}, {"id": "530008267", "price": 11.833, "amount": 1.0, "side": "buy", "timestamp": 1766015585650}, {"id": "530008268", "price": 11.832, "amount": 2.0, "side": "sell", "timestamp": 1766015585811}, {"id": "530008269", "price": 11.833, "amount": 1.0, "side": "buy", "timestamp": 1766015589815}, {"id": "530008270", "price": 11.832, "amount": 8.0, "side": "buy", "timestamp": 1766015592874}, {"id": "530008271", "price": 11.832, "amount": 2.0, "side": "sell", "timestamp": 1766015593709}, {"id": "530008272", "price": 11.833, "amount": 4.0, "side": "buy", "timestamp": 1766015594443}, {"id": "530008273", "price": 11.832, "amount": 4.0, "side": "sell", "timestamp": 1766015595508}, {"id": "530008274", "price": 11.832, "amount": 211.0, "side": "sell", "timestamp": 1766015603342}, {"id": "530008275", "price": 11.833, "amount": 99.0, "side": "buy", "timestamp": 1766015603636}, {"id": "530008276", "price": 11.833, "amount": 99.0, "side": "buy", "timestamp": 1766015604687}, {"id": "530008277", "price": 11.833, "amount": 79.0, "side": "buy", "timestamp": 1766015605043}, {"id": "530008278", "price": 11.834, "amount": 68.0, "side": "buy", "timestamp": 1766015605051}, {"id": "530008279", "price": 11.835, "amount": 4.0, "side": "buy", "timestamp": 1766015605604}, {"id": "530008280", "price": 11.835, "amount": 39.0, "side": "buy", "timestamp": 1766015605738}, {"id": "530008281", "price": 11.836, "amount": 46.0, "side": "buy", "timestamp": 1766015605738}, {"id": "530008282", "price": 11.836, "amount": 106.0, "side": "buy", "timestamp": 1766015606785}, {"id": "530008283", "price": 11.836, "amount": 4.0, "side": "buy", "timestamp": 1766015614207}, {"id": "530008284", "price": 11.836, "amount": 15.0, "side": "buy", "timestamp": 1766015619032}, {"id": "530008285", "price": 11.835, "amount": 2.0, "side": "sell", "timestamp": 1766015620180}, {"id": "530008286", "price": 11.835, "amount": 1.0, "side": "sell", "timestamp": 1766015625726}, {"id": "530008287", "price": 11.836, "amount": 26.0, "side": "buy", "timestamp": 1766015626061}, {"id": "530008288", "price": 11.835, "amount": 2.0, "side": "sell", "timestamp": 1766015628952}, {"id": "530008289", "price": 11.836, "amount": 9.0, "side": "buy", "timestamp": 1766015631455}, {"id": "530008290", "price": 11.837, "amount": 33.0, "side": "buy", "timestamp": 1766015631455}, {"id": "530008291", "price": 11.836, "amount": 20.0, "side": "sell", "timestamp": 1766015637368}, {"id": "530008292", "price": 11.836, "amount": 128.0, "side": "sell", "timestamp": 1766015638066}, {"id": "530008293", "price": 11.835, "amount": 3.0, "side": "sell", "timestamp": 1766015638086}, {"id": "530008294", "price": 11.835, "amount": 155.0, "side": "sell", "timestamp": 1766015639013}, {"id": "530008295", "price": 11.834, "amount": 2.0, "side": "sell", "timestamp": 1766015639021}, {"id": "530008296", "price": 11.834, "amount": 42.0, "side": "sell", "timestamp": 1766015639181}, {"id": "530008297", "price": 11.834, "amount": 104.0, "side": "buy", "timestamp": 1766015639642}, {"id": "530008298", "price": 11.833, "amount": 27.0, "side": "sell", "timestamp": 1766015640458}, {"id": "530008299", "price": 11.832, "amount": 121.0, "side": "sell", "timestamp": 1766015640467}, {"id": "530008300", "price": 11.832, "amount": 102.0, "side": "buy", "timestamp": 1766015640696}, {"id": "530008301", "price": 11.832, "amount": 136.0, "side": "buy", "timestamp": 1766015640800}, {"id": "530008302", "price": 11.833, "amount": 84.0, "side": "buy", "timestamp": 1766015640846}, {"id": "530008303", "price": 11.834, "amount": 1.0, "side": "buy", "timestamp": 1766015641162}, {"id": "530008304", "price": 11.833, "amount": 3.0, "side": "sell", "timestamp": 1766015642021}, {"id": "530008297", "price": 11.834, "amount": 104.0, "side": "buy", "timestamp": 1766015639642}, {"id": "530008298", "price": 11.833, "amount": 27.0, "side": "sell", "timestamp": 1766015640458}, {"id": "530008299", "price": 11.832, "amount": 121.0, "side": "sell", "timestamp": 1766015640467}, {"id": "530008300", "price": 11.832, "amount": 102.0, "side": "buy", "timestamp": 1766015640696}, {"id": "530008301", "price": 11.832, "amount": 136.0, "side": "buy", "timestamp": 1766015640800}, {"id": "530008302", "price": 11.833, "amount": 84.0, "side": "buy", "timestamp": 1766015640846}, {"id": "530008303", "price": 11.834, "amount": 1.0, "side": "buy", "timestamp": 1766015641162}, {"id": "530008304", "price": 11.833, "amount": 3.0, "side": "sell", "timestamp": 1766015642021}, {"id": "530008305", "price": 11.833, "amount": 27.0, "side": "sell", "timestamp": 1766015643614}, {"id": "530008306", "price": 11.834, "amount": 2.0, "side": "buy", "timestamp": 1766015643771}, {"id": "530008307", "price": 11.834, "amount": 1.0, "side": "buy", "timestamp": 1766015644391}, {"id": "530008308", "price": 11.834, "amount": 1.0, "side": "buy", "timestamp": 1766015644552}, {"id": "530008309", "price": 11.834, "amount": 1.0, "side": "buy", "timestamp": 1766015644882}, {"id": "530008310", "price": 11.834, "amount": 1.0, "side": "buy", "timestamp": 1766015645441}, {"id": "530008311", "price": 11.834, "amount": 2.0, "side": "buy", "timestamp": 1766015645874}, {"id": "530008312", "price": 11.834, "amount": 1.0, "side": "buy", "timestamp": 1766015646197}, {"id": "530008313", "price": 11.834, "amount": 1.0, "side": "buy", "timestamp": 1766015649762}, {"id": "530008314", "price": 11.833, "amount": 1.0, "side": "sell", "timestamp": 1766015649765}, {"id": "530008315", "price": 11.834, "amount": 3.0, "side": "buy", "timestamp": 1766015650774}, {"id": "530008316", "price": 11.833, "amount": 3.0, "side": "sell", "timestamp": 1766015654019}, {"id": "530008317", "price": 11.834, "amount": 1.0, "side": "buy", "timestamp": 1766015655032}, {"id": "530008318", "price": 11.833, "amount": 76.0, "side": "sell", "timestamp": 1766015657131}, {"id": "530008319", "price": 11.834, "amount": 3.0, "side": "buy", "timestamp": 1766015660656}, {"id": "530008320", "price": 11.834, "amount": 156.0, "side": "buy", "timestamp": 1766015661257}, {"id": "530008321", "price": 11.835, "amount": 19.0, "side": "buy", "timestamp": 1766015661309}, {"id": "530008322", "price": 11.835, "amount": 27.0, "side": "sell", "timestamp": 1766015663522}, {"id": "530008323", "price": 11.834, "amount": 14.0, "side": "sell", "timestamp": 1766015663629}, {"id": "530008324", "price": 11.833, "amount": 104.0, "side": "sell", "timestamp": 1766015663850}, {"id": "530008325", "price": 11.832, "amount": 51.0, "side": "sell", "timestamp": 1766015663866}, {"id": "530008326", "price": 11.832, "amount": 2.0, "side": "buy", "timestamp": 1766015664358}, {"id": "530008327", "price": 11.831, "amount": 8.0, "side": "sell", "timestamp": 1766015665044}, {"id": "530008328", "price": 11.832, "amount": 1.0, "side": "buy", "timestamp": 1766015665157}, {"id": "530008329", "price": 11.832, "amount": 23.0, "side": "sell", "timestamp": 1766015671843}, {"id": "530008330", "price": 11.833, "amount": 1.0, "side": "buy", "timestamp": 1766015673351}, {"id": "530008331", "price": 11.832, "amount": 3.0, "side": "sell", "timestamp": 1766015673825}, {"id": "530008332", "price": 11.832, "amount": 87.0, "side": "sell", "timestamp": 1766015674089}, {"id": "530008333", "price": 11.832, "amount": 90.0, "side": "buy", "timestamp": 1766015675650}, {"id": "530008334", "price": 11.833, "amount": 117.0, "side": "buy", "timestamp": 1766015676753}, {"id": "530008335", "price": 11.833, "amount": 101.0, "side": "buy", "timestamp": 1766015677804}, {"id": "530008336", "price": 11.833, "amount": 1.0, "side": "buy", "timestamp": 1766015678144}, {"id": "530008337", "price": 11.833, "amount": 81.0, "side": "buy", "timestamp": 1766015678854}, {"id": "530008338", "price": 11.832, "amount": 10.0, "side": "sell", "timestamp": 1766015680248}, {"id": "530008339", "price": 11.832, "amount": 8.0, "side": "buy", "timestamp": 1766015680254}, {"id": "530008340", "price": 11.832, "amount": 34.0, "side": "sell", "timestamp": 1766015684763}, {"id": "530008341", "price": 11.831, "amount": 86.0, "side": "sell", "timestamp": 1766015684763}, {"id": "530008342", "price": 11.831, "amount": 3.0, "side": "sell", "timestamp": 1766015686981}, {"id": "530008343", "price": 11.831, "amount": 65.0, "side": "sell", "timestamp": 1766015687315}, {"id": "530008344", "price": 11.83, "amount": 172.0, "side": "sell", "timestamp": 1766015687315}, {"id": "530008345", "price": 11.831, "amount": 2.0, "side": "buy", "timestamp": 1766015694769}, {"id": "530008346", "price": 11.831, "amount": 1.0, "side": "buy", "timestamp": 1766015695390}, {"id": "530008339", "price": 11.832, "amount": 8.0, "side": "buy", "timestamp": 1766015680254}, {"id": "530008340", "price": 11.832, "amount": 34.0, "side": "sell", "timestamp": 1766015684763}, {"id": "530008341", "price": 11.831, "amount": 86.0, "side": "sell", "timestamp": 1766015684763}, {"id": "530008342", "price": 11.831, "amount": 3.0, "side": "sell", "timestamp": 1766015686981}, {"id": "530008343", "price": 11.831, "amount": 65.0, "side": "sell", "timestamp": 1766015687315}, {"id": "530008344", "price": 11.83, "amount": 172.0, "side": "sell", "timestamp": 1766015687315}, {"id": "530008345", "price": 11.831, "amount": 2.0, "side": "buy", "timestamp": 1766015694769}, {"id": "530008346", "price": 11.831, "amount": 1.0, "side": "buy", "timestamp": 1766015695390}, {"id": "530008347", "price": 11.831, "amount": 1.0, "side": "sell", "timestamp": 1766015700415}, {"id": "530008348", "price": 11.832, "amount": 1.0, "side": "buy", "timestamp": 1766015700956}, {"id": "530008349", "price": 11.832, "amount": 409.0, "side": "buy", "timestamp": 1766015703482}, {"id": "530008350", "price": 11.833, "amount": 1.0, "side": "buy", "timestamp": 1766015704146}, {"id": "530008351", "price": 11.832, "amount": 2.0, "side": "sell", "timestamp": 1766015706054}, {"id": "530008352", "price": 11.832, "amount": 2.0, "side": "sell", "timestamp": 1766015706193}, {"id": "530008353", "price": 11.832, "amount": 4.0, "side": "sell", "timestamp": 1766015706777}, {"id": "530008354", "price": 11.833, "amount": 3.0, "side": "buy", "timestamp": 1766015709794}, {"id": "530008355", "price": 11.833, "amount": 1.0, "side": "buy", "timestamp": 1766015710016}, {"id": "530008356", "price": 11.833, "amount": 2.0, "side": "buy", "timestamp": 1766015710563}, {"id": "530008357", "price": 11.833, "amount": 1.0, "side": "buy", "timestamp": 1766015711200}, {"id": "530008358", "price": 11.833, "amount": 94.0, "side": "buy", "timestamp": 1766015711642}, {"id": "530008359", "price": 11.833, "amount": 115.0, "side": "buy", "timestamp": 1766015712744}, {"id": "530008360", "price": 11.832, "amount": 1.0, "side": "sell", "timestamp": 1766015713311}, {"id": "530008361", "price": 11.833, "amount": 87.0, "side": "buy", "timestamp": 1766015713794}, {"id": "530008362", "price": 11.832, "amount": 13.0, "side": "sell", "timestamp": 1766015713916}, {"id": "530008363", "price": 11.833, "amount": 2.0, "side": "buy", "timestamp": 1766015714843}, {"id": "530008364", "price": 11.834, "amount": 91.0, "side": "buy", "timestamp": 1766015714843}, {"id": "530008365", "price": 11.834, "amount": 2.0, "side": "buy", "timestamp": 1766015716200}, {"id": "530008366", "price": 11.834, "amount": 135.0, "side": "buy", "timestamp": 1766015718931}, {"id": "530008367", "price": 11.835, "amount": 897.0, "side": "buy", "timestamp": 1766015718939}, {"id": "530008368", "price": 11.836, "amount": 75.0, "side": "buy", "timestamp": 1766015718948}, {"id": "530008369", "price": 11.835, "amount": 4.0, "side": "sell", "timestamp": 1766015719168}, {"id": "530008370", "price": 11.835, "amount": 2.0, "side": "sell", "timestamp": 1766015719334}, {"id": "530008371", "price": 11.835, "amount": 320.0, "side": "sell", "timestamp": 1766015721551}, {"id": "530008372", "price": 11.834, "amount": 176.0, "side": "sell", "timestamp": 1766015721557}, {"id": "530008373", "price": 11.833, "amount": 36.0, "side": "sell", "timestamp": 1766015721582}, {"id": "530008374", "price": 11.832, "amount": 42.0, "side": "sell", "timestamp": 1766015723900}, {"id": "530008375", "price": 11.832, "amount": 5.0, "side": "buy", "timestamp": 1766015724479}, {"id": "530008376", "price": 11.832, "amount": 1.0, "side": "buy", "timestamp": 1766015724615}, {"id": "530008377", "price": 11.832, "amount": 14.0, "side": "buy", "timestamp": 1766015725499}, {"id": "530008378", "price": 11.831, "amount": 10.0, "side": "sell", "timestamp": 1766015730746}, {"id": "530008379", "price": 11.83, "amount": 2.0, "side": "sell", "timestamp": 1766015733061}, {"id": "530008380", "price": 11.831, "amount": 5.0, "side": "buy", "timestamp": 1766015734198}, {"id": "530008381", "price": 11.831, "amount": 25.0, "side": "buy", "timestamp": 1766015747639}, {"id": "530008382", "price": 11.832, "amount": 70.0, "side": "buy", "timestamp": 1766015747639}, {"id": "530008383", "price": 11.832, "amount": 55.0, "side": "buy", "timestamp": 1766015748210}, {"id": "530008384", "price": 11.833, "amount": 1.0, "side": "buy", "timestamp": 1766015748511}, {"id": "530008385", "price": 11.833, "amount": 98.0, "side": "buy", "timestamp": 1766015748740}, {"id": "530008386", "price": 11.833, "amount": 1.0, "side": "buy", "timestamp": 1766015749789}, {"id": "530008387", "price": 11.834, "amount": 28.0, "side": "buy", "timestamp": 1766015749789}, {"id": "530008388", "price": 11.834, "amount": 4.0, "side": "sell", "timestamp": 1766015750837}, {"id": "530008384", "price": 11.833, "amount": 1.0, "side": "buy", "timestamp": 1766015748511}, {"id": "530008385", "price": 11.833, "amount": 98.0, "side": "buy", "timestamp": 1766015748740}, {"id": "530008386", "price": 11.833, "amount": 1.0, "side": "buy", "timestamp": 1766015749789}, {"id": "530008387", "price": 11.834, "amount": 28.0, "side": "buy", "timestamp": 1766015749789}, {"id": "530008388", "price": 11.834, "amount": 4.0, "side": "sell", "timestamp": 1766015750837}, {"id": "530008389", "price": 11.834, "amount": 1.0, "side": "sell", "timestamp": 1766015755679}, {"id": "530008390", "price": 11.834, "amount": 46.0, "side": "sell", "timestamp": 1766015756950}, {"id": "530008391", "price": 11.834, "amount": 1.0, "side": "sell", "timestamp": 1766015758160}, {"id": "530008392", "price": 11.835, "amount": 1.0, "side": "buy", "timestamp": 1766015760971}, {"id": "530008393", "price": 11.835, "amount": 1.0, "side": "buy", "timestamp": 1766015761073}, {"id": "530008394", "price": 11.835, "amount": 1.0, "side": "buy", "timestamp": 1766015761783}, {"id": "530008395", "price": 11.835, "amount": 1.0, "side": "buy", "timestamp": 1766015764422}, {"id": "530008396", "price": 11.835, "amount": 1.0, "side": "buy", "timestamp": 1766015764730}, {"id": "530008397", "price": 11.835, "amount": 1.0, "side": "buy", "timestamp": 1766015764882}, {"id": "530008398", "price": 11.835, "amount": 1.0, "side": "buy", "timestamp": 1766015765055}, {"id": "530008399", "price": 11.835, "amount": 5.0, "side": "buy", "timestamp": 1766015765331}, {"id": "530008400", "price": 11.835, "amount": 300.0, "side": "buy", "timestamp": 1766015765454}, {"id": "530008401", "price": 11.835, "amount": 447.0, "side": "buy", "timestamp": 1766015765832}, {"id": "530008402", "price": 11.836, "amount": 1.0, "side": "buy", "timestamp": 1766015766384}, {"id": "530008403", "price": 11.835, "amount": 1.0, "side": "sell", "timestamp": 1766015767305}, {"id": "530008404", "price": 11.836, "amount": 1.0, "side": "buy", "timestamp": 1766015769060}, {"id": "530008405", "price": 11.836, "amount": 1.0, "side": "buy", "timestamp": 1766015769725}, {"id": "530008406", "price": 11.836, "amount": 1.0, "side": "buy", "timestamp": 1766015769962}, {"id": "530008407", "price": 11.836, "amount": 5.0, "side": "buy", "timestamp": 1766015776135}, {"id": "530008408", "price": 11.836, "amount": 828.0, "side": "buy", "timestamp": 1766015777412}, {"id": "530008409", "price": 11.837, "amount": 10.0, "side": "buy", "timestamp": 1766015782596}, {"id": "530008410", "price": 11.837, "amount": 1.0, "side": "buy", "timestamp": 1766015783642}, {"id": "530008411", "price": 11.836, "amount": 1.0, "side": "sell", "timestamp": 1766015787531}, {"id": "530008412", "price": 11.836, "amount": 466.0, "side": "sell", "timestamp": 1766015788108}, {"id": "530008413", "price": 11.835, "amount": 34.0, "side": "sell", "timestamp": 1766015788115}, {"id": "530008414", "price": 11.835, "amount": 811.0, "side": "buy", "timestamp": 1766015789216}, {"id": "530008415", "price": 11.836, "amount": 1.0, "side": "buy", "timestamp": 1766015789275}, {"id": "530008416", "price": 11.837, "amount": 1.0, "side": "buy", "timestamp": 1766015790422}, {"id": "530008417", "price": 11.836, "amount": 33.0, "side": "sell", "timestamp": 1766015790689}, {"id": "530008418", "price": 11.837, "amount": 1.0, "side": "buy", "timestamp": 1766015791343}, {"id": "530008419", "price": 11.837, "amount": 2.0, "side": "buy", "timestamp": 1766015791446}, {"id": "530008420", "price": 11.837, "amount": 2.0, "side": "buy", "timestamp": 1766015793591}, {"id": "530008421", "price": 11.837, "amount": 11.0, "side": "buy", "timestamp": 1766015795131}, {"id": "530008422", "price": 11.837, "amount": 322.0, "side": "buy", "timestamp": 1766015795258}, {"id": "530008423", "price": 11.836, "amount": 1.0, "side": "sell", "timestamp": 1766015798150}, {"id": "530008424", "price": 11.837, "amount": 135.0, "side": "buy", "timestamp": 1766015798514}, {"id": "530008425", "price": 11.836, "amount": 181.0, "side": "sell", "timestamp": 1766015799259}, {"id": "530008426", "price": 11.835, "amount": 1.0, "side": "sell", "timestamp": 1766015803225}, {"id": "530008427", "price": 11.836, "amount": 2.0, "side": "buy", "timestamp": 1766015803684}, {"id": "530008428", "price": 11.836, "amount": 3.0, "side": "buy", "timestamp": 1766015804431}, {"id": "530008429", "price": 11.836, "amount": 2.0, "side": "buy", "timestamp": 1766015804545}, {"id": "530008430", "price": 11.835, "amount": 1.0, "side": "sell", "timestamp": 1766015804721}, {"id": "530008431", "price": 11.835, "amount": 1.0, "side": "sell", "timestamp": 1766015809079}, {"id": "530008432", "price": 11.835, "amount": 1.0, "side": "sell", "timestamp": 1766015809393}, {"id": "530008433", "price": 11.835, "amount": 13.0, "side": "sell", "timestamp": 1766015810922}, {"id": "530008429", "price": 11.836, "amount": 2.0, "side": "buy", "timestamp": 1766015804545}, {"id": "530008430", "price": 11.835, "amount": 1.0, "side": "sell", "timestamp": 1766015804721}, {"id": "530008431", "price": 11.835, "amount": 1.0, "side": "sell", "timestamp": 1766015809079}, {"id": "530008432", "price": 11.835, "amount": 1.0, "side": "sell", "timestamp": 1766015809393}, {"id": "530008433", "price": 11.835, "amount": 13.0, "side": "sell", "timestamp": 1766015810922}, {"id": "530008434", "price": 11.836, "amount": 987.0, "side": "buy", "timestamp": 1766015814218}, {"id": "530008435", "price": 11.836, "amount": 10.0, "side": "sell", "timestamp": 1766015814714}, {"id": "530008436", "price": 11.836, "amount": 33.0, "side": "sell", "timestamp": 1766015814930}, {"id": "530008437", "price": 11.836, "amount": 52.0, "side": "sell", "timestamp": 1766015815061}, {"id": "530008438", "price": 11.836, "amount": 13.0, "side": "buy", "timestamp": 1766015816440}, {"id": "530008439", "price": 11.835, "amount": 4.0, "side": "sell", "timestamp": 1766015817110}, {"id": "530008440", "price": 11.835, "amount": 16.0, "side": "sell", "timestamp": 1766015818321}, {"id": "530008441", "price": 11.835, "amount": 1.0, "side": "buy", "timestamp": 1766015819638}, {"id": "530008442", "price": 11.834, "amount": 22.0, "side": "sell", "timestamp": 1766015819989}, {"id": "530008443", "price": 11.834, "amount": 1.0, "side": "buy", "timestamp": 1766015821259}, {"id": "530008444", "price": 11.833, "amount": 26.0, "side": "sell", "timestamp": 1766015821350}, {"id": "530008445", "price": 11.833, "amount": 1.0, "side": "buy", "timestamp": 1766015821423}, {"id": "530008446", "price": 11.833, "amount": 3.0, "side": "buy", "timestamp": 1766015823290}, {"id": "530008447", "price": 11.832, "amount": 29.0, "side": "sell", "timestamp": 1766015823787}, {"id": "530008448", "price": 11.832, "amount": 76.0, "side": "sell", "timestamp": 1766015824523}, {"id": "530008449", "price": 11.833, "amount": 2.0, "side": "buy", "timestamp": 1766015824980}, {"id": "530008450", "price": 11.833, "amount": 3.0, "side": "buy", "timestamp": 1766015825434}, {"id": "530008451", "price": 11.833, "amount": 1.0, "side": "buy", "timestamp": 1766015825943}, {"id": "530008452", "price": 11.833, "amount": 2.0, "side": "buy", "timestamp": 1766015826421}, {"id": "530008453", "price": 11.833, "amount": 1.0, "side": "buy", "timestamp": 1766015826921}, {"id": "530008454", "price": 11.832, "amount": 2.0, "side": "sell", "timestamp": 1766015827190}, {"id": "530008455", "price": 11.833, "amount": 2.0, "side": "buy", "timestamp": 1766015829778}, {"id": "530008456", "price": 11.833, "amount": 2.0, "side": "buy", "timestamp": 1766015830897}, {"id": "530008457", "price": 11.832, "amount": 4.0, "side": "sell", "timestamp": 1766015831338}, {"id": "530008458", "price": 11.833, "amount": 22.0, "side": "buy", "timestamp": 1766015834153}, {"id": "530008459", "price": 11.833, "amount": 1135.0, "side": "buy", "timestamp": 1766015838404}, {"id": "530008460", "price": 11.834, "amount": 398.0, "side": "buy", "timestamp": 1766015838408}, {"id": "530008461", "price": 11.835, "amount": 722.0, "side": "buy", "timestamp": 1766015838416}, {"id": "530008462", "price": 11.836, "amount": 2.0, "side": "buy", "timestamp": 1766015839417}, {"id": "530008463", "price": 11.835, "amount": 1.0, "side": "sell", "timestamp": 1766015842449}, {"id": "530008464", "price": 11.835, "amount": 155.0, "side": "sell", "timestamp": 1766015842874}, {"id": "530008465", "price": 11.836, "amount": 1.0, "side": "buy", "timestamp": 1766015843119}, {"id": "530008466", "price": 11.835, "amount": 48.0, "side": "sell", "timestamp": 1766015843310}, {"id": "530008467", "price": 11.835, "amount": 2.0, "side": "sell", "timestamp": 1766015845118}, {"id": "530008468", "price": 11.836, "amount": 75.0, "side": "buy", "timestamp": 1766015847464}, {"id": "530008469", "price": 11.836, "amount": 3.0, "side": "buy", "timestamp": 1766015848636}, {"id": "530008470", "price": 11.835, "amount": 10.0, "side": "sell", "timestamp": 1766015851325}, {"id": "530008471", "price": 11.835, "amount": 1.0, "side": "sell", "timestamp": 1766015852348}, {"id": "530008472", "price": 11.836, "amount": 1.0, "side": "buy", "timestamp": 1766015855649}, {"id": "530008473", "price": 11.836, "amount": 3.0, "side": "buy", "timestamp": 1766015859747}, {"id": "530008474", "price": 11.836, "amount": 13.0, "side": "buy", "timestamp": 1766015862997}, {"id": "530008475", "price": 11.836, "amount": 11.0, "side": "buy", "timestamp": 1766015864700}, {"id": "530008476", "price": 11.835, "amount": 23.0, "side": "sell", "timestamp": 1766015865477}, {"id": "530008477", "price": 11.836, "amount": 1.0, "side": "buy", "timestamp": 1766015865660}, {"id": "530008478", "price": 11.836, "amount": 2.0, "side": "buy", "timestamp": 1766015866072}, {"id": "530008459", "price": 11.833, "amount": 1135.0, "side": "buy", "timestamp": 1766015838404}, {"id": "530008460", "price": 11.834, "amount": 398.0, "side": "buy", "timestamp": 1766015838408}, {"id": "530008461", "price": 11.835, "amount": 722.0, "side": "buy", "timestamp": 1766015838416}, {"id": "530008462", "price": 11.836, "amount": 2.0, "side": "buy", "timestamp": 1766015839417}, {"id": "530008463", "price": 11.835, "amount": 1.0, "side": "sell", "timestamp": 1766015842449}, {"id": "530008464", "price": 11.835, "amount": 155.0, "side": "sell", "timestamp": 1766015842874}, {"id": "530008465", "price": 11.836, "amount": 1.0, "side": "buy", "timestamp": 1766015843119}, {"id": "530008466", "price": 11.835, "amount": 48.0, "side": "sell", "timestamp": 1766015843310}, {"id": "530008467", "price": 11.835, "amount": 2.0, "side": "sell", "timestamp": 1766015845118}, {"id": "530008468", "price": 11.836, "amount": 75.0, "side": "buy", "timestamp": 1766015847464}, {"id": "530008469", "price": 11.836, "amount": 3.0, "side": "buy", "timestamp": 1766015848636}, {"id": "530008470", "price": 11.835, "amount": 10.0, "side": "sell", "timestamp": 1766015851325}, {"id": "530008471", "price": 11.835, "amount": 1.0, "side": "sell", "timestamp": 1766015852348}, {"id": "530008472", "price": 11.836, "amount": 1.0, "side": "buy", "timestamp": 1766015855649}, {"id": "530008473", "price": 11.836, "amount": 3.0, "side": "buy", "timestamp": 1766015859747}, {"id": "530008474", "price": 11.836, "amount": 13.0, "side": "buy", "timestamp": 1766015862997}, {"id": "530008475", "price": 11.836, "amount": 11.0, "side": "buy", "timestamp": 1766015864700}, {"id": "530008476", "price": 11.835, "amount": 23.0, "side": "sell", "timestamp": 1766015865477}, {"id": "530008477", "price": 11.836, "amount": 1.0, "side": "buy", "timestamp": 1766015865660}, {"id": "530008478", "price": 11.836, "amount": 2.0, "side": "buy", "timestamp": 1766015866072}, {"id": "530008479", "price": 11.835, "amount": 1.0, "side": "sell", "timestamp": 1766015872817}, {"id": "530008480", "price": 11.836, "amount": 1.0, "side": "buy", "timestamp": 1766015876324}, {"id": "530008481", "price": 11.836, "amount": 10.0, "side": "buy", "timestamp": 1766015876434}, {"id": "530008482", "price": 11.835, "amount": 4.0, "side": "sell", "timestamp": 1766015877172}, {"id": "530008483", "price": 11.836, "amount": 1.0, "side": "buy", "timestamp": 1766015877304}, {"id": "530008484", "price": 11.836, "amount": 1.0, "side": "buy", "timestamp": 1766015880920}, {"id": "530008485", "price": 11.836, "amount": 1.0, "side": "buy", "timestamp": 1766015883662}, {"id": "530008486", "price": 11.835, "amount": 1.0, "side": "sell", "timestamp": 1766015884209}, {"id": "530008487", "price": 11.836, "amount": 1.0, "side": "buy", "timestamp": 1766015885091}, {"id": "530008488", "price": 11.836, "amount": 1.0, "side": "buy", "timestamp": 1766015885240}, {"id": "530008489", "price": 11.836, "amount": 3.0, "side": "buy", "timestamp": 1766015885399}, {"id": "530008490", "price": 11.836, "amount": 1.0, "side": "buy", "timestamp": 1766015886151}, {"id": "530008491", "price": 11.836, "amount": 486.0, "side": "buy", "timestamp": 1766015887470}, {"id": "530008492", "price": 11.836, "amount": 2.0, "side": "sell", "timestamp": 1766015888984}, {"id": "530008493", "price": 11.837, "amount": 1.0, "side": "buy", "timestamp": 1766015889767}, {"id": "530008494", "price": 11.837, "amount": 1.0, "side": "buy", "timestamp": 1766015891639}, {"id": "530008495", "price": 11.837, "amount": 1.0, "side": "buy", "timestamp": 1766015893065}, {"id": "530008496", "price": 11.836, "amount": 1.0, "side": "sell", "timestamp": 1766015893555}, {"id": "530008497", "price": 11.837, "amount": 2.0, "side": "buy", "timestamp": 1766015898314}, {"id": "530008498", "price": 11.837, "amount": 146.0, "side": "buy", "timestamp": 1766015900369}, {"id": "530008499", "price": 11.838, "amount": 128.0, "side": "buy", "timestamp": 1766015901537}, {"id": "530008500", "price": 11.839, "amount": 19.0, "side": "buy", "timestamp": 1766015901553}, {"id": "530008501", "price": 11.84, "amount": 30.0, "side": "buy", "timestamp": 1766015904450}, {"id": "530008502", "price": 11.84, "amount": 1.0, "side": "sell", "timestamp": 1766015904568}, {"id": "530008503", "price": 11.84, "amount": 2.0, "side": "sell", "timestamp": 1766015905533}, {"id": "530008504", "price": 11.841, "amount": 212.0, "side": "buy", "timestamp": 1766015909210}, {"id": "530008505", "price": 11.842, "amount": 1.0, "side": "buy", "timestamp": 1766015909804}, {"id": "530008506", "price": 11.842, "amount": 75.0, "side": "buy", "timestamp": 1766015912084}, {"id": "530008507", "price": 11.843, "amount": 1.0, "side": "buy", "timestamp": 1766015915447}, {"id": "530008508", "price": 11.843, "amount": 2.0, "side": "buy", "timestamp": 1766015919425}, {"id": "530008512", "price": 11.842, "amount": 287.0, "side": "sell", "timestamp": 1766015933578}, {"id": "530008513", "price": 11.842, "amount": 1.0, "side": "buy", "timestamp": 1766015933632}, {"id": "530008514", "price": 11.841, "amount": 1.0, "side": "sell", "timestamp": 1766015934266}, {"id": "530008515", "price": 11.841, "amount": 222.0, "side": "sell", "timestamp": 1766015935796}, {"id": "530008516", "price": 11.84, "amount": 14.0, "side": "sell", "timestamp": 1766015936456}, {"id": "530008517", "price": 11.839, "amount": 114.0, "side": "sell", "timestamp": 1766015936591}, {"id": "530008518", "price": 11.838, "amount": 10.0, "side": "sell", "timestamp": 1766015936666}, {"id": "530008519", "price": 11.838, "amount": 123.0, "side": "buy", "timestamp": 1766015937837}, {"id": "530008520", "price": 11.838, "amount": 421.0, "side": "buy", "timestamp": 1766015938990}, {"id": "530008521", "price": 11.839, "amount": 1.0, "side": "buy", "timestamp": 1766015941010}, {"id": "530008522", "price": 11.839, "amount": 2.0, "side": "buy", "timestamp": 1766015941901}, {"id": "530008523", "price": 11.839, "amount": 1.0, "side": "buy", "timestamp": 1766015943916}, {"id": "530008524", "price": 11.839, "amount": 1.0, "side": "buy", "timestamp": 1766015944890}, {"id": "530008525", "price": 11.839, "amount": 23.0, "side": "buy", "timestamp": 1766015945628}, {"id": "530008526", "price": 11.84, "amount": 75.0, "side": "buy", "timestamp": 1766015945676}, {"id": "530008527", "price": 11.841, "amount": 1.0, "side": "buy", "timestamp": 1766015945777}, {"id": "530008528", "price": 11.84, "amount": 2.0, "side": "sell", "timestamp": 1766015946712}, {"id": "530008529", "price": 11.841, "amount": 67.0, "side": "buy", "timestamp": 1766015946970}, {"id": "530008530", "price": 11.842, "amount": 49.0, "side": "buy", "timestamp": 1766015947279}, {"id": "530008531", "price": 11.843, "amount": 2.0, "side": "buy", "timestamp": 1766015947333}, {"id": "530008532", "price": 11.843, "amount": 2.0, "side": "buy", "timestamp": 1766015947441}, {"id": "530008533", "price": 11.842, "amount": 62.0, "side": "sell", "timestamp": 1766015948639}, {"id": "530008534", "price": 11.843, "amount": 1.0, "side": "buy", "timestamp": 1766015949778}, {"id": "530008535", "price": 11.843, "amount": 3.0, "side": "buy", "timestamp": 1766015950407}, {"id": "530008536", "price": 11.843, "amount": 1.0, "side": "buy", "timestamp": 1766015950705}, {"id": "530008537", "price": 11.843, "amount": 1.0, "side": "buy", "timestamp": 1766015951130}, {"id": "530008538", "price": 11.842, "amount": 32.0, "side": "sell", "timestamp": 1766015951625}, {"id": "530008539", "price": 11.842, "amount": 11.0, "side": "sell", "timestamp": 1766015952181}, {"id": "530008540", "price": 11.842, "amount": 5.0, "side": "sell", "timestamp": 1766015958002}, {"id": "530008541", "price": 11.842, "amount": 204.0, "side": "sell", "timestamp": 1766015958510}, {"id": "530008542", "price": 11.842, "amount": 8.0, "side": "sell", "timestamp": 1766015961376}, {"id": "530008543", "price": 11.843, "amount": 1.0, "side": "buy", "timestamp": 1766015963642}, {"id": "530008544", "price": 11.842, "amount": 10.0, "side": "sell", "timestamp": 1766015964953}, {"id": "530008545", "price": 11.843, "amount": 1.0, "side": "buy", "timestamp": 1766015965021}, {"id": "530008546", "price": 11.843, "amount": 4.0, "side": "buy", "timestamp": 1766015965201}, {"id": "530008547", "price": 11.842, "amount": 6.0, "side": "sell", "timestamp": 1766015965700}, {"id": "530008548", "price": 11.842, "amount": 16.0, "side": "sell", "timestamp": 1766015966084}, {"id": "530008549", "price": 11.843, "amount": 2.0, "side": "buy", "timestamp": 1766015971181}, {"id": "530008550", "price": 11.842, "amount": 12.0, "side": "sell", "timestamp": 1766015973398}, {"id": "530008551", "price": 11.843, "amount": 1.0, "side": "buy", "timestamp": 1766015975044}, {"id": "530008552", "price": 11.843, "amount": 120.0, "side": "buy", "timestamp": 1766015975159}, {"id": "530008553", "price": 11.843, "amount": 45.0, "side": "buy", "timestamp": 1766015977075}, {"id": "530008554", "price": 11.844, "amount": 1.0, "side": "buy", "timestamp": 1766015978324}, {"id": "530008555", "price": 11.844, "amount": 67.0, "side": "buy", "timestamp": 1766015979182}, {"id": "530008556", "price": 11.845, "amount": 109.0, "side": "buy", "timestamp": 1766015979194}, {"id": "530008557", "price": 11.846, "amount": 119.0, "side": "buy", "timestamp": 1766015979196}, {"id": "530008558", "price": 11.847, "amount": 9.0, "side": "buy", "timestamp": 1766015979927}, {"id": "530008559", "price": 11.848, "amount": 116.0, "side": "buy", "timestamp": 1766015979949}, {"id": "530008560", "price": 11.849, "amount": 8.0, "side": "buy", "timestamp": 1766015980012}, {"id": "530008561", "price": 11.849, "amount": 17.0, "side": "sell", "timestamp": 1766015980077}]