[
  {
    "timestamp": 1764967633110,
    "recordedAt": "2025-12-05T20:47:13.110Z",
    "trades": [
      {
        "id": "3774366495",
        "price": 89257.31,
        "amount": 0.11868,
        "side": "buy",
        "timestamp": 1764967589472
      },
      {
        "id": "3774366496",
        "price": 89257.31,
        "amount": 0.07353,
        "side": "buy",
        "timestamp": 1764967589473
      },
      {
        "id": "3774366497",
        "price": 89257.31,
        "amount": 1.47191,
        "side": "buy",
        "timestamp": 1764967589473
      },
      {
        "id": "3774366498",
        "price": 89257.31,
        "amount": 0.81631,
        "side": "buy",
        "timestamp": 1764967589474
      },
      {
        "id": "3774366499",
        "price": 89257.31,
        "amount": 0.19096,
        "side": "buy",
        "timestamp": 1764967589475
      },
      {
        "id": "3774366500",
        "price": 89257.32,
        "amount": 0.0003,
        "side": "buy",
        "timestamp": 1764967589475
      },
      {
        "id": "3774366501",
        "price": 89257.31,
        "amount": 0.00012,
        "side": "buy",
        "timestamp": 1764967589476
      },
      {
        "id": "3774366502",
        "price": 89257.32,
        "amount": 0.00012,
        "side": "buy",
        "timestamp": 1764967589476
      },
      {
        "id": "3774366503",
        "price": 89257.51,
        "amount": 0.00018,
        "side": "buy",
        "timestamp": 1764967589476
      },
      {
        "id": "3774366504",
        "price": 89257.53,
        "amount": 0.00006,
        "side": "buy",
        "timestamp": 1764967589476
      },
      {
        "id": "3774366505",
        "price": 89258.4,
        "amount": 0.00024,
        "side": "buy",
        "timestamp": 1764967589479
      },
      {
        "id": "3774366506",
        "price": 89258.4,
        "amount": 0.00083,
        "side": "buy",
        "timestamp": 1764967589494
      },
      {
        "id": "3774366507",
        "price": 89258.41,
        "amount": 0.00029,
        "side": "buy",
        "timestamp": 1764967589494
      },
      {
        "id": "3774366508",
        "price": 89258.41,
        "amount": 0.00091,
        "side": "buy",
        "timestamp": 1764967589496
      },
      {
        "id": "3774366509",
        "price": 89258.42,
        "amount": 0.00054,
        "side": "buy",
        "timestamp": 1764967589496
      },
      {
        "id": "3774366510",
        "price": 89258.41,
        "amount": 0.00173,
        "side": "buy",
        "timestamp": 1764967589513
      },
      {
        "id": "3774366511",
        "price": 89258.42,
        "amount": 0.00339,
        "side": "buy",
        "timestamp": 1764967589547
      },
      {
        "id": "3774366512",
        "price": 89258.43,
        "amount": 0.00066,
        "side": "buy",
        "timestamp": 1764967589547
      },
      {
        "id": "3774366513",
        "price": 89258.43,
        "amount": 0.00143,
        "side": "buy",
        "timestamp": 1764967589580
      },
      {
        "id": "3774366514",
        "price": 89258.44,
        "amount": 0.00054,
        "side": "buy",
        "timestamp": 1764967589580
      },
      {
        "id": "3774366515",
        "price": 89263.01,
        "amount": 0.11207,
        "side": "sell",
        "timestamp": 1764967589950
      },
      {
        "id": "3774366516",
        "price": 89263.02,
        "amount": 0.00024,
        "side": "buy",
        "timestamp": 1764967590382
      },
      {
        "id": "3774366517",
        "price": 89263.02,
        "amount": 0.00005,
        "side": "buy",
        "timestamp": 1764967590780
      },
      {
        "id": "3774366518",
        "price": 89263.01,
        "amount": 0.11207,
        "side": "sell",
        "timestamp": 1764967590887
      },
      {
        "id": "3774366519",
        "price": 89263.01,
        "amount": 0.02193,
        "side": "sell",
        "timestamp": 1764967591746
      },
      {
        "id": "3774366520",
        "price": 89263.01,
        "amount": 0.11207,
        "side": "sell",
        "timestamp": 1764967591917
      },
      {
        "id": "3774366521",
        "price": 89263.01,
        "amount": 0.11207,
        "side": "sell",
        "timestamp": 1764967592932
      },
      {
        "id": "3774366522",
        "price": 89263.01,
        "amount": 0.00037,
        "side": "sell",
        "timestamp": 1764967593050
      },
      {
        "id": "3774366523",
        "price": 89263.02,
        "amount": 0.00161,
        "side": "buy",
        "timestamp": 1764967593119
      },
      {
        "id": "3774366524",
        "price": 89263.02,
        "amount": 0.00071,
        "side": "buy",
        "timestamp": 1764967593295
      },
      {
        "id": "3774366525",
        "price": 89263.02,
        "amount": 0.00035,
        "side": "buy",
        "timestamp": 1764967593433
      },
      {
        "id": "3774366526",
        "price": 89263.01,
        "amount": 0.00062,
        "side": "sell",
        "timestamp": 1764967593736
      },
      {
        "id": "3774366527",
        "price": 89263.01,
        "amount": 0.11207,
        "side": "sell",
        "timestamp": 1764967594116
      },
      {
        "id": "3774366528",
        "price": 89263.02,
        "amount": 0.0043,
        "side": "buy",
        "timestamp": 1764967594553
      },
      {
        "id": "3774366529",
        "price": 89263.01,
        "amount": 0.007,
        "side": "sell",
        "timestamp": 1764967594607
      },
      {
        "id": "3774366530",
        "price": 89263.01,
        "amount": 0.11208,
        "side": "sell",
        "timestamp": 1764967595167
      },
      {
        "id": "3774366531",
        "price": 89263.01,
        "amount": 0.00152,
        "side": "sell",
        "timestamp": 1764967595713
      },
      {
        "id": "3774366532",
        "price": 89263.02,
        "amount": 0.00128,
        "side": "buy",
        "timestamp": 1764967595870
      },
      {
        "id": "3774366533",
        "price": 89263.01,
        "amount": 0.007,
        "side": "sell",
        "timestamp": 1764967596063
      },
      {
        "id": "3774366534",
        "price": 89263.01,
        "amount": 0.11208,
        "side": "sell",
        "timestamp": 1764967596111
      },
      {
        "id": "3774366535",
        "price": 89263.01,
        "amount": 0.00016,
        "side": "sell",
        "timestamp": 1764967596236
      },
      {
        "id": "3774366536",
        "price": 89263.01,
        "amount": 0.0008,
        "side": "sell",
        "timestamp": 1764967596426
      },
      {
        "id": "3774366537",
        "price": 89263.01,
        "amount": 0.11208,
        "side": "sell",
        "timestamp": 1764967597216
      },
      {
        "id": "3774366538",
        "price": 89263.02,
        "amount": 0.00073,
        "side": "buy",
        "timestamp": 1764967597618
      },
      {
        "id": "3774366539",
        "price": 89263.02,
        "amount": 0.005,
        "side": "buy",
        "timestamp": 1764967597975
      },
      {
        "id": "3774366540",
        "price": 89263.01,
        "amount": 0.11207,
        "side": "sell",
        "timestamp": 1764967598231
      },
      {
        "id": "3774366541",
        "price": 89263.02,
        "amount": 0.00111,
        "side": "buy",
        "timestamp": 1764967599166
      },
      {
        "id": "3774366542",
        "price": 89263.01,
        "amount": 0.11207,
        "side": "sell",
        "timestamp": 1764967599236
      },
      {
        "id": "3774366543",
        "price": 89263.01,
        "amount": 0.00111,
        "side": "sell",
        "timestamp": 1764967599832
      },
      {
        "id": "3774366544",
        "price": 89263.01,
        "amount": 0.11207,
        "side": "sell",
        "timestamp": 1764967600286
      }
    ]
  },
  {
    "timestamp": 1764967663086,
    "recordedAt": "2025-12-05T20:47:43.086Z",
    "trades": [
      {
        "id": "3774367022",
        "price": 89267.2,
        "amount": 0.00024,
        "side": "sell",
        "timestamp": 1764967632943
      },
      {
        "id": "3774367023",
        "price": 89267.21,
        "amount": 0.00098,
        "side": "sell",
        "timestamp": 1764967632945
      },
      {
        "id": "3774367024",
        "price": 89267.2,
        "amount": 0.00093,
        "side": "sell",
        "timestamp": 1764967632945
      },
      {
        "id": "3774367025",
        "price": 89267.19,
        "amount": 0.00009,
        "side": "sell",
        "timestamp": 1764967632945
      },
      {
        "id": "3774367026",
        "price": 89267.21,
        "amount": 0.0001,
        "side": "sell",
        "timestamp": 1764967632946
      },
      {
        "id": "3774367027",
        "price": 89267.21,
        "amount": 0.00121,
        "side": "sell",
        "timestamp": 1764967632946
      },
      {
        "id": "3774367028",
        "price": 89267.2,
        "amount": 0.00063,
        "side": "sell",
        "timestamp": 1764967632946
      },
      {
        "id": "3774367029",
        "price": 89267.19,
        "amount": 0.00018,
        "side": "sell",
        "timestamp": 1764967632946
      },
      {
        "id": "3774367030",
        "price": 89267.18,
        "amount": 0.00009,
        "side": "sell",
        "timestamp": 1764967632946
      },
      {
        "id": "3774367031",
        "price": 89267.17,
        "amount": 0.00009,
        "side": "sell",
        "timestamp": 1764967632946
      },
      {
        "id": "3774367032",
        "price": 89267.16,
        "amount": 0.00006,
        "side": "sell",
        "timestamp": 1764967632946
      },
      {
        "id": "3774367033",
        "price": 89266.86,
        "amount": 0.00006,
        "side": "sell",
        "timestamp": 1764967632947
      },
      {
        "id": "3774367034",
        "price": 89266.41,
        "amount": 0.00143,
        "side": "sell",
        "timestamp": 1764967632952
      },
      {
        "id": "3774367035",
        "price": 89266.4,
        "amount": 0.00126,
        "side": "sell",
        "timestamp": 1764967632952
      },
      {
        "id": "3774367036",
        "price": 89266.39,
        "amount": 0.00018,
        "side": "sell",
        "timestamp": 1764967632952
      },
      {
        "id": "3774367037",
        "price": 89266.38,
        "amount": 0.00009,
        "side": "sell",
        "timestamp": 1764967632952
      },
      {
        "id": "3774367038",
        "price": 89266.37,
        "amount": 0.00009,
        "side": "sell",
        "timestamp": 1764967632952
      },
      {
        "id": "3774367039",
        "price": 89266.06,
        "amount": 0.00006,
        "side": "sell",
        "timestamp": 1764967632952
      },
      {
        "id": "3774367040",
        "price": 89265.83,
        "amount": 0.00018,
        "side": "sell",
        "timestamp": 1764967632952
      },
      {
        "id": "3774367041",
        "price": 89265.81,
        "amount": 0.00006,
        "side": "sell",
        "timestamp": 1764967632952
      },
      {
        "id": "3774367042",
        "price": 89265.61,
        "amount": 0.00018,
        "side": "sell",
        "timestamp": 1764967632952
      },
      {
        "id": "3774367043",
        "price": 89265.6,
        "amount": 0.00366,
        "side": "sell",
        "timestamp": 1764967633315
      },
      {
        "id": "3774367044",
        "price": 89265.59,
        "amount": 0.00138,
        "side": "sell",
        "timestamp": 1764967633315
      },
      {
        "id": "3774367045",
        "price": 89265.55,
        "amount": 0.00006,
        "side": "sell",
        "timestamp": 1764967633315
      },
      {
        "id": "3774367046",
        "price": 89265.51,
        "amount": 0.0001,
        "side": "sell",
        "timestamp": 1764967633315
      },
      {
        "id": "3774367047",
        "price": 89265.11,
        "amount": 0.00006,
        "side": "sell",
        "timestamp": 1764967633315
      },
      {
        "id": "3774367048",
        "price": 89264.8,
        "amount": 0.00006,
        "side": "sell",
        "timestamp": 1764967633315
      },
      {
        "id": "3774367049",
        "price": 89264.2,
        "amount": 0.00006,
        "side": "sell",
        "timestamp": 1764967633315
      },
      {
        "id": "3774367050",
        "price": 89264.05,
        "amount": 0.0079,
        "side": "sell",
        "timestamp": 1764967633315
      },
      {
        "id": "3774367051",
        "price": 89263.74,
        "amount": 0.00007,
        "side": "sell",
        "timestamp": 1764967633315
      },
      {
        "id": "3774367052",
        "price": 89263.72,
        "amount": 0.00018,
        "side": "sell",
        "timestamp": 1764967633315
      },
      {
        "id": "3774367053",
        "price": 89263.71,
        "amount": 0.00006,
        "side": "sell",
        "timestamp": 1764967633315
      },
      {
        "id": "3774367054",
        "price": 89263.49,
        "amount": 0.00309,
        "side": "sell",
        "timestamp": 1764967633315
      },
      {
        "id": "3774367055",
        "price": 89263.39,
        "amount": 0.11207,
        "side": "sell",
        "timestamp": 1764967633424
      },
      {
        "id": "3774367056",
        "price": 89263.4,
        "amount": 0.00012,
        "side": "buy",
        "timestamp": 1764967633742
      },
      {
        "id": "3774367057",
        "price": 89263.39,
        "amount": 0.11207,
        "side": "sell",
        "timestamp": 1764967634468
      },
      {
        "id": "3774367058",
        "price": 89263.39,
        "amount": 0.01035,
        "side": "sell",
        "timestamp": 1764967635015
      },
      {
        "id": "3774367059",
        "price": 89263.38,
        "amount": 0.0009,
        "side": "sell",
        "timestamp": 1764967635015
      },
      {
        "id": "3774367060",
        "price": 89263.02,
        "amount": 0.00012,
        "side": "sell",
        "timestamp": 1764967635015
      },
      {
        "id": "3774367061",
        "price": 89262.69,
        "amount": 0.00016,
        "side": "sell",
        "timestamp": 1764967635015
      },
      {
        "id": "3774367062",
        "price": 89262.1,
        "amount": 0.00006,
        "side": "sell",
        "timestamp": 1764967635015
      },
      {
        "id": "3774367063",
        "price": 89261.98,
        "amount": 0.00018,
        "side": "sell",
        "timestamp": 1764967635015
      },
      {
        "id": "3774367064",
        "price": 89261.55,
        "amount": 0.00018,
        "side": "sell",
        "timestamp": 1764967635015
      },
      {
        "id": "3774367065",
        "price": 89261.54,
        "amount": 0.11207,
        "side": "sell",
        "timestamp": 1764967635614
      },
      {
        "id": "3774367066",
        "price": 89261.54,
        "amount": 0.00201,
        "side": "sell",
        "timestamp": 1764967635914
      },
      {
        "id": "3774367067",
        "price": 89261.54,
        "amount": 0.11502,
        "side": "sell",
        "timestamp": 1764967636315
      },
      {
        "id": "3774367068",
        "price": 89261.53,
        "amount": 0.00123,
        "side": "sell",
        "timestamp": 1764967636315
      },
      {
        "id": "3774367069",
        "price": 89261.49,
        "amount": 0.00006,
        "side": "sell",
        "timestamp": 1764967636315
      },
      {
        "id": "3774367070",
        "price": 89261.48,
        "amount": 0.00544,
        "side": "sell",
        "timestamp": 1764967636374
      },
      {
        "id": "3774367071",
        "price": 89261.49,
        "amount": 0.00137,
        "side": "buy",
        "timestamp": 1764967636462
      }
    ]
  },
  {
    "timestamp": 1764967693080,
    "recordedAt": "2025-12-05T20:48:13.080Z",
    "trades": [
      {
        "id": "3774367632",
        "price": 89182.78,
        "amount": 0.00112,
        "side": "sell",
        "timestamp": 1764967663570
      },
      {
        "id": "3774367633",
        "price": 89182.68,
        "amount": 0.00009,
        "side": "sell",
        "timestamp": 1764967663570
      },
      {
        "id": "3774367634",
        "price": 89182.65,
        "amount": 0.00006,
        "side": "sell",
        "timestamp": 1764967663570
      },
      {
        "id": "3774367635",
        "price": 89182.6,
        "amount": 0.00067,
        "side": "sell",
        "timestamp": 1764967663570
      },
      {
        "id": "3774367636",
        "price": 89182.5,
        "amount": 0.00036,
        "side": "sell",
        "timestamp": 1764967663570
      },
      {
        "id": "3774367637",
        "price": 89182.47,
        "amount": 0.03,
        "side": "sell",
        "timestamp": 1764967663570
      },
      {
        "id": "3774367638",
        "price": 89182.31,
        "amount": 0.00012,
        "side": "sell",
        "timestamp": 1764967663570
      },
      {
        "id": "3774367639",
        "price": 89182.18,
        "amount": 0.00048,
        "side": "sell",
        "timestamp": 1764967663570
      },
      {
        "id": "3774367640",
        "price": 89182.17,
        "amount": 0.0025,
        "side": "sell",
        "timestamp": 1764967663570
      },
      {
        "id": "3774367641",
        "price": 89182.04,
        "amount": 0.00007,
        "side": "sell",
        "timestamp": 1764967663570
      },
      {
        "id": "3774367642",
        "price": 89182,
        "amount": 0.0022,
        "side": "sell",
        "timestamp": 1764967663570
      },
      {
        "id": "3774367643",
        "price": 89181.92,
        "amount": 0.85125,
        "side": "sell",
        "timestamp": 1764967663570
      },
      {
        "id": "3774367644",
        "price": 89181.91,
        "amount": 2.64042,
        "side": "sell",
        "timestamp": 1764967663570
      },
      {
        "id": "3774367645",
        "price": 89181.91,
        "amount": 0.00011,
        "side": "sell",
        "timestamp": 1764967663570
      },
      {
        "id": "3774367646",
        "price": 89181.92,
        "amount": 0.08776,
        "side": "buy",
        "timestamp": 1764967663576
      },
      {
        "id": "3774367647",
        "price": 89181.91,
        "amount": 0.00007,
        "side": "sell",
        "timestamp": 1764967663577
      },
      {
        "id": "3774367648",
        "price": 89181.92,
        "amount": 2.64204,
        "side": "buy",
        "timestamp": 1764967663579
      },
      {
        "id": "3774367649",
        "price": 89181.92,
        "amount": 0.00693,
        "side": "buy",
        "timestamp": 1764967663597
      },
      {
        "id": "3774367650",
        "price": 89181.92,
        "amount": 0.00227,
        "side": "buy",
        "timestamp": 1764967663597
      },
      {
        "id": "3774367651",
        "price": 89181.92,
        "amount": 0.00134,
        "side": "buy",
        "timestamp": 1764967663598
      },
      {
        "id": "3774367652",
        "price": 89181.92,
        "amount": 0.001,
        "side": "buy",
        "timestamp": 1764967663598
      },
      {
        "id": "3774367653",
        "price": 89181.92,
        "amount": 0.01369,
        "side": "buy",
        "timestamp": 1764967663606
      },
      {
        "id": "3774367654",
        "price": 89181.92,
        "amount": 0.32459,
        "side": "buy",
        "timestamp": 1764967663607
      },
      {
        "id": "3774367655",
        "price": 89181.92,
        "amount": 0.00224,
        "side": "buy",
        "timestamp": 1764967663611
      },
      {
        "id": "3774367656",
        "price": 89181.92,
        "amount": 0.003,
        "side": "buy",
        "timestamp": 1764967663620
      },
      {
        "id": "3774367657",
        "price": 89181.92,
        "amount": 0.09587,
        "side": "buy",
        "timestamp": 1764967663638
      },
      {
        "id": "3774367658",
        "price": 89181.92,
        "amount": 0.02028,
        "side": "buy",
        "timestamp": 1764967663652
      },
      {
        "id": "3774367659",
        "price": 89181.92,
        "amount": 0.0336,
        "side": "buy",
        "timestamp": 1764967663659
      },
      {
        "id": "3774367660",
        "price": 89181.92,
        "amount": 0.0336,
        "side": "buy",
        "timestamp": 1764967663666
      },
      {
        "id": "3774367661",
        "price": 89181.92,
        "amount": 0.10488,
        "side": "buy",
        "timestamp": 1764967663673
      },
      {
        "id": "3774367662",
        "price": 89181.92,
        "amount": 0.0336,
        "side": "buy",
        "timestamp": 1764967663673
      },
      {
        "id": "3774367663",
        "price": 89181.92,
        "amount": 0.0336,
        "side": "buy",
        "timestamp": 1764967663680
      },
      {
        "id": "3774367664",
        "price": 89181.92,
        "amount": 0.0336,
        "side": "buy",
        "timestamp": 1764967663686
      },
      {
        "id": "3774367665",
        "price": 89181.91,
        "amount": 0.11216,
        "side": "sell",
        "timestamp": 1764967663686
      },
      {
        "id": "3774367666",
        "price": 89181.92,
        "amount": 0.00215,
        "side": "buy",
        "timestamp": 1764967663699
      },
      {
        "id": "3774367667",
        "price": 89181.92,
        "amount": 0.00259,
        "side": "buy",
        "timestamp": 1764967663699
      },
      {
        "id": "3774367668",
        "price": 89181.92,
        "amount": 0.05155,
        "side": "buy",
        "timestamp": 1764967663704
      },
      {
        "id": "3774367669",
        "price": 89181.92,
        "amount": 0.00134,
        "side": "buy",
        "timestamp": 1764967663718
      },
      {
        "id": "3774367670",
        "price": 89181.92,
        "amount": 0.1134,
        "side": "buy",
        "timestamp": 1764967663742
      },
      {
        "id": "3774367671",
        "price": 89181.92,
        "amount": 0.0966,
        "side": "buy",
        "timestamp": 1764967663774
      },
      {
        "id": "3774367672",
        "price": 89181.92,
        "amount": 0.00124,
        "side": "buy",
        "timestamp": 1764967663775
      },
      {
        "id": "3774367673",
        "price": 89181.92,
        "amount": 0.0949,
        "side": "buy",
        "timestamp": 1764967663807
      },
      {
        "id": "3774367674",
        "price": 89181.92,
        "amount": 0.08556,
        "side": "buy",
        "timestamp": 1764967663838
      },
      {
        "id": "3774367675",
        "price": 89181.92,
        "amount": 0.08658,
        "side": "buy",
        "timestamp": 1764967663874
      },
      {
        "id": "3774367676",
        "price": 89181.92,
        "amount": 0.11731,
        "side": "buy",
        "timestamp": 1764967663915
      },
      {
        "id": "3774367677",
        "price": 89181.92,
        "amount": 0.10628,
        "side": "buy",
        "timestamp": 1764967663950
      },
      {
        "id": "3774367678",
        "price": 89181.92,
        "amount": 0.12902,
        "side": "buy",
        "timestamp": 1764967664015
      },
      {
        "id": "3774367679",
        "price": 89184.48,
        "amount": 0.0234,
        "side": "buy",
        "timestamp": 1764967664159
      },
      {
        "id": "3774367680",
        "price": 89184.48,
        "amount": 0.00011,
        "side": "buy",
        "timestamp": 1764967664422
      },
      {
        "id": "3774367681",
        "price": 89184.47,
        "amount": 0.00009,
        "side": "sell",
        "timestamp": 1764967664529
      }
    ]
  },
  {
    "timestamp": 1764967723072,
    "recordedAt": "2025-12-05T20:48:43.072Z",
    "trades": [
      {
        "id": "3774368157",
        "price": 89235.38,
        "amount": 0.00009,
        "side": "buy",
        "timestamp": 1764967693605
      },
      {
        "id": "3774368158",
        "price": 89235.39,
        "amount": 0.00009,
        "side": "buy",
        "timestamp": 1764967693605
      },
      {
        "id": "3774368159",
        "price": 89236.03,
        "amount": 0.00067,
        "side": "buy",
        "timestamp": 1764967693605
      },
      {
        "id": "3774368160",
        "price": 89236.82,
        "amount": 0.00097,
        "side": "buy",
        "timestamp": 1764967693605
      },
      {
        "id": "3774368161",
        "price": 89236.82,
        "amount": 0.00173,
        "side": "buy",
        "timestamp": 1764967693606
      },
      {
        "id": "3774368162",
        "price": 89237.37,
        "amount": 0.00022,
        "side": "buy",
        "timestamp": 1764967693606
      },
      {
        "id": "3774368163",
        "price": 89238.12,
        "amount": 0.00007,
        "side": "buy",
        "timestamp": 1764967693606
      },
      {
        "id": "3774368164",
        "price": 89238.4,
        "amount": 0.00009,
        "side": "buy",
        "timestamp": 1764967693606
      },
      {
        "id": "3774368165",
        "price": 89238.8,
        "amount": 0.00013,
        "side": "buy",
        "timestamp": 1764967693606
      },
      {
        "id": "3774368166",
        "price": 89238.8,
        "amount": 0.00177,
        "side": "buy",
        "timestamp": 1764967693606
      },
      {
        "id": "3774368167",
        "price": 89239.19,
        "amount": 0.00018,
        "side": "buy",
        "timestamp": 1764967693606
      },
      {
        "id": "3774368168",
        "price": 89239.2,
        "amount": 0.00029,
        "side": "buy",
        "timestamp": 1764967693606
      },
      {
        "id": "3774368169",
        "price": 89239.2,
        "amount": 0.00224,
        "side": "buy",
        "timestamp": 1764967693606
      },
      {
        "id": "3774368170",
        "price": 89239.2,
        "amount": 0.00096,
        "side": "buy",
        "timestamp": 1764967693606
      },
      {
        "id": "3774368171",
        "price": 89239.2,
        "amount": 0.0332,
        "side": "buy",
        "timestamp": 1764967693607
      },
      {
        "id": "3774368172",
        "price": 89239.2,
        "amount": 0.00611,
        "side": "buy",
        "timestamp": 1764967693607
      },
      {
        "id": "3774368173",
        "price": 89239.4,
        "amount": 0.00012,
        "side": "buy",
        "timestamp": 1764967693607
      },
      {
        "id": "3774368174",
        "price": 89239.71,
        "amount": 0.0009,
        "side": "buy",
        "timestamp": 1764967693607
      },
      {
        "id": "3774368175",
        "price": 89239.8,
        "amount": 0.00006,
        "side": "buy",
        "timestamp": 1764967693607
      },
      {
        "id": "3774368176",
        "price": 89239.85,
        "amount": 0.00018,
        "side": "buy",
        "timestamp": 1764967693607
      },
      {
        "id": "3774368177",
        "price": 89239.92,
        "amount": 0.00006,
        "side": "buy",
        "timestamp": 1764967693607
      },
      {
        "id": "3774368178",
        "price": 89240,
        "amount": 0.00006,
        "side": "buy",
        "timestamp": 1764967693607
      },
      {
        "id": "3774368179",
        "price": 89240.75,
        "amount": 0.00048,
        "side": "buy",
        "timestamp": 1764967693607
      },
      {
        "id": "3774368180",
        "price": 89240.9,
        "amount": 0.00048,
        "side": "buy",
        "timestamp": 1764967693607
      },
      {
        "id": "3774368181",
        "price": 89241.04,
        "amount": 0.00007,
        "side": "buy",
        "timestamp": 1764967693607
      },
      {
        "id": "3774368182",
        "price": 89241.78,
        "amount": 0.00007,
        "side": "buy",
        "timestamp": 1764967693607
      },
      {
        "id": "3774368183",
        "price": 89241.8,
        "amount": 0.00012,
        "side": "buy",
        "timestamp": 1764967693607
      },
      {
        "id": "3774368184",
        "price": 89243.08,
        "amount": 0.003,
        "side": "buy",
        "timestamp": 1764967693607
      },
      {
        "id": "3774368185",
        "price": 89243.32,
        "amount": 0.00006,
        "side": "buy",
        "timestamp": 1764967693607
      },
      {
        "id": "3774368186",
        "price": 89243.98,
        "amount": 0.00018,
        "side": "buy",
        "timestamp": 1764967693607
      },
      {
        "id": "3774368187",
        "price": 89243.99,
        "amount": 0.00991,
        "side": "buy",
        "timestamp": 1764967693607
      },
      {
        "id": "3774368188",
        "price": 89243.99,
        "amount": 0.0011,
        "side": "buy",
        "timestamp": 1764967693607
      },
      {
        "id": "3774368189",
        "price": 89243.99,
        "amount": 0.00113,
        "side": "buy",
        "timestamp": 1764967693609
      },
      {
        "id": "3774368190",
        "price": 89243.99,
        "amount": 0.00224,
        "side": "buy",
        "timestamp": 1764967693610
      },
      {
        "id": "3774368191",
        "price": 89243.99,
        "amount": 0.00224,
        "side": "buy",
        "timestamp": 1764967693615
      },
      {
        "id": "3774368192",
        "price": 89243.99,
        "amount": 0.01049,
        "side": "buy",
        "timestamp": 1764967693615
      },
      {
        "id": "3774368193",
        "price": 89243.99,
        "amount": 0.00112,
        "side": "buy",
        "timestamp": 1764967693615
      },
      {
        "id": "3774368194",
        "price": 89243.99,
        "amount": 0.00224,
        "side": "buy",
        "timestamp": 1764967693617
      },
      {
        "id": "3774368195",
        "price": 89243.99,
        "amount": 0.00167,
        "side": "buy",
        "timestamp": 1764967693619
      },
      {
        "id": "3774368196",
        "price": 89243.99,
        "amount": 0.00224,
        "side": "buy",
        "timestamp": 1764967693623
      },
      {
        "id": "3774368197",
        "price": 89243.99,
        "amount": 0.00224,
        "side": "buy",
        "timestamp": 1764967693624
      },
      {
        "id": "3774368198",
        "price": 89243.99,
        "amount": 0.00224,
        "side": "buy",
        "timestamp": 1764967693624
      },
      {
        "id": "3774368199",
        "price": 89243.99,
        "amount": 0.00225,
        "side": "buy",
        "timestamp": 1764967693628
      },
      {
        "id": "3774368200",
        "price": 89243.99,
        "amount": 0.005,
        "side": "buy",
        "timestamp": 1764967693648
      },
      {
        "id": "3774368201",
        "price": 89243.98,
        "amount": 0.1121,
        "side": "sell",
        "timestamp": 1764967693720
      },
      {
        "id": "3774368202",
        "price": 89243.98,
        "amount": 0.00215,
        "side": "sell",
        "timestamp": 1764967693760
      },
      {
        "id": "3774368203",
        "price": 89243.99,
        "amount": 0.00055,
        "side": "buy",
        "timestamp": 1764967693864
      },
      {
        "id": "3774368204",
        "price": 89243.98,
        "amount": 0.03824,
        "side": "sell",
        "timestamp": 1764967694232
      },
      {
        "id": "3774368205",
        "price": 89243.99,
        "amount": 0.00033,
        "side": "buy",
        "timestamp": 1764967694371
      },
      {
        "id": "3774368206",
        "price": 89243.98,
        "amount": 0.1121,
        "side": "sell",
        "timestamp": 1764967694761
      }
    ]
  },
  {
    "timestamp": 1764967753072,
    "recordedAt": "2025-12-05T20:49:13.072Z",
    "trades": [
      {
        "id": "3774368637",
        "price": 89244.65,
        "amount": 0.00006,
        "side": "sell",
        "timestamp": 1764967715434
      },
      {
        "id": "3774368638",
        "price": 89244.54,
        "amount": 0.00006,
        "side": "sell",
        "timestamp": 1764967715434
      },
      {
        "id": "3774368639",
        "price": 89244.27,
        "amount": 0.00006,
        "side": "sell",
        "timestamp": 1764967715434
      },
      {
        "id": "3774368640",
        "price": 89244.01,
        "amount": 0.00025,
        "side": "sell",
        "timestamp": 1764967715434
      },
      {
        "id": "3774368641",
        "price": 89244.01,
        "amount": 0.00189,
        "side": "sell",
        "timestamp": 1764967715444
      },
      {
        "id": "3774368642",
        "price": 89244,
        "amount": 0.00126,
        "side": "sell",
        "timestamp": 1764967715444
      },
      {
        "id": "3774368643",
        "price": 89243.99,
        "amount": 0.00185,
        "side": "sell",
        "timestamp": 1764967715455
      },
      {
        "id": "3774368644",
        "price": 89243.98,
        "amount": 0.00126,
        "side": "sell",
        "timestamp": 1764967715455
      },
      {
        "id": "3774368645",
        "price": 89243.97,
        "amount": 0.00018,
        "side": "sell",
        "timestamp": 1764967715455
      },
      {
        "id": "3774368646",
        "price": 89243.96,
        "amount": 0.00009,
        "side": "sell",
        "timestamp": 1764967715455
      },
      {
        "id": "3774368647",
        "price": 89243.95,
        "amount": 0.00009,
        "side": "sell",
        "timestamp": 1764967715455
      },
      {
        "id": "3774368648",
        "price": 89243.14,
        "amount": 0.00861,
        "side": "sell",
        "timestamp": 1764967715567
      },
      {
        "id": "3774368649",
        "price": 89243.14,
        "amount": 0.00084,
        "side": "sell",
        "timestamp": 1764967715569
      },
      {
        "id": "3774368650",
        "price": 89243.13,
        "amount": 0.00102,
        "side": "sell",
        "timestamp": 1764967715569
      },
      {
        "id": "3774368651",
        "price": 89241.94,
        "amount": 0.00018,
        "side": "sell",
        "timestamp": 1764967715569
      },
      {
        "id": "3774368652",
        "price": 89241.9,
        "amount": 0.00008,
        "side": "sell",
        "timestamp": 1764967715739
      },
      {
        "id": "3774368653",
        "price": 89241.91,
        "amount": 0.001,
        "side": "buy",
        "timestamp": 1764967715948
      },
      {
        "id": "3774368654",
        "price": 89241.91,
        "amount": 0.05219,
        "side": "buy",
        "timestamp": 1764967716245
      },
      {
        "id": "3774368655",
        "price": 89241.91,
        "amount": 0.00006,
        "side": "buy",
        "timestamp": 1764967716446
      },
      {
        "id": "3774368656",
        "price": 89241.9,
        "amount": 0.11211,
        "side": "sell",
        "timestamp": 1764967716556
      },
      {
        "id": "3774368657",
        "price": 89241.91,
        "amount": 0.00135,
        "side": "buy",
        "timestamp": 1764967717202
      },
      {
        "id": "3774368658",
        "price": 89241.91,
        "amount": 0.00016,
        "side": "buy",
        "timestamp": 1764967717223
      },
      {
        "id": "3774368659",
        "price": 89241.91,
        "amount": 0.01826,
        "side": "buy",
        "timestamp": 1764967717365
      },
      {
        "id": "3774368660",
        "price": 89243.15,
        "amount": 0.00802,
        "side": "buy",
        "timestamp": 1764967717365
      },
      {
        "id": "3774368661",
        "price": 89243.49,
        "amount": 0.00006,
        "side": "buy",
        "timestamp": 1764967717365
      },
      {
        "id": "3774368662",
        "price": 89244.54,
        "amount": 0.00006,
        "side": "buy",
        "timestamp": 1764967717365
      },
      {
        "id": "3774368663",
        "price": 89244.89,
        "amount": 0.00006,
        "side": "buy",
        "timestamp": 1764967717365
      },
      {
        "id": "3774368664",
        "price": 89244.89,
        "amount": 0.1121,
        "side": "sell",
        "timestamp": 1764967717716
      },
      {
        "id": "3774368665",
        "price": 89244.9,
        "amount": 0.00996,
        "side": "buy",
        "timestamp": 1764967717824
      },
      {
        "id": "3774368666",
        "price": 89244.9,
        "amount": 0.006,
        "side": "buy",
        "timestamp": 1764967717881
      },
      {
        "id": "3774368667",
        "price": 89244.9,
        "amount": 0.0056,
        "side": "buy",
        "timestamp": 1764967718465
      },
      {
        "id": "3774368668",
        "price": 89244.89,
        "amount": 0.00174,
        "side": "sell",
        "timestamp": 1764967718571
      },
      {
        "id": "3774368669",
        "price": 89244.89,
        "amount": 0.17006,
        "side": "sell",
        "timestamp": 1764967718575
      },
      {
        "id": "3774368670",
        "price": 89244.89,
        "amount": 0.1121,
        "side": "sell",
        "timestamp": 1764967718716
      },
      {
        "id": "3774368671",
        "price": 89244.89,
        "amount": 0.1121,
        "side": "sell",
        "timestamp": 1764967719817
      },
      {
        "id": "3774368672",
        "price": 89244.89,
        "amount": 0.011,
        "side": "sell",
        "timestamp": 1764967719952
      },
      {
        "id": "3774368673",
        "price": 89244.89,
        "amount": 0.14456,
        "side": "sell",
        "timestamp": 1764967720580
      },
      {
        "id": "3774368674",
        "price": 89244.89,
        "amount": 0.1121,
        "side": "sell",
        "timestamp": 1764967721116
      },
      {
        "id": "3774368675",
        "price": 89244.9,
        "amount": 0.0001,
        "side": "buy",
        "timestamp": 1764967721306
      },
      {
        "id": "3774368676",
        "price": 89244.9,
        "amount": 0.0022,
        "side": "buy",
        "timestamp": 1764967721419
      },
      {
        "id": "3774368677",
        "price": 89244.9,
        "amount": 0.0008,
        "side": "buy",
        "timestamp": 1764967721920
      },
      {
        "id": "3774368678",
        "price": 89244.9,
        "amount": 0.001,
        "side": "buy",
        "timestamp": 1764967722168
      },
      {
        "id": "3774368679",
        "price": 89244.89,
        "amount": 0.1121,
        "side": "sell",
        "timestamp": 1764967722216
      },
      {
        "id": "3774368680",
        "price": 89244.9,
        "amount": 0.00018,
        "side": "buy",
        "timestamp": 1764967722576
      },
      {
        "id": "3774368681",
        "price": 89244.89,
        "amount": 0.00015,
        "side": "sell",
        "timestamp": 1764967722702
      },
      {
        "id": "3774368682",
        "price": 89244.9,
        "amount": 0.00098,
        "side": "buy",
        "timestamp": 1764967722706
      },
      {
        "id": "3774368683",
        "price": 89244.89,
        "amount": 0.1121,
        "side": "sell",
        "timestamp": 1764967723247
      },
      {
        "id": "3774368684",
        "price": 89244.89,
        "amount": 0.21453,
        "side": "sell",
        "timestamp": 1764967723573
      },
      {
        "id": "3774368685",
        "price": 89244.9,
        "amount": 0.0001,
        "side": "buy",
        "timestamp": 1764967723595
      },
      {
        "id": "3774368686",
        "price": 89244.9,
        "amount": 0.00138,
        "side": "buy",
        "timestamp": 1764967723671
      }
    ]
  },
  {
    "timestamp": 1764967783066,
    "recordedAt": "2025-12-05T20:49:43.066Z",
    "trades": [
      {
        "id": "3774369005",
        "price": 89246.9,
        "amount": 0.00224,
        "side": "buy",
        "timestamp": 1764967751747
      },
      {
        "id": "3774369006",
        "price": 89246.9,
        "amount": 0.00224,
        "side": "buy",
        "timestamp": 1764967751747
      },
      {
        "id": "3774369007",
        "price": 89246.9,
        "amount": 0.00224,
        "side": "buy",
        "timestamp": 1764967751747
      },
      {
        "id": "3774369008",
        "price": 89246.9,
        "amount": 0.00224,
        "side": "buy",
        "timestamp": 1764967751748
      },
      {
        "id": "3774369009",
        "price": 89246.9,
        "amount": 0.00224,
        "side": "buy",
        "timestamp": 1764967751748
      },
      {
        "id": "3774369010",
        "price": 89246.9,
        "amount": 0.00224,
        "side": "buy",
        "timestamp": 1764967751749
      },
      {
        "id": "3774369011",
        "price": 89246.9,
        "amount": 0.00112,
        "side": "buy",
        "timestamp": 1764967751750
      },
      {
        "id": "3774369012",
        "price": 89246.9,
        "amount": 0.0284,
        "side": "buy",
        "timestamp": 1764967751765
      },
      {
        "id": "3774369013",
        "price": 89246.91,
        "amount": 0.00012,
        "side": "buy",
        "timestamp": 1764967751765
      },
      {
        "id": "3774369014",
        "price": 89246.95,
        "amount": 0.00006,
        "side": "buy",
        "timestamp": 1764967751765
      },
      {
        "id": "3774369015",
        "price": 89247.34,
        "amount": 0.00006,
        "side": "buy",
        "timestamp": 1764967751765
      },
      {
        "id": "3774369016",
        "price": 89247.7,
        "amount": 0.00006,
        "side": "buy",
        "timestamp": 1764967751765
      },
      {
        "id": "3774369017",
        "price": 89247.83,
        "amount": 0.00018,
        "side": "buy",
        "timestamp": 1764967751765
      },
      {
        "id": "3774369018",
        "price": 89247.83,
        "amount": 0.11209,
        "side": "sell",
        "timestamp": 1764967751916
      },
      {
        "id": "3774369019",
        "price": 89247.83,
        "amount": 0.00052,
        "side": "sell",
        "timestamp": 1764967752085
      },
      {
        "id": "3774369020",
        "price": 89247.83,
        "amount": 0.0001,
        "side": "sell",
        "timestamp": 1764967752135
      },
      {
        "id": "3774369021",
        "price": 89247.84,
        "amount": 0.0004,
        "side": "buy",
        "timestamp": 1764967752311
      },
      {
        "id": "3774369022",
        "price": 89247.83,
        "amount": 0.00135,
        "side": "sell",
        "timestamp": 1764967752593
      },
      {
        "id": "3774369023",
        "price": 89247.84,
        "amount": 0.00035,
        "side": "buy",
        "timestamp": 1764967752647
      },
      {
        "id": "3774369024",
        "price": 89247.83,
        "amount": 0.00014,
        "side": "sell",
        "timestamp": 1764967752664
      },
      {
        "id": "3774369025",
        "price": 89247.84,
        "amount": 0.01505,
        "side": "buy",
        "timestamp": 1764967752665
      },
      {
        "id": "3774369026",
        "price": 89247.85,
        "amount": 0.00036,
        "side": "buy",
        "timestamp": 1764967752665
      },
      {
        "id": "3774369027",
        "price": 89247.88,
        "amount": 0.00067,
        "side": "buy",
        "timestamp": 1764967752665
      },
      {
        "id": "3774369028",
        "price": 89247.89,
        "amount": 0.00006,
        "side": "buy",
        "timestamp": 1764967752665
      },
      {
        "id": "3774369029",
        "price": 89248.07,
        "amount": 0.00018,
        "side": "buy",
        "timestamp": 1764967752665
      },
      {
        "id": "3774369030",
        "price": 89248.08,
        "amount": 0.01281,
        "side": "buy",
        "timestamp": 1764967752665
      },
      {
        "id": "3774369031",
        "price": 89248.16,
        "amount": 0.003,
        "side": "buy",
        "timestamp": 1764967752665
      },
      {
        "id": "3774369032",
        "price": 89248.3,
        "amount": 0.00006,
        "side": "buy",
        "timestamp": 1764967752665
      },
      {
        "id": "3774369033",
        "price": 89248.64,
        "amount": 0.00006,
        "side": "buy",
        "timestamp": 1764967752665
      },
      {
        "id": "3774369034",
        "price": 89248.87,
        "amount": 0.00006,
        "side": "buy",
        "timestamp": 1764967752665
      },
      {
        "id": "3774369035",
        "price": 89249.16,
        "amount": 0.00006,
        "side": "buy",
        "timestamp": 1764967752665
      },
      {
        "id": "3774369036",
        "price": 89249.2,
        "amount": 0.00006,
        "side": "buy",
        "timestamp": 1764967752665
      },
      {
        "id": "3774369037",
        "price": 89250.21,
        "amount": 0.00006,
        "side": "buy",
        "timestamp": 1764967752665
      },
      {
        "id": "3774369038",
        "price": 89250.4,
        "amount": 0.00006,
        "side": "buy",
        "timestamp": 1764967752665
      },
      {
        "id": "3774369039",
        "price": 89251.34,
        "amount": 0.00006,
        "side": "buy",
        "timestamp": 1764967752665
      },
      {
        "id": "3774369040",
        "price": 89251.43,
        "amount": 0.00006,
        "side": "buy",
        "timestamp": 1764967752665
      },
      {
        "id": "3774369041",
        "price": 89251.46,
        "amount": 0.00018,
        "side": "buy",
        "timestamp": 1764967752665
      },
      {
        "id": "3774369042",
        "price": 89251.47,
        "amount": 0.05928,
        "side": "buy",
        "timestamp": 1764967752665
      },
      {
        "id": "3774369043",
        "price": 89251.85,
        "amount": 0.00045,
        "side": "buy",
        "timestamp": 1764967752665
      },
      {
        "id": "3774369044",
        "price": 89251.89,
        "amount": 0.00006,
        "side": "buy",
        "timestamp": 1764967752665
      },
      {
        "id": "3774369045",
        "price": 89252.76,
        "amount": 0.00007,
        "side": "buy",
        "timestamp": 1764967752665
      },
      {
        "id": "3774369046",
        "price": 89253.04,
        "amount": 0.00006,
        "side": "buy",
        "timestamp": 1764967752665
      },
      {
        "id": "3774369047",
        "price": 89253.38,
        "amount": 0.00149,
        "side": "buy",
        "timestamp": 1764967752665
      },
      {
        "id": "3774369048",
        "price": 89253.69,
        "amount": 0.00018,
        "side": "buy",
        "timestamp": 1764967752665
      },
      {
        "id": "3774369049",
        "price": 89253.7,
        "amount": 0.00112,
        "side": "buy",
        "timestamp": 1764967752786
      },
      {
        "id": "3774369050",
        "price": 89253.69,
        "amount": 0.11209,
        "side": "sell",
        "timestamp": 1764967752916
      },
      {
        "id": "3774369051",
        "price": 89253.69,
        "amount": 0.00023,
        "side": "sell",
        "timestamp": 1764967752999
      },
      {
        "id": "3774369052",
        "price": 89253.7,
        "amount": 0.00033,
        "side": "buy",
        "timestamp": 1764967753651
      },
      {
        "id": "3774369053",
        "price": 89253.69,
        "amount": 0.00226,
        "side": "sell",
        "timestamp": 1764967753837
      },
      {
        "id": "3774369054",
        "price": 89253.69,
        "amount": 0.11209,
        "side": "sell",
        "timestamp": 1764967754191
      }
    ]
  },
  {
    "timestamp": 1764967813071,
    "recordedAt": "2025-12-05T20:50:13.071Z",
    "trades": [
      {
        "id": "3774369414",
        "price": 89273.24,
        "amount": 0.0128,
        "side": "buy",
        "timestamp": 1764967777865
      },
      {
        "id": "3774369415",
        "price": 89273.83,
        "amount": 0.00018,
        "side": "buy",
        "timestamp": 1764967777865
      },
      {
        "id": "3774369416",
        "price": 89273.84,
        "amount": 0.00112,
        "side": "buy",
        "timestamp": 1764967778096
      },
      {
        "id": "3774369417",
        "price": 89273.84,
        "amount": 0.00224,
        "side": "buy",
        "timestamp": 1764967778096
      },
      {
        "id": "3774369418",
        "price": 89273.84,
        "amount": 0.00224,
        "side": "buy",
        "timestamp": 1764967778096
      },
      {
        "id": "3774369419",
        "price": 89273.84,
        "amount": 0.00224,
        "side": "buy",
        "timestamp": 1764967778096
      },
      {
        "id": "3774369420",
        "price": 89273.84,
        "amount": 0.00224,
        "side": "buy",
        "timestamp": 1764967778097
      },
      {
        "id": "3774369421",
        "price": 89273.84,
        "amount": 0.00224,
        "side": "buy",
        "timestamp": 1764967778097
      },
      {
        "id": "3774369422",
        "price": 89273.84,
        "amount": 0.00224,
        "side": "buy",
        "timestamp": 1764967778097
      },
      {
        "id": "3774369423",
        "price": 89273.84,
        "amount": 0.005,
        "side": "buy",
        "timestamp": 1764967778098
      },
      {
        "id": "3774369424",
        "price": 89273.83,
        "amount": 0.11206,
        "side": "sell",
        "timestamp": 1764967778116
      },
      {
        "id": "3774369425",
        "price": 89273.84,
        "amount": 0.00131,
        "side": "buy",
        "timestamp": 1764967778392
      },
      {
        "id": "3774369426",
        "price": 89273.83,
        "amount": 0.11206,
        "side": "sell",
        "timestamp": 1764967779366
      },
      {
        "id": "3774369427",
        "price": 89273.83,
        "amount": 0.00079,
        "side": "sell",
        "timestamp": 1764967779854
      },
      {
        "id": "3774369428",
        "price": 89273.84,
        "amount": 0.00022,
        "side": "buy",
        "timestamp": 1764967779977
      },
      {
        "id": "3774369429",
        "price": 89273.83,
        "amount": 0.00366,
        "side": "sell",
        "timestamp": 1764967780163
      },
      {
        "id": "3774369430",
        "price": 89273.83,
        "amount": 0.11206,
        "side": "sell",
        "timestamp": 1764967780359
      },
      {
        "id": "3774369431",
        "price": 89273.84,
        "amount": 0.00013,
        "side": "buy",
        "timestamp": 1764967780980
      },
      {
        "id": "3774369432",
        "price": 89273.83,
        "amount": 0.11206,
        "side": "sell",
        "timestamp": 1764967781298
      },
      {
        "id": "3774369433",
        "price": 89273.83,
        "amount": 0.00454,
        "side": "sell",
        "timestamp": 1764967781493
      },
      {
        "id": "3774369434",
        "price": 89273.84,
        "amount": 0.02808,
        "side": "buy",
        "timestamp": 1764967782115
      },
      {
        "id": "3774369435",
        "price": 89273.85,
        "amount": 0.00012,
        "side": "buy",
        "timestamp": 1764967782115
      },
      {
        "id": "3774369436",
        "price": 89273.89,
        "amount": 0.00024,
        "side": "buy",
        "timestamp": 1764967782115
      },
      {
        "id": "3774369437",
        "price": 89273.9,
        "amount": 0.05426,
        "side": "buy",
        "timestamp": 1764967782115
      },
      {
        "id": "3774369438",
        "price": 89274.19,
        "amount": 0.00006,
        "side": "buy",
        "timestamp": 1764967782115
      },
      {
        "id": "3774369439",
        "price": 89274.64,
        "amount": 0.00006,
        "side": "buy",
        "timestamp": 1764967782115
      },
      {
        "id": "3774369440",
        "price": 89274.72,
        "amount": 0.00007,
        "side": "buy",
        "timestamp": 1764967782115
      },
      {
        "id": "3774369441",
        "price": 89274.87,
        "amount": 0.00006,
        "side": "buy",
        "timestamp": 1764967782115
      },
      {
        "id": "3774369442",
        "price": 89275.06,
        "amount": 0.00067,
        "side": "buy",
        "timestamp": 1764967782115
      },
      {
        "id": "3774369443",
        "price": 89275.24,
        "amount": 0.00006,
        "side": "buy",
        "timestamp": 1764967782115
      },
      {
        "id": "3774369444",
        "price": 89275.77,
        "amount": 0.00006,
        "side": "buy",
        "timestamp": 1764967782115
      },
      {
        "id": "3774369445",
        "price": 89276.1,
        "amount": 0.0002,
        "side": "buy",
        "timestamp": 1764967782115
      },
      {
        "id": "3774369446",
        "price": 89276.14,
        "amount": 0.00006,
        "side": "buy",
        "timestamp": 1764967782115
      },
      {
        "id": "3774369447",
        "price": 89276.88,
        "amount": 0.00019,
        "side": "buy",
        "timestamp": 1764967782115
      },
      {
        "id": "3774369448",
        "price": 89277.34,
        "amount": 0.00006,
        "side": "buy",
        "timestamp": 1764967782115
      },
      {
        "id": "3774369449",
        "price": 89277.6,
        "amount": 0.00006,
        "side": "buy",
        "timestamp": 1764967782115
      },
      {
        "id": "3774369450",
        "price": 89277.73,
        "amount": 0.00016,
        "side": "buy",
        "timestamp": 1764967782115
      },
      {
        "id": "3774369451",
        "price": 89278.19,
        "amount": 0.003,
        "side": "buy",
        "timestamp": 1764967782115
      },
      {
        "id": "3774369452",
        "price": 89278.38,
        "amount": 0.00007,
        "side": "buy",
        "timestamp": 1764967782115
      },
      {
        "id": "3774369453",
        "price": 89279.88,
        "amount": 0.26459,
        "side": "buy",
        "timestamp": 1764967782115
      },
      {
        "id": "3774369454",
        "price": 89279.88,
        "amount": 0.11206,
        "side": "sell",
        "timestamp": 1764967782317
      },
      {
        "id": "3774369455",
        "price": 89279.89,
        "amount": 0.01,
        "side": "buy",
        "timestamp": 1764967782393
      },
      {
        "id": "3774369456",
        "price": 89279.88,
        "amount": 0.00704,
        "side": "sell",
        "timestamp": 1764967783012
      },
      {
        "id": "3774369457",
        "price": 89279.88,
        "amount": 0.00021,
        "side": "sell",
        "timestamp": 1764967783027
      },
      {
        "id": "3774369458",
        "price": 89279.88,
        "amount": 0.11206,
        "side": "sell",
        "timestamp": 1764967783442
      },
      {
        "id": "3774369459",
        "price": 89279.88,
        "amount": 0.0041,
        "side": "sell",
        "timestamp": 1764967783891
      },
      {
        "id": "3774369460",
        "price": 89279.88,
        "amount": 0.0041,
        "side": "sell",
        "timestamp": 1764967783899
      },
      {
        "id": "3774369461",
        "price": 89279.88,
        "amount": 0.0041,
        "side": "sell",
        "timestamp": 1764967783906
      },
      {
        "id": "3774369462",
        "price": 89279.88,
        "amount": 0.00409,
        "side": "sell",
        "timestamp": 1764967783998
      },
      {
        "id": "3774369463",
        "price": 89279.89,
        "amount": 0.00066,
        "side": "buy",
        "timestamp": 1764967784083
      }
    ]
  },
  {
    "timestamp": 1764967843075,
    "recordedAt": "2025-12-05T20:50:43.075Z",
    "trades": [
      {
        "id": "3774370152",
        "price": 89245.27,
        "amount": 0.00224,
        "side": "buy",
        "timestamp": 1764967810194
      },
      {
        "id": "3774370153",
        "price": 89245.27,
        "amount": 0.00107,
        "side": "buy",
        "timestamp": 1764967810196
      },
      {
        "id": "3774370154",
        "price": 89245.27,
        "amount": 0.007,
        "side": "buy",
        "timestamp": 1764967810215
      },
      {
        "id": "3774370155",
        "price": 89245.28,
        "amount": 0.00024,
        "side": "buy",
        "timestamp": 1764967810215
      },
      {
        "id": "3774370156",
        "price": 89246.26,
        "amount": 0.003,
        "side": "buy",
        "timestamp": 1764967810215
      },
      {
        "id": "3774370157",
        "price": 89247.07,
        "amount": 0.00006,
        "side": "buy",
        "timestamp": 1764967810215
      },
      {
        "id": "3774370158",
        "price": 89249.16,
        "amount": 0.00006,
        "side": "buy",
        "timestamp": 1764967810215
      },
      {
        "id": "3774370159",
        "price": 89250.04,
        "amount": 0.00113,
        "side": "buy",
        "timestamp": 1764967810215
      },
      {
        "id": "3774370160",
        "price": 89250.2,
        "amount": 0.00007,
        "side": "buy",
        "timestamp": 1764967810215
      },
      {
        "id": "3774370161",
        "price": 89250.28,
        "amount": 0.00012,
        "side": "buy",
        "timestamp": 1764967810215
      },
      {
        "id": "3774370162",
        "price": 89250.28,
        "amount": 0.11209,
        "side": "sell",
        "timestamp": 1764967810317
      },
      {
        "id": "3774370163",
        "price": 89250.28,
        "amount": 0.011,
        "side": "sell",
        "timestamp": 1764967811473
      },
      {
        "id": "3774370164",
        "price": 89250.28,
        "amount": 0.11209,
        "side": "sell",
        "timestamp": 1764967811517
      },
      {
        "id": "3774370165",
        "price": 89250.29,
        "amount": 0.00016,
        "side": "buy",
        "timestamp": 1764967812460
      },
      {
        "id": "3774370166",
        "price": 89250.29,
        "amount": 0.00012,
        "side": "buy",
        "timestamp": 1764967812491
      },
      {
        "id": "3774370167",
        "price": 89250.28,
        "amount": 0.11209,
        "side": "sell",
        "timestamp": 1764967812616
      },
      {
        "id": "3774370168",
        "price": 89250.28,
        "amount": 0.13715,
        "side": "sell",
        "timestamp": 1764967813018
      },
      {
        "id": "3774370169",
        "price": 89250.28,
        "amount": 0.02438,
        "side": "sell",
        "timestamp": 1764967813020
      },
      {
        "id": "3774370170",
        "price": 89250.28,
        "amount": 0.02241,
        "side": "sell",
        "timestamp": 1764967813046
      },
      {
        "id": "3774370171",
        "price": 89250.28,
        "amount": 0.01186,
        "side": "sell",
        "timestamp": 1764967813065
      },
      {
        "id": "3774370172",
        "price": 89250.27,
        "amount": 0.00096,
        "side": "sell",
        "timestamp": 1764967813065
      },
      {
        "id": "3774370173",
        "price": 89250.23,
        "amount": 0.00006,
        "side": "sell",
        "timestamp": 1764967813065
      },
      {
        "id": "3774370174",
        "price": 89249.93,
        "amount": 0.00006,
        "side": "sell",
        "timestamp": 1764967813065
      },
      {
        "id": "3774370175",
        "price": 89249.77,
        "amount": 0.00006,
        "side": "sell",
        "timestamp": 1764967813065
      },
      {
        "id": "3774370176",
        "price": 89249.48,
        "amount": 0.00006,
        "side": "sell",
        "timestamp": 1764967813065
      },
      {
        "id": "3774370177",
        "price": 89249.16,
        "amount": 0.00006,
        "side": "sell",
        "timestamp": 1764967813065
      },
      {
        "id": "3774370178",
        "price": 89248.88,
        "amount": 0.00006,
        "side": "sell",
        "timestamp": 1764967813065
      },
      {
        "id": "3774370179",
        "price": 89247.98,
        "amount": 0.00006,
        "side": "sell",
        "timestamp": 1764967813065
      },
      {
        "id": "3774370180",
        "price": 89246.78,
        "amount": 0.00006,
        "side": "sell",
        "timestamp": 1764967813065
      },
      {
        "id": "3774370181",
        "price": 89246.43,
        "amount": 0.00018,
        "side": "sell",
        "timestamp": 1764967813065
      },
      {
        "id": "3774370182",
        "price": 89246.06,
        "amount": 0.00006,
        "side": "sell",
        "timestamp": 1764967813065
      },
      {
        "id": "3774370183",
        "price": 89245.43,
        "amount": 0.00018,
        "side": "sell",
        "timestamp": 1764967813065
      },
      {
        "id": "3774370184",
        "price": 89245.43,
        "amount": 0.00009,
        "side": "buy",
        "timestamp": 1764967813656
      },
      {
        "id": "3774370185",
        "price": 89245.42,
        "amount": 0.1121,
        "side": "sell",
        "timestamp": 1764967813663
      },
      {
        "id": "3774370186",
        "price": 89245.42,
        "amount": 0.0001,
        "side": "sell",
        "timestamp": 1764967813923
      },
      {
        "id": "3774370187",
        "price": 89245.42,
        "amount": 0.0041,
        "side": "sell",
        "timestamp": 1764967814286
      },
      {
        "id": "3774370188",
        "price": 89245.42,
        "amount": 0.00429,
        "side": "sell",
        "timestamp": 1764967814289
      },
      {
        "id": "3774370189",
        "price": 89245.42,
        "amount": 0.0138,
        "side": "sell",
        "timestamp": 1764967814296
      },
      {
        "id": "3774370190",
        "price": 89245.42,
        "amount": 0.00364,
        "side": "sell",
        "timestamp": 1764967814303
      },
      {
        "id": "3774370191",
        "price": 89245.42,
        "amount": 0.00843,
        "side": "sell",
        "timestamp": 1764967814311
      },
      {
        "id": "3774370192",
        "price": 89245.43,
        "amount": 0.01922,
        "side": "buy",
        "timestamp": 1764967814378
      },
      {
        "id": "3774370193",
        "price": 89245.42,
        "amount": 0.02632,
        "side": "sell",
        "timestamp": 1764967814577
      },
      {
        "id": "3774370194",
        "price": 89245.42,
        "amount": 0.1121,
        "side": "sell",
        "timestamp": 1764967814716
      },
      {
        "id": "3774370195",
        "price": 89245.42,
        "amount": 0.00119,
        "side": "sell",
        "timestamp": 1764967814750
      },
      {
        "id": "3774370196",
        "price": 89245.42,
        "amount": 0.00259,
        "side": "sell",
        "timestamp": 1764967815574
      },
      {
        "id": "3774370197",
        "price": 89245.43,
        "amount": 0.00039,
        "side": "buy",
        "timestamp": 1764967815595
      },
      {
        "id": "3774370198",
        "price": 89245.43,
        "amount": 0.00066,
        "side": "buy",
        "timestamp": 1764967815603
      },
      {
        "id": "3774370199",
        "price": 89245.42,
        "amount": 0.1121,
        "side": "sell",
        "timestamp": 1764967815694
      },
      {
        "id": "3774370200",
        "price": 89245.43,
        "amount": 0.00196,
        "side": "buy",
        "timestamp": 1764967815725
      },
      {
        "id": "3774370201",
        "price": 89245.42,
        "amount": 0.003,
        "side": "sell",
        "timestamp": 1764967815775
      }
    ]
  },
  {
    "timestamp": 1764967873062,
    "recordedAt": "2025-12-05T20:51:13.062Z",
    "trades": [
      {
        "id": "3774370723",
        "price": 89247.29,
        "amount": 0.1121,
        "side": "sell",
        "timestamp": 1764967835360
      },
      {
        "id": "3774370724",
        "price": 89247.29,
        "amount": 0.00027,
        "side": "sell",
        "timestamp": 1764967835498
      },
      {
        "id": "3774370725",
        "price": 89247.29,
        "amount": 0.01239,
        "side": "sell",
        "timestamp": 1764967835715
      },
      {
        "id": "3774370726",
        "price": 89247.28,
        "amount": 0.0006,
        "side": "sell",
        "timestamp": 1764967835715
      },
      {
        "id": "3774370727",
        "price": 89245.82,
        "amount": 0.00018,
        "side": "sell",
        "timestamp": 1764967835715
      },
      {
        "id": "3774370728",
        "price": 89245.55,
        "amount": 0.00318,
        "side": "sell",
        "timestamp": 1764967835715
      },
      {
        "id": "3774370729",
        "price": 89245.49,
        "amount": 0.00018,
        "side": "sell",
        "timestamp": 1764967835715
      },
      {
        "id": "3774370730",
        "price": 89245.44,
        "amount": 0.00007,
        "side": "sell",
        "timestamp": 1764967835715
      },
      {
        "id": "3774370731",
        "price": 89245.29,
        "amount": 0.00006,
        "side": "sell",
        "timestamp": 1764967835715
      },
      {
        "id": "3774370732",
        "price": 89245.27,
        "amount": 0.00056,
        "side": "sell",
        "timestamp": 1764967835715
      },
      {
        "id": "3774370733",
        "price": 89245.08,
        "amount": 0.00018,
        "side": "sell",
        "timestamp": 1764967835715
      },
      {
        "id": "3774370734",
        "price": 89245.07,
        "amount": 0.0006,
        "side": "sell",
        "timestamp": 1764967836178
      },
      {
        "id": "3774370735",
        "price": 89245.07,
        "amount": 0.1121,
        "side": "sell",
        "timestamp": 1764967836511
      },
      {
        "id": "3774370736",
        "price": 89245.07,
        "amount": 0.001,
        "side": "sell",
        "timestamp": 1764967837476
      },
      {
        "id": "3774370737",
        "price": 89245.07,
        "amount": 0.1121,
        "side": "sell",
        "timestamp": 1764967837503
      },
      {
        "id": "3774370738",
        "price": 89245.07,
        "amount": 0.00471,
        "side": "sell",
        "timestamp": 1764967837638
      },
      {
        "id": "3774370739",
        "price": 89245.07,
        "amount": 0.00057,
        "side": "sell",
        "timestamp": 1764967838046
      },
      {
        "id": "3774370740",
        "price": 89245.07,
        "amount": 0.00038,
        "side": "sell",
        "timestamp": 1764967838285
      },
      {
        "id": "3774370741",
        "price": 89245.08,
        "amount": 0.00135,
        "side": "buy",
        "timestamp": 1764967838626
      },
      {
        "id": "3774370742",
        "price": 89245.08,
        "amount": 0.00047,
        "side": "buy",
        "timestamp": 1764967838632
      },
      {
        "id": "3774370743",
        "price": 89245.07,
        "amount": 0.1121,
        "side": "sell",
        "timestamp": 1764967838655
      },
      {
        "id": "3774370744",
        "price": 89245.08,
        "amount": 0.00027,
        "side": "buy",
        "timestamp": 1764967838838
      },
      {
        "id": "3774370745",
        "price": 89245.07,
        "amount": 0.00049,
        "side": "sell",
        "timestamp": 1764967838917
      },
      {
        "id": "3774370746",
        "price": 89245.07,
        "amount": 0.00011,
        "side": "sell",
        "timestamp": 1764967838973
      },
      {
        "id": "3774370747",
        "price": 89245.07,
        "amount": 0.1121,
        "side": "sell",
        "timestamp": 1764967839706
      },
      {
        "id": "3774370748",
        "price": 89245.08,
        "amount": 0.00013,
        "side": "buy",
        "timestamp": 1764967839913
      },
      {
        "id": "3774370749",
        "price": 89245.08,
        "amount": 0.0215,
        "side": "buy",
        "timestamp": 1764967840078
      },
      {
        "id": "3774370750",
        "price": 89245.08,
        "amount": 0.0224,
        "side": "buy",
        "timestamp": 1764967840185
      },
      {
        "id": "3774370751",
        "price": 89245.07,
        "amount": 0.00011,
        "side": "sell",
        "timestamp": 1764967840377
      },
      {
        "id": "3774370752",
        "price": 89245.07,
        "amount": 0.1121,
        "side": "sell",
        "timestamp": 1764967840759
      },
      {
        "id": "3774370753",
        "price": 89245.07,
        "amount": 0.0008,
        "side": "sell",
        "timestamp": 1764967841304
      },
      {
        "id": "3774370754",
        "price": 89245.08,
        "amount": 0.00007,
        "side": "buy",
        "timestamp": 1764967841478
      },
      {
        "id": "3774370755",
        "price": 89245.08,
        "amount": 0.01423,
        "side": "buy",
        "timestamp": 1764967841500
      },
      {
        "id": "3774370756",
        "price": 89245.07,
        "amount": 0.1121,
        "side": "sell",
        "timestamp": 1764967841702
      },
      {
        "id": "3774370757",
        "price": 89245.07,
        "amount": 0.00972,
        "side": "sell",
        "timestamp": 1764967841746
      },
      {
        "id": "3774370758",
        "price": 89245.08,
        "amount": 0.00011,
        "side": "buy",
        "timestamp": 1764967842010
      },
      {
        "id": "3774370759",
        "price": 89245.08,
        "amount": 0.00018,
        "side": "buy",
        "timestamp": 1764967842052
      },
      {
        "id": "3774370760",
        "price": 89245.07,
        "amount": 0.00449,
        "side": "sell",
        "timestamp": 1764967842053
      },
      {
        "id": "3774370761",
        "price": 89245.07,
        "amount": 0.0041,
        "side": "sell",
        "timestamp": 1764967842423
      },
      {
        "id": "3774370762",
        "price": 89245.07,
        "amount": 0.0041,
        "side": "sell",
        "timestamp": 1764967842430
      },
      {
        "id": "3774370763",
        "price": 89245.07,
        "amount": 0.1121,
        "side": "sell",
        "timestamp": 1764967842799
      },
      {
        "id": "3774370764",
        "price": 89245.07,
        "amount": 0.00013,
        "side": "sell",
        "timestamp": 1764967843037
      },
      {
        "id": "3774370765",
        "price": 89245.08,
        "amount": 0.00105,
        "side": "buy",
        "timestamp": 1764967843406
      },
      {
        "id": "3774370766",
        "price": 89245.07,
        "amount": 0.1121,
        "side": "sell",
        "timestamp": 1764967843942
      },
      {
        "id": "3774370767",
        "price": 89245.08,
        "amount": 0.00009,
        "side": "buy",
        "timestamp": 1764967844381
      },
      {
        "id": "3774370768",
        "price": 89245.07,
        "amount": 0.1121,
        "side": "sell",
        "timestamp": 1764967845144
      },
      {
        "id": "3774370769",
        "price": 89245.07,
        "amount": 0.1121,
        "side": "sell",
        "timestamp": 1764967846116
      },
      {
        "id": "3774370770",
        "price": 89245.08,
        "amount": 0.00056,
        "side": "buy",
        "timestamp": 1764967846303
      },
      {
        "id": "3774370771",
        "price": 89245.07,
        "amount": 0.00048,
        "side": "sell",
        "timestamp": 1764967846303
      },
      {
        "id": "3774370772",
        "price": 89245.07,
        "amount": 0.00125,
        "side": "sell",
        "timestamp": 1764967846604
      }
    ]
  },
  {
    "timestamp": 1764967903080,
    "recordedAt": "2025-12-05T20:51:43.080Z",
    "trades": [
      {
        "id": "3774371343",
        "price": 89276.62,
        "amount": 0.0003,
        "side": "sell",
        "timestamp": 1764967873465
      },
      {
        "id": "3774371344",
        "price": 89276.59,
        "amount": 0.00006,
        "side": "sell",
        "timestamp": 1764967873465
      },
      {
        "id": "3774371345",
        "price": 89276.58,
        "amount": 0.0003,
        "side": "sell",
        "timestamp": 1764967873465
      },
      {
        "id": "3774371346",
        "price": 89276.5,
        "amount": 0.00024,
        "side": "sell",
        "timestamp": 1764967873465
      },
      {
        "id": "3774371347",
        "price": 89275.73,
        "amount": 0.00042,
        "side": "sell",
        "timestamp": 1764967873465
      },
      {
        "id": "3774371348",
        "price": 89275.49,
        "amount": 0.00006,
        "side": "sell",
        "timestamp": 1764967873465
      },
      {
        "id": "3774371349",
        "price": 89275.48,
        "amount": 0.00065,
        "side": "sell",
        "timestamp": 1764967873465
      },
      {
        "id": "3774371350",
        "price": 89275.12,
        "amount": 0.00018,
        "side": "sell",
        "timestamp": 1764967873465
      },
      {
        "id": "3774371351",
        "price": 89275.06,
        "amount": 0.00012,
        "side": "sell",
        "timestamp": 1764967873465
      },
      {
        "id": "3774371352",
        "price": 89274.9,
        "amount": 0.00318,
        "side": "sell",
        "timestamp": 1764967873465
      },
      {
        "id": "3774371353",
        "price": 89274.78,
        "amount": 0.00018,
        "side": "sell",
        "timestamp": 1764967873465
      },
      {
        "id": "3774371354",
        "price": 89274.77,
        "amount": 0.00018,
        "side": "sell",
        "timestamp": 1764967873465
      },
      {
        "id": "3774371355",
        "price": 89274.76,
        "amount": 0.00018,
        "side": "sell",
        "timestamp": 1764967873465
      },
      {
        "id": "3774371356",
        "price": 89274.72,
        "amount": 0.00007,
        "side": "sell",
        "timestamp": 1764967873465
      },
      {
        "id": "3774371357",
        "price": 89274.56,
        "amount": 0.00046,
        "side": "sell",
        "timestamp": 1764967873465
      },
      {
        "id": "3774371358",
        "price": 89274.46,
        "amount": 0.00018,
        "side": "sell",
        "timestamp": 1764967873465
      },
      {
        "id": "3774371359",
        "price": 89274.35,
        "amount": 0.00207,
        "side": "sell",
        "timestamp": 1764967873465
      },
      {
        "id": "3774371360",
        "price": 89274.08,
        "amount": 0.00018,
        "side": "sell",
        "timestamp": 1764967873465
      },
      {
        "id": "3774371361",
        "price": 89273.92,
        "amount": 0.00018,
        "side": "sell",
        "timestamp": 1764967873465
      },
      {
        "id": "3774371362",
        "price": 89273.32,
        "amount": 0.00006,
        "side": "sell",
        "timestamp": 1764967873465
      },
      {
        "id": "3774371363",
        "price": 89273.24,
        "amount": 0.00018,
        "side": "sell",
        "timestamp": 1764967873465
      },
      {
        "id": "3774371364",
        "price": 89272.26,
        "amount": 0.00012,
        "side": "sell",
        "timestamp": 1764967873465
      },
      {
        "id": "3774371365",
        "price": 89272.14,
        "amount": 0.00018,
        "side": "sell",
        "timestamp": 1764967873465
      },
      {
        "id": "3774371366",
        "price": 89272.11,
        "amount": 0.00018,
        "side": "sell",
        "timestamp": 1764967873465
      },
      {
        "id": "3774371367",
        "price": 89271.69,
        "amount": 0.01018,
        "side": "sell",
        "timestamp": 1764967873465
      },
      {
        "id": "3774371368",
        "price": 89271.06,
        "amount": 0.00007,
        "side": "sell",
        "timestamp": 1764967873465
      },
      {
        "id": "3774371369",
        "price": 89271.03,
        "amount": 0.00018,
        "side": "sell",
        "timestamp": 1764967873465
      },
      {
        "id": "3774371370",
        "price": 89271,
        "amount": 0.00012,
        "side": "sell",
        "timestamp": 1764967873465
      },
      {
        "id": "3774371371",
        "price": 89270.88,
        "amount": 0.00268,
        "side": "sell",
        "timestamp": 1764967873465
      },
      {
        "id": "3774371372",
        "price": 89270.58,
        "amount": 0.00149,
        "side": "sell",
        "timestamp": 1764967873465
      },
      {
        "id": "3774371373",
        "price": 89270.33,
        "amount": 0.00111,
        "side": "sell",
        "timestamp": 1764967873976
      },
      {
        "id": "3774371374",
        "price": 89270.33,
        "amount": 0.00046,
        "side": "sell",
        "timestamp": 1764967874299
      },
      {
        "id": "3774371375",
        "price": 89270.34,
        "amount": 0.06502,
        "side": "buy",
        "timestamp": 1764967874415
      },
      {
        "id": "3774371376",
        "price": 89270.39,
        "amount": 0.00006,
        "side": "buy",
        "timestamp": 1764967874415
      },
      {
        "id": "3774371377",
        "price": 89270.69,
        "amount": 0.00006,
        "side": "buy",
        "timestamp": 1764967874415
      },
      {
        "id": "3774371378",
        "price": 89271.13,
        "amount": 0.00619,
        "side": "buy",
        "timestamp": 1764967874415
      },
      {
        "id": "3774371379",
        "price": 89271.14,
        "amount": 0.00006,
        "side": "buy",
        "timestamp": 1764967874415
      },
      {
        "id": "3774371380",
        "price": 89271.74,
        "amount": 0.00006,
        "side": "buy",
        "timestamp": 1764967874415
      },
      {
        "id": "3774371381",
        "price": 89272.26,
        "amount": 0.00006,
        "side": "buy",
        "timestamp": 1764967874415
      },
      {
        "id": "3774371382",
        "price": 89272.64,
        "amount": 0.00006,
        "side": "buy",
        "timestamp": 1764967874415
      },
      {
        "id": "3774371383",
        "price": 89273.84,
        "amount": 0.00006,
        "side": "buy",
        "timestamp": 1764967874415
      },
      {
        "id": "3774371384",
        "price": 89274.35,
        "amount": 0.00045,
        "side": "buy",
        "timestamp": 1764967874415
      },
      {
        "id": "3774371385",
        "price": 89274.72,
        "amount": 0.00006,
        "side": "buy",
        "timestamp": 1764967874415
      },
      {
        "id": "3774371386",
        "price": 89274.75,
        "amount": 0.00006,
        "side": "buy",
        "timestamp": 1764967874415
      },
      {
        "id": "3774371387",
        "price": 89276.59,
        "amount": 0.003,
        "side": "buy",
        "timestamp": 1764967874415
      },
      {
        "id": "3774371388",
        "price": 89276.85,
        "amount": 0.00018,
        "side": "buy",
        "timestamp": 1764967874415
      },
      {
        "id": "3774371389",
        "price": 89276.85,
        "amount": 0.11206,
        "side": "sell",
        "timestamp": 1764967874447
      },
      {
        "id": "3774371390",
        "price": 89276.85,
        "amount": 0.00484,
        "side": "sell",
        "timestamp": 1764967874526
      },
      {
        "id": "3774371391",
        "price": 89276.85,
        "amount": 0.11206,
        "side": "sell",
        "timestamp": 1764967875390
      },
      {
        "id": "3774371392",
        "price": 89276.85,
        "amount": 0.11206,
        "side": "sell",
        "timestamp": 1764967876487
      }
    ]
  },
  {
    "timestamp": 1764967933070,
    "recordedAt": "2025-12-05T20:52:13.070Z",
    "trades": [
      {
        "id": "3774371793",
        "price": 89248.02,
        "amount": 0.00645,
        "side": "buy",
        "timestamp": 1764967904715
      },
      {
        "id": "3774371794",
        "price": 89248.87,
        "amount": 0.00041,
        "side": "buy",
        "timestamp": 1764967904715
      },
      {
        "id": "3774371795",
        "price": 89249.1,
        "amount": 0.00007,
        "side": "buy",
        "timestamp": 1764967904715
      },
      {
        "id": "3774371796",
        "price": 89249.16,
        "amount": 0.00006,
        "side": "buy",
        "timestamp": 1764967904715
      },
      {
        "id": "3774371797",
        "price": 89250.93,
        "amount": 0.00012,
        "side": "buy",
        "timestamp": 1764967904715
      },
      {
        "id": "3774371798",
        "price": 89250.93,
        "amount": 0.00114,
        "side": "sell",
        "timestamp": 1764967904813
      },
      {
        "id": "3774371799",
        "price": 89250.94,
        "amount": 0.00022,
        "side": "buy",
        "timestamp": 1764967904939
      },
      {
        "id": "3774371800",
        "price": 89250.93,
        "amount": 0.11209,
        "side": "sell",
        "timestamp": 1764967905275
      },
      {
        "id": "3774371801",
        "price": 89250.94,
        "amount": 0.00156,
        "side": "buy",
        "timestamp": 1764967905747
      },
      {
        "id": "3774371802",
        "price": 89250.94,
        "amount": 0.00111,
        "side": "buy",
        "timestamp": 1764967905939
      },
      {
        "id": "3774371803",
        "price": 89250.93,
        "amount": 0.01638,
        "side": "sell",
        "timestamp": 1764967906041
      },
      {
        "id": "3774371804",
        "price": 89250.94,
        "amount": 0.00112,
        "side": "buy",
        "timestamp": 1764967906110
      },
      {
        "id": "3774371805",
        "price": 89250.94,
        "amount": 0.00139,
        "side": "buy",
        "timestamp": 1764967906226
      },
      {
        "id": "3774371806",
        "price": 89250.93,
        "amount": 0.11209,
        "side": "sell",
        "timestamp": 1764967906317
      },
      {
        "id": "3774371807",
        "price": 89250.94,
        "amount": 0.00112,
        "side": "buy",
        "timestamp": 1764967906439
      },
      {
        "id": "3774371808",
        "price": 89250.94,
        "amount": 0.00224,
        "side": "buy",
        "timestamp": 1764967906452
      },
      {
        "id": "3774371809",
        "price": 89250.94,
        "amount": 0.00224,
        "side": "buy",
        "timestamp": 1764967906452
      },
      {
        "id": "3774371810",
        "price": 89250.94,
        "amount": 0.00224,
        "side": "buy",
        "timestamp": 1764967906453
      },
      {
        "id": "3774371811",
        "price": 89250.94,
        "amount": 0.00224,
        "side": "buy",
        "timestamp": 1764967906453
      },
      {
        "id": "3774371812",
        "price": 89250.94,
        "amount": 0.00537,
        "side": "buy",
        "timestamp": 1764967906453
      },
      {
        "id": "3774371813",
        "price": 89250.94,
        "amount": 0.00224,
        "side": "buy",
        "timestamp": 1764967906453
      },
      {
        "id": "3774371814",
        "price": 89250.94,
        "amount": 0.00224,
        "side": "buy",
        "timestamp": 1764967906454
      },
      {
        "id": "3774371815",
        "price": 89250.94,
        "amount": 0.05601,
        "side": "buy",
        "timestamp": 1764967906454
      },
      {
        "id": "3774371816",
        "price": 89250.94,
        "amount": 0.028,
        "side": "buy",
        "timestamp": 1764967906455
      },
      {
        "id": "3774371817",
        "price": 89250.94,
        "amount": 0.01001,
        "side": "buy",
        "timestamp": 1764967906465
      },
      {
        "id": "3774371818",
        "price": 89250.95,
        "amount": 0.00368,
        "side": "buy",
        "timestamp": 1764967906465
      },
      {
        "id": "3774371819",
        "price": 89250.99,
        "amount": 0.00006,
        "side": "buy",
        "timestamp": 1764967906465
      },
      {
        "id": "3774371820",
        "price": 89251.14,
        "amount": 0.00067,
        "side": "buy",
        "timestamp": 1764967906465
      },
      {
        "id": "3774371821",
        "price": 89251.29,
        "amount": 0.00006,
        "side": "buy",
        "timestamp": 1764967906465
      },
      {
        "id": "3774371822",
        "price": 89251.74,
        "amount": 0.00006,
        "side": "buy",
        "timestamp": 1764967906465
      },
      {
        "id": "3774371823",
        "price": 89252.34,
        "amount": 0.00006,
        "side": "buy",
        "timestamp": 1764967906465
      },
      {
        "id": "3774371824",
        "price": 89252.96,
        "amount": 0.00018,
        "side": "buy",
        "timestamp": 1764967906465
      },
      {
        "id": "3774371825",
        "price": 89252.97,
        "amount": 0.00006,
        "side": "buy",
        "timestamp": 1764967906465
      },
      {
        "id": "3774371826",
        "price": 89253.24,
        "amount": 0.00006,
        "side": "buy",
        "timestamp": 1764967906465
      },
      {
        "id": "3774371827",
        "price": 89253.27,
        "amount": 0.00039,
        "side": "buy",
        "timestamp": 1764967906465
      },
      {
        "id": "3774371828",
        "price": 89253.35,
        "amount": 0.00006,
        "side": "buy",
        "timestamp": 1764967906465
      },
      {
        "id": "3774371829",
        "price": 89253.78,
        "amount": 0.00006,
        "side": "buy",
        "timestamp": 1764967906465
      },
      {
        "id": "3774371830",
        "price": 89254.27,
        "amount": 0.003,
        "side": "buy",
        "timestamp": 1764967906465
      },
      {
        "id": "3774371831",
        "price": 89254.44,
        "amount": 0.00006,
        "side": "buy",
        "timestamp": 1764967906465
      },
      {
        "id": "3774371832",
        "price": 89254.96,
        "amount": 0.0009,
        "side": "buy",
        "timestamp": 1764967906465
      },
      {
        "id": "3774371833",
        "price": 89255.41,
        "amount": 0.00142,
        "side": "buy",
        "timestamp": 1764967906465
      },
      {
        "id": "3774371834",
        "price": 89255.57,
        "amount": 0.00018,
        "side": "buy",
        "timestamp": 1764967906465
      },
      {
        "id": "3774371835",
        "price": 89255.58,
        "amount": 0.03462,
        "side": "buy",
        "timestamp": 1764967906465
      },
      {
        "id": "3774371836",
        "price": 89255.97,
        "amount": 0.00012,
        "side": "buy",
        "timestamp": 1764967906465
      },
      {
        "id": "3774371837",
        "price": 89256.07,
        "amount": 0.00007,
        "side": "buy",
        "timestamp": 1764967906465
      },
      {
        "id": "3774371838",
        "price": 89256.17,
        "amount": 0.00006,
        "side": "buy",
        "timestamp": 1764967906465
      },
      {
        "id": "3774371839",
        "price": 89257.06,
        "amount": 0.00018,
        "side": "buy",
        "timestamp": 1764967906465
      },
      {
        "id": "3774371840",
        "price": 89257.06,
        "amount": 0.00018,
        "side": "sell",
        "timestamp": 1764967906480
      },
      {
        "id": "3774371841",
        "price": 89257.07,
        "amount": 0.00851,
        "side": "buy",
        "timestamp": 1764967906551
      },
      {
        "id": "3774371842",
        "price": 89257.07,
        "amount": 0.00056,
        "side": "buy",
        "timestamp": 1764967906634
      }
    ]
  },
  {
    "timestamp": 1764967963062,
    "recordedAt": "2025-12-05T20:52:43.062Z",
    "trades": [
      {
        "id": "3774372377",
        "price": 89283.85,
        "amount": 0.00021,
        "side": "sell",
        "timestamp": 1764967934540
      },
      {
        "id": "3774372378",
        "price": 89283.8,
        "amount": 0.00018,
        "side": "sell",
        "timestamp": 1764967934540
      },
      {
        "id": "3774372379",
        "price": 89283.79,
        "amount": 0.00021,
        "side": "sell",
        "timestamp": 1764967934540
      },
      {
        "id": "3774372380",
        "price": 89283.45,
        "amount": 0.00002,
        "side": "sell",
        "timestamp": 1764967934540
      },
      {
        "id": "3774372381",
        "price": 89283.45,
        "amount": 0.00189,
        "side": "sell",
        "timestamp": 1764967934544
      },
      {
        "id": "3774372382",
        "price": 89283.44,
        "amount": 0.00108,
        "side": "sell",
        "timestamp": 1764967934544
      },
      {
        "id": "3774372383",
        "price": 89283.41,
        "amount": 0.00018,
        "side": "sell",
        "timestamp": 1764967934544
      },
      {
        "id": "3774372384",
        "price": 89283.4,
        "amount": 0.0003,
        "side": "sell",
        "timestamp": 1764967934544
      },
      {
        "id": "3774372385",
        "price": 89283.37,
        "amount": 0.00018,
        "side": "sell",
        "timestamp": 1764967934544
      },
      {
        "id": "3774372386",
        "price": 89283.12,
        "amount": 0.00167,
        "side": "sell",
        "timestamp": 1764967934544
      },
      {
        "id": "3774372387",
        "price": 89282.25,
        "amount": 0.00006,
        "side": "sell",
        "timestamp": 1764967934544
      },
      {
        "id": "3774372388",
        "price": 89282.04,
        "amount": 0.00007,
        "side": "sell",
        "timestamp": 1764967934544
      },
      {
        "id": "3774372389",
        "price": 89282.01,
        "amount": 0.00012,
        "side": "sell",
        "timestamp": 1764967934544
      },
      {
        "id": "3774372390",
        "price": 89281.94,
        "amount": 0.00006,
        "side": "sell",
        "timestamp": 1764967934544
      },
      {
        "id": "3774372391",
        "price": 89281.89,
        "amount": 0.00006,
        "side": "sell",
        "timestamp": 1764967934544
      },
      {
        "id": "3774372392",
        "price": 89281.62,
        "amount": 0.00018,
        "side": "sell",
        "timestamp": 1764967934544
      },
      {
        "id": "3774372393",
        "price": 89281.5,
        "amount": 0.00012,
        "side": "sell",
        "timestamp": 1764967934544
      },
      {
        "id": "3774372394",
        "price": 89281.49,
        "amount": 0.00097,
        "side": "sell",
        "timestamp": 1764967934544
      },
      {
        "id": "3774372395",
        "price": 89281.47,
        "amount": 0.00018,
        "side": "sell",
        "timestamp": 1764967934544
      },
      {
        "id": "3774372396",
        "price": 89281.24,
        "amount": 0.00009,
        "side": "sell",
        "timestamp": 1764967934544
      },
      {
        "id": "3774372397",
        "price": 89280.51,
        "amount": 0.00133,
        "side": "sell",
        "timestamp": 1764967934544
      },
      {
        "id": "3774372398",
        "price": 89280.51,
        "amount": 0.00393,
        "side": "sell",
        "timestamp": 1764967934615
      },
      {
        "id": "3774372399",
        "price": 89280.5,
        "amount": 0.00138,
        "side": "sell",
        "timestamp": 1764967934615
      },
      {
        "id": "3774372400",
        "price": 89280.46,
        "amount": 0.00006,
        "side": "sell",
        "timestamp": 1764967934615
      },
      {
        "id": "3774372401",
        "price": 89280.16,
        "amount": 0.00006,
        "side": "sell",
        "timestamp": 1764967934615
      },
      {
        "id": "3774372402",
        "price": 89280.07,
        "amount": 0.00012,
        "side": "sell",
        "timestamp": 1764967934615
      },
      {
        "id": "3774372403",
        "price": 89280,
        "amount": 0.00006,
        "side": "sell",
        "timestamp": 1764967934615
      },
      {
        "id": "3774372404",
        "price": 89279.95,
        "amount": 0.00006,
        "side": "sell",
        "timestamp": 1764967934615
      },
      {
        "id": "3774372405",
        "price": 89279.82,
        "amount": 0.0003,
        "side": "sell",
        "timestamp": 1764967934615
      },
      {
        "id": "3774372406",
        "price": 89279.69,
        "amount": 0.00318,
        "side": "sell",
        "timestamp": 1764967934615
      },
      {
        "id": "3774372407",
        "price": 89279.38,
        "amount": 0.00006,
        "side": "sell",
        "timestamp": 1764967934615
      },
      {
        "id": "3774372408",
        "price": 89279.31,
        "amount": 0.00012,
        "side": "sell",
        "timestamp": 1764967934615
      },
      {
        "id": "3774372409",
        "price": 89279.3,
        "amount": 0.00006,
        "side": "sell",
        "timestamp": 1764967934615
      },
      {
        "id": "3774372410",
        "price": 89279.12,
        "amount": 0.00006,
        "side": "sell",
        "timestamp": 1764967934615
      },
      {
        "id": "3774372411",
        "price": 89279.11,
        "amount": 0.00006,
        "side": "sell",
        "timestamp": 1764967934615
      },
      {
        "id": "3774372412",
        "price": 89279.1,
        "amount": 0.00006,
        "side": "sell",
        "timestamp": 1764967934615
      },
      {
        "id": "3774372413",
        "price": 89278.94,
        "amount": 0.00006,
        "side": "sell",
        "timestamp": 1764967934615
      },
      {
        "id": "3774372414",
        "price": 89278.86,
        "amount": 0.00006,
        "side": "sell",
        "timestamp": 1764967934615
      },
      {
        "id": "3774372415",
        "price": 89278.5,
        "amount": 0.00018,
        "side": "sell",
        "timestamp": 1764967934615
      },
      {
        "id": "3774372416",
        "price": 89278.42,
        "amount": 0.00046,
        "side": "sell",
        "timestamp": 1764967934615
      },
      {
        "id": "3774372417",
        "price": 89278.38,
        "amount": 0.00007,
        "side": "sell",
        "timestamp": 1764967934615
      },
      {
        "id": "3774372418",
        "price": 89278.21,
        "amount": 0.00006,
        "side": "sell",
        "timestamp": 1764967934615
      },
      {
        "id": "3774372419",
        "price": 89277.61,
        "amount": 0.00006,
        "side": "sell",
        "timestamp": 1764967934615
      },
      {
        "id": "3774372420",
        "price": 89277.01,
        "amount": 0.00006,
        "side": "sell",
        "timestamp": 1764967934615
      },
      {
        "id": "3774372421",
        "price": 89276.88,
        "amount": 0.00012,
        "side": "sell",
        "timestamp": 1764967934615
      },
      {
        "id": "3774372422",
        "price": 89274.92,
        "amount": 0.00018,
        "side": "sell",
        "timestamp": 1764967934615
      },
      {
        "id": "3774372423",
        "price": 89274.9,
        "amount": 0.00018,
        "side": "sell",
        "timestamp": 1764967934615
      },
      {
        "id": "3774372424",
        "price": 89274.9,
        "amount": 0.00017,
        "side": "buy",
        "timestamp": 1764967935172
      },
      {
        "id": "3774372425",
        "price": 89274.89,
        "amount": 0.11206,
        "side": "sell",
        "timestamp": 1764967935616
      },
      {
        "id": "3774372426",
        "price": 89274.9,
        "amount": 0.00016,
        "side": "buy",
        "timestamp": 1764967936371
      }
    ]
  },
  {
    "timestamp": 1764967993063,
    "recordedAt": "2025-12-05T20:53:13.063Z",
    "trades": [
      {
        "id": "3774372782",
        "price": 89303.1,
        "amount": 0.00036,
        "side": "sell",
        "timestamp": 1764967956666
      },
      {
        "id": "3774372783",
        "price": 89302.98,
        "amount": 0.00112,
        "side": "sell",
        "timestamp": 1764967956666
      },
      {
        "id": "3774372784",
        "price": 89302.82,
        "amount": 0.00742,
        "side": "sell",
        "timestamp": 1764967956666
      },
      {
        "id": "3774372785",
        "price": 89302.57,
        "amount": 0.00209,
        "side": "sell",
        "timestamp": 1764967956666
      },
      {
        "id": "3774372786",
        "price": 89302.01,
        "amount": 0.00018,
        "side": "sell",
        "timestamp": 1764967956666
      },
      {
        "id": "3774372787",
        "price": 89302,
        "amount": 0.00013,
        "side": "sell",
        "timestamp": 1764967956895
      },
      {
        "id": "3774372788",
        "price": 89302,
        "amount": 0.0054,
        "side": "sell",
        "timestamp": 1764967957118
      },
      {
        "id": "3774372789",
        "price": 89302,
        "amount": 0.11203,
        "side": "sell",
        "timestamp": 1764967957416
      },
      {
        "id": "3774372790",
        "price": 89302,
        "amount": 0.11203,
        "side": "sell",
        "timestamp": 1764967958378
      },
      {
        "id": "3774372791",
        "price": 89302.01,
        "amount": 0.00012,
        "side": "buy",
        "timestamp": 1764967958403
      },
      {
        "id": "3774372792",
        "price": 89302,
        "amount": 0.11203,
        "side": "sell",
        "timestamp": 1764967959480
      },
      {
        "id": "3774372793",
        "price": 89302.01,
        "amount": 0.00136,
        "side": "buy",
        "timestamp": 1764967959666
      },
      {
        "id": "3774372794",
        "price": 89302.01,
        "amount": 0.00018,
        "side": "buy",
        "timestamp": 1764967960058
      },
      {
        "id": "3774372795",
        "price": 89302,
        "amount": 0.00015,
        "side": "sell",
        "timestamp": 1764967960317
      },
      {
        "id": "3774372796",
        "price": 89302.01,
        "amount": 0.00559,
        "side": "buy",
        "timestamp": 1764967960332
      },
      {
        "id": "3774372797",
        "price": 89302,
        "amount": 0.11203,
        "side": "sell",
        "timestamp": 1764967960472
      },
      {
        "id": "3774372798",
        "price": 89302,
        "amount": 0.14583,
        "side": "sell",
        "timestamp": 1764967960620
      },
      {
        "id": "3774372799",
        "price": 89301.99,
        "amount": 0.00078,
        "side": "sell",
        "timestamp": 1764967960620
      },
      {
        "id": "3774372800",
        "price": 89301.95,
        "amount": 0.00006,
        "side": "sell",
        "timestamp": 1764967960620
      },
      {
        "id": "3774372801",
        "price": 89301.65,
        "amount": 0.00006,
        "side": "sell",
        "timestamp": 1764967960620
      },
      {
        "id": "3774372802",
        "price": 89301.6,
        "amount": 0.00018,
        "side": "sell",
        "timestamp": 1764967960620
      },
      {
        "id": "3774372803",
        "price": 89301.59,
        "amount": 0.15309,
        "side": "sell",
        "timestamp": 1764967960620
      },
      {
        "id": "3774372804",
        "price": 89301.59,
        "amount": 0.11203,
        "side": "sell",
        "timestamp": 1764967961576
      },
      {
        "id": "3774372805",
        "price": 89301.59,
        "amount": 0.03867,
        "side": "sell",
        "timestamp": 1764967961915
      },
      {
        "id": "3774372806",
        "price": 89301.58,
        "amount": 0.0009,
        "side": "sell",
        "timestamp": 1764967961915
      },
      {
        "id": "3774372807",
        "price": 89301.54,
        "amount": 0.00006,
        "side": "sell",
        "timestamp": 1764967961915
      },
      {
        "id": "3774372808",
        "price": 89301.2,
        "amount": 0.00006,
        "side": "sell",
        "timestamp": 1764967961915
      },
      {
        "id": "3774372809",
        "price": 89300.6,
