[{"symbol": "BTCUSDT", "bids": [[89747.8, 2.143], [89747.7, 0.002], [89747.5, 0.103], [89747.3, 0.003], [89746.8, 0.011], [89746.6, 0.003], [89746.5, 0.002], [89746.4, 0.006], [89746.2, 0.006], [89745.9, 0.054], [89745.7, 0.003], [89745.6, 0.002], [89745.4, 0.003], [89745.3, 0.011], [89745.2, 0.005], [89745.0, 0.149], [89744.9, 0.002], [89744.8, 0.008], [89744.7, 0.003], [89744.6, 0.006]], "asks": [[89747.9, 16.771], [89748.0, 0.065], [89748.1, 0.003], [89748.2, 0.007], [89748.3, 0.005], [89748.4, 0.007], [89748.5, 0.003], [89748.8, 0.05], [89749.0, 0.524], [89749.1, 0.122], [89749.2, 1.788], [89749.3, 0.014], [89749.5, 0.002], [89749.6, 0.012], [89749.8, 0.003], [89749.9, 0.115], [89750.0, 0.002], [89750.1, 0.002], [89750.2, 0.003], [89750.5, 0.005]], "timestamp": "2025-12-15T08:39:40.140827+00:00"}, {"symbol": "BTCUSDT", "bids": [[89774.2, 3.682], [89774.1, 0.007], [89773.8, 0.003], [89773.6, 0.002], [89773.3, 0.003], [89773.2, 0.002], [89772.9, 0.006], [89772.8, 0.002], [89772.7, 1.003], [89772.5, 0.05], [89772.2, 0.006], [89771.8, 0.002], [89771.5, 0.023], [89771.4, 0.003], [89771.1, 0.003], [89770.9, 0.004], [89770.7, 0.003], [89770.3, 0.003], [89770.2, 0.004], [89770.0, 0.048]], "asks": [[89774.3, 5.887], [89774.4, 0.01], [89774.5, 0.006], [89774.6, 0.003], [89774.8, 0.005], [89774.9, 0.936], [89775.0, 5.941], [89775.1, 0.078], [89775.2, 0.003], [89775.3, 0.002], [89775.5, 0.003], [89775.6, 0.008], [89775.7, 0.112], [89775.9, 0.099], [89776.0, 0.003], [89776.1, 0.006], [89776.3, 0.003], [89776.4, 0.002], [89776.5, 0.116], [89776.7, 0.049]], "timestamp": "2025-12-15T08:40:33.492123+00:00"}, {"symbol": "BTCUSDT", "bids": [[89788.7, 9.384], [89788.6, 0.05], [89788.5, 0.057], [89788.3, 0.002], [89788.2, 0.666], [89788.0, 0.005], [89787.9, 0.262], [89787.7, 0.282], [89787.5, 0.003], [89787.4, 0.114], [89787.3, 0.004], [89787.2, 0.005], [89787.1, 0.002], [89787.0, 0.009], [89786.9, 0.003], [89786.8, 0.002], [89786.7, 1.008], [89786.6, 1.622], [89786.5, 1.004], [89786.4, 0.014]], "asks": [[89788.8, 3.984], [89788.9, 0.007], [89789.0, 0.003], [89789.5, 0.033], [89789.7, 0.002], [89790.0, 0.198], [89790.3, 0.025], [89790.4, 0.025], [89790.5, 0.003], [89790.6, 0.002], [89790.7, 0.002], [89790.8, 0.007], [89791.0, 0.003], [89791.3, 0.03], [89791.4, 0.002], [89791.5, 0.005], [89791.7, 0.003], [89791.8, 0.002], [89792.0, 0.005], [89792.4, 0.002]], "timestamp": "2025-12-15T08:41:28.481229+00:00"}, {"symbol": "BTCUSDT", "bids": [[89786.5, 23.693], [89786.4, 0.287], [89786.3, 0.671], [89786.2, 0.053], [89786.1, 0.057], [89786.0, 0.004], [89785.8, 0.002], [89785.7, 0.007], [89785.6, 0.019], [89785.2, 0.118], [89785.0, 0.002], [89784.7, 0.014], [89784.6, 0.112], [89784.4, 0.005], [89784.3, 0.023], [89784.1, 0.012], [89784.0, 0.005], [89783.9, 0.006], [89783.8, 0.114], [89783.6, 0.002]], "asks": [[89786.6, 5.996], [89786.7, 0.008], [89786.9, 0.003], [89787.2, 0.002], [89787.3, 0.194], [89787.4, 0.003], [89787.9, 0.003], [89788.2, 0.012], [89788.4, 0.005], [89788.5, 0.013], [89788.6, 0.003], [89788.8, 0.007], [89788.9, 0.252], [89789.0, 0.74], [89789.4, 0.091], [89789.5, 0.033], [89789.7, 0.004], [89790.0, 0.2], [89790.1, 0.033], [89790.2, 0.015]], "timestamp": "2025-12-15T08:42:22.651772+00:00"}, {"symbol": "BTCUSDT", "bids": [[89806.7, 21.656], [89806.6, 0.009], [89806.5, 0.003], [89806.4, 1.002], [89806.3, 0.047], [89806.1, 0.003], [89806.0, 0.014], [89805.9, 0.003], [89805.7, 0.015], [89805.5, 0.006], [89805.4, 0.412], [89805.3, 0.009], [89805.2, 0.011], [89805.1, 0.007], [89805.0, 0.002], [89804.9, 0.006], [89804.7, 0.005], [89804.6, 0.057], [89804.5, 0.008], [89804.4, 0.007]], "asks": [[89806.8, 7.486], [89806.9, 0.011], [89807.4, 0.117], [89807.6, 0.002], [89807.7, 0.005], [89808.0, 0.002], [89808.2, 0.003], [89808.4, 0.002], [89808.8, 0.072], [89808.9, 0.008], [89809.4, 0.002], [89809.5, 0.002], [89809.6, 0.115], [89809.7, 0.003], [89809.8, 0.002], [89810.0, 0.046], [89810.4, 0.115], [89810.5, 0.101], [89810.6, 0.006], [89810.7, 0.004]], "timestamp": "2025-12-15T08:43:16.207706+00:00"}, {"symbol": "BTCUSDT", "bids": [[89806.7, 21.474], [89806.6, 0.759], [89806.5, 1.627], [89806.4, 0.012], [89806.3, 0.047], [89806.1, 0.003], [89806.0, 0.002], [89805.9, 0.003], [89805.7, 0.112], [89805.4, 0.013], [89805.3, 0.009], [89805.2, 0.011], [89805.1, 0.002], [89805.0, 0.004], [89804.9, 0.003], [89804.8, 0.112], [89804.7, 0.007], [89804.6, 0.002], [89804.5, 0.008], [89804.4, 0.01]], "asks": [[89806.8, 5.525], [89806.9, 0.016], [89807.0, 0.027], [89807.4, 0.279], [89807.5, 0.002], [89807.6, 0.002], [89807.7, 0.007], [89808.0, 0.002], [89808.2, 0.003], [89808.4, 0.002], [89808.7, 0.004], [89808.9, 0.008], [89809.2, 0.012], [89809.4, 0.002], [89809.6, 0.003], [89809.7, 0.058], [89809.8, 0.008], [89810.0, 0.046], [89810.4, 0.005], [89810.5, 0.101]], "timestamp": "2025-12-15T08:44:09.598888+00:00"}, {"symbol": "BTCUSDT", "bids": [[89798.2, 7.009], [89798.1, 0.008], [89798.0, 0.002], [89797.9, 0.005], [89797.8, 0.079], [89797.4, 0.012], [89797.3, 0.005], [89797.1, 0.002], [89797.0, 0.002], [89796.8, 0.003], [89796.6, 0.002], [89796.4, 0.002], [89796.3, 0.005], [89796.2, 0.003], [89796.1, 0.002], [89796.0, 0.002], [89795.9, 0.125], [89795.8, 0.005], [89795.7, 0.005], [89795.6, 0.058]], "asks": [[89798.3, 6.575], [89798.4, 0.012], [89798.9, 0.449], [89799.4, 0.006], [89799.5, 0.058], [89799.6, 0.002], [89800.0, 0.003], [89800.1, 0.002], [89800.2, 0.035], [89800.3, 0.048], [89800.5, 0.003], [89800.6, 0.006], [89800.8, 0.112], [89801.0, 0.003], [89801.1, 0.012], [89801.3, 0.006], [89801.5, 0.392], [89801.6, 0.112], [89801.9, 0.003], [89802.0, 0.098]], "timestamp": "2025-12-15T08:45:03.626061+00:00"}, {"symbol": "BTCUSDT", "bids": [[89806.7, 8.283], [89806.6, 0.202], [89806.3, 0.01], [89806.2, 0.003], [89806.0, 0.079], [89805.7, 0.003], [89805.6, 0.045], [89805.4, 0.122], [89805.3, 0.112], [89805.1, 0.002], [89805.0, 0.003], [89804.9, 0.002], [89804.7, 0.005], [89804.6, 0.112], [89804.5, 0.005], [89804.3, 0.006], [89804.0, 0.057], [89803.9, 0.003], [89803.7, 0.057], [89803.6, 0.002]], "asks": [[89806.8, 5.873], [89806.9, 0.01], [89807.0, 0.028], [89807.2, 0.005], [89807.4, 0.009], [89807.7, 0.005], [89807.8, 0.008], [89808.2, 0.009], [89808.3, 0.014], [89808.4, 0.038], [89808.5, 0.002], [89808.6, 0.003], [89808.7, 0.003], [89808.9, 0.006], [89809.0, 0.002], [89809.4, 0.002], [89809.6, 0.04], [89809.7, 0.003], [89809.8, 0.002], [89810.0, 0.006]], "timestamp": "2025-12-15T08:45:56.896261+00:00"}, {"symbol": "BTCUSDT", "bids": [[89809.7, 7.119], [89809.6, 0.017], [89809.1, 0.113], [89809.0, 0.006], [89808.4, 0.002], [89808.3, 0.103], [89808.1, 0.002], [89807.9, 0.002], [89807.8, 0.003], [89807.7, 0.115], [89807.3, 0.003], [89807.2, 0.058], [89807.0, 0.283], [89806.9, 0.005], [89806.8, 1.514], [89806.7, 10.035], [89806.6, 0.008], [89806.5, 0.003], [89806.3, 0.005], [89806.2, 0.003]], "asks": [[89809.8, 10.159], [89809.9, 0.158], [89810.0, 0.005], [89810.1, 0.015], [89810.4, 0.018], [89810.5, 0.004], [89810.7, 0.005], [89810.9, 0.019], [89811.0, 0.002], [89811.3, 0.116], [89811.4, 0.014], [89811.5, 0.191], [89811.6, 0.002], [89811.8, 0.003], [89812.0, 0.012], [89812.1, 0.002], [89812.2, 0.005], [89812.5, 0.115], [89812.6, 0.002], [89812.7, 0.009]], "timestamp": "2025-12-15T08:46:51.044975+00:00"}, {"symbol": "BTCUSDT", "bids": [[89768.0, 10.948], [89767.9, 0.006], [89767.8, 0.067], [89767.6, 1.039], [89767.5, 0.123], [89767.3, 0.002], [89767.0, 0.004], [89766.9, 0.004], [89766.7, 0.002], [89766.6, 0.105], [89766.5, 0.052], [89766.4, 2.26], [89766.3, 0.122], [89766.0, 0.019], [89765.6, 0.112], [89765.5, 0.008], [89765.4, 0.002], [89765.3, 1.758], [89765.2, 0.026], [89765.1, 0.038]], "asks": [[89768.1, 6.214], [89768.2, 0.006], [89768.4, 0.004], [89768.6, 0.003], [89768.8, 0.002], [89768.9, 0.002], [89769.0, 0.156], [89769.1, 0.222], [89769.2, 0.003], [89769.3, 0.002], [89769.7, 0.802], [89769.9, 0.002], [89770.0, 0.002], [89770.1, 0.003], [89770.2, 0.002], [89770.3, 0.003], [89770.6, 0.002], [89770.8, 0.003], [89770.9, 0.021], [89771.0, 0.002]], "timestamp": "2025-12-15T08:47:44.600456+00:00"}, {"symbol": "BTCUSDT", "bids": [[89771.2, 4.267], [89771.1, 0.004], [89770.9, 0.002], [89770.8, 0.002], [89770.7, 0.005], [89770.6, 0.16], [89770.3, 0.002], [89770.1, 0.003], [89770.0, 0.007], [89769.8, 0.025], [89769.6, 0.033], [89769.5, 0.003], [89769.4, 0.002], [89769.0, 0.003], [89768.8, 0.005], [89768.6, 0.063], [89768.5, 0.007], [89768.4, 0.002], [89768.3, 0.099], [89768.2, 0.002]], "asks": [[89771.3, 15.066], [89771.4, 0.166], [89771.7, 0.003], [89771.8, 0.008], [89772.3, 0.002], [89772.4, 0.278], [89772.5, 0.012], [89772.6, 0.005], [89772.9, 0.002], [89773.2, 0.117], [89773.3, 0.005], [89773.5, 0.002], [89773.6, 0.094], [89773.7, 0.222], [89773.8, 0.006], [89773.9, 0.005], [89774.1, 0.003], [89774.2, 0.112], [89774.3, 0.002], [89774.4, 0.002]], "timestamp": "2025-12-15T08:48:38.258647+00:00"}, {"symbol": "BTCUSDT", "bids": [[89779.4, 14.075], [89779.3, 0.438], [89779.2, 0.026], [89779.1, 0.112], [89779.0, 0.047], [89778.9, 0.016], [89778.6, 0.003], [89778.5, 1.002], [89778.3, 0.114], [89778.1, 0.003], [89778.0, 0.004], [89777.7, 0.002], [89777.6, 0.004], [89777.4, 0.01], [89777.3, 0.005], [89777.2, 0.002], [89777.0, 0.13], [89776.9, 0.005], [89776.8, 0.088], [89776.7, 0.03]], "asks": [[89779.5, 4.54], [89779.6, 0.006], [89779.7, 0.003], [89779.8, 0.035], [89779.9, 0.046], [89780.0, 0.111], [89780.1, 0.002], [89780.2, 0.45], [89780.6, 0.014], [89780.7, 0.007], [89780.9, 0.005], [89781.0, 0.004], [89781.2, 0.006], [89781.3, 0.014], [89781.5, 0.005], [89781.6, 0.002], [89781.8, 0.008], [89781.9, 0.005], [89782.0, 0.009], [89782.3, 0.002]], "timestamp": "2025-12-15T08:49:31.829851+00:00"}, {"symbol": "BTCUSDT", "bids": [[89797.7, 6.629], [89797.6, 0.125], [89797.5, 0.055], [89797.3, 0.002], [89797.2, 0.048], [89797.0, 0.002], [89796.9, 0.238], [89796.8, 0.05], [89796.7, 0.003], [89796.6, 0.024], [89796.4, 0.002], [89796.3, 0.004], [89796.2, 0.003], [89796.1, 0.002], [89795.9, 0.143], [89795.8, 0.141], [89795.7, 0.003], [89795.6, 0.011], [89795.5, 0.005], [89795.2, 0.004]], "asks": [[89797.8, 5.305], [89797.9, 0.007], [89798.1, 0.007], [89798.3, 0.092], [89798.4, 0.003], [89798.5, 0.112], [89798.7, 0.002], [89798.8, 0.013], [89798.9, 0.003], [89799.0, 0.004], [89799.2, 0.112], [89799.3, 0.011], [89799.4, 0.112], [89799.6, 0.01], [89799.7, 0.002], [89799.8, 0.003], [89799.9, 0.772], [89800.0, 4.99], [89800.1, 0.027], [89800.2, 0.112]], "timestamp": "2025-12-15T08:50:25.575327+00:00"}, {"symbol": "BTCUSDT", "bids": [[89803.7, 7.289], [89803.6, 1.309], [89803.5, 0.012], [89803.4, 0.003], [89803.3, 0.047], [89803.2, 0.05], [89803.1, 0.005], [89803.0, 0.007], [89802.9, 0.003], [89802.8, 0.055], [89802.7, 0.002], [89802.4, 0.052], [89802.3, 0.009], [89802.1, 0.012], [89802.0, 0.007], [89801.9, 0.117], [89801.8, 0.002], [89801.7, 0.003], [89801.5, 0.007], [89801.4, 0.002]], "asks": [[89803.8, 5.656], [89803.9, 0.04], [89804.0, 0.004], [89804.1, 0.002], [89804.4, 0.013], [89804.7, 0.008], [89805.0, 0.002], [89805.1, 0.003], [89805.2, 0.002], [89805.3, 0.002], [89805.6, 0.002], [89805.8, 0.039], [89805.9, 0.112], [89806.0, 0.098], [89806.2, 0.002], [89806.3, 0.003], [89806.4, 0.003], [89806.7, 0.119], [89806.8, 0.005], [89807.0, 0.019]], "timestamp": "2025-12-15T08:51:19.335757+00:00"}, {"symbol": "BTCUSDT", "bids": [[89794.4, 8.273], [89794.3, 0.034], [89794.1, 0.002], [89793.9, 0.112], [89793.8, 0.06], [89793.7, 0.006], [89793.6, 0.014], [89793.4, 0.018], [89793.2, 0.002], [89793.1, 0.002], [89793.0, 0.01], [89792.9, 0.115], [89792.8, 0.002], [89792.7, 0.611], [89792.6, 0.08], [89792.5, 0.024], [89792.4, 0.003], [89792.1, 0.181], [89792.0, 0.013], [89791.9, 0.002]], "asks": [[89794.5, 4.588], [89794.6, 0.006], [89794.8, 0.003], [89795.1, 0.002], [89795.2, 0.002], [89795.4, 0.041], [89795.5, 0.108], [89795.6, 0.003], [89796.3, 0.004], [89796.5, 0.136], [89796.6, 0.004], [89796.9, 0.002], [89797.1, 0.003], [89797.3, 0.003], [89797.6, 0.038], [89797.8, 0.022], [89797.9, 0.112], [89798.1, 0.006], [89798.4, 0.055], [89798.5, 0.012]], "timestamp": "2025-12-15T08:52:13.199048+00:00"}, {"symbol": "BTCUSDT", "bids": [[89777.6, 2.681], [89777.5, 0.007], [89777.3, 0.057], [89777.2, 0.008], [89776.5, 0.048], [89776.4, 0.002], [89776.0, 0.003], [89775.9, 0.002], [89775.8, 0.011], [89775.6, 0.003], [89775.5, 0.003], [89775.4, 0.005], [89775.2, 0.002], [89775.1, 0.59], [89775.0, 0.625], [89774.9, 0.382], [89774.8, 0.127], [89774.6, 0.003], [89774.5, 0.002], [89774.3, 0.002]], "asks": [[89777.7, 14.624], [89777.8, 0.009], [89777.9, 0.003], [89778.0, 0.002], [89778.2, 0.145], [89778.5, 0.003], [89778.9, 0.114], [89779.0, 0.003], [89779.2, 0.002], [89779.4, 0.294], [89779.5, 0.005], [89779.6, 0.116], [89779.7, 0.003], [89779.8, 0.002], [89779.9, 0.016], [89780.0, 0.002], [89780.1, 0.005], [89780.4, 0.171], [89780.5, 0.003], [89780.6, 0.003]], "timestamp": "2025-12-15T08:53:07.061592+00:00"}, {"symbol": "BTCUSDT", "bids": [[89776.4, 8.421], [89776.3, 0.144], [89776.2, 0.112], [89776.0, 0.125], [89775.9, 0.496], [89775.7, 0.008], [89775.5, 0.003], [89775.4, 0.116], [89775.2, 0.002], [89775.1, 0.012], [89775.0, 0.011], [89774.9, 0.036], [89774.8, 0.141], [89774.7, 0.16], [89774.6, 0.003], [89774.5, 0.002], [89774.3, 0.002], [89774.2, 0.003], [89774.1, 0.115], [89773.9, 0.003]], "asks": [[89776.5, 0.996], [89776.6, 0.004], [89776.9, 0.006], [89777.0, 0.003], [89777.1, 0.005], [89777.2, 0.003], [89777.6, 0.005], [89777.8, 0.433], [89778.1, 0.003], [89778.5, 0.003], [89778.6, 0.003], [89779.1, 0.003], [89779.3, 0.003], [89779.6, 0.003], [89779.9, 0.002], [89780.0, 0.002], [89780.1, 0.228], [89780.6, 0.005], [89780.7, 0.002], [89781.0, 0.004]], "timestamp": "2025-12-15T08:54:00.515634+00:00"}, {"symbol": "BTCUSDT", "bids": [[89777.7, 3.72], [89777.6, 0.008], [89777.5, 0.013], [89777.3, 0.045], [89777.2, 0.112], [89777.0, 0.004], [89776.9, 0.003], [89776.5, 0.112], [89776.4, 0.352], [89776.3, 0.608], [89776.2, 0.587], [89776.1, 0.38], [89776.0, 0.1], [89775.9, 0.056], [89775.8, 0.112], [89775.7, 0.011], [89775.6, 0.22], [89775.5, 0.373], [89775.4, 0.002], [89775.2, 0.002]], "asks": [[89777.8, 5.741], [89777.9, 0.242], [89778.0, 0.305], [89778.1, 0.006], [89778.2, 0.601], [89778.3, 0.003], [89778.4, 0.015], [89778.5, 0.003], [89778.6, 0.061], [89778.7, 0.003], [89779.1, 0.003], [89779.5, 0.011], [89779.6, 0.005], [89779.7, 0.002], [89779.9, 0.002], [89780.0, 0.002], [89780.1, 0.228], [89780.2, 0.002], [89780.4, 0.024], [89780.6, 0.008]], "timestamp": "2025-12-15T08:54:54.583156+00:00"}, {"symbol": "BTCUSDT", "bids": [[89787.4, 3.557], [89787.3, 0.114], [89787.1, 0.017], [89786.9, 0.054], [89786.6, 0.003], [89786.5, 0.002], [89786.4, 0.004], [89786.2, 0.002], [89785.9, 0.003], [89785.6, 0.002], [89785.5, 0.003], [89785.4, 0.008], [89785.1, 0.002], [89785.0, 0.003], [89784.9, 0.005], [89784.8, 0.002], [89784.4, 0.115], [89784.3, 0.003], [89784.2, 0.006], [89784.1, 0.014]], "asks": [[89787.5, 14.863], [89787.6, 0.063], [89787.7, 0.005], [89788.0, 0.151], [89788.2, 0.113], [89788.5, 0.014], [89788.7, 0.112], [89788.8, 0.003], [89789.1, 0.002], [89789.3, 0.007], [89789.4, 0.011], [89789.5, 0.003], [89789.6, 0.112], [89789.9, 0.003], [89790.0, 0.002], [89790.2, 0.003], [89790.5, 0.129], [89790.7, 0.014], [89790.8, 0.004], [89791.1, 0.007]], "timestamp": "2025-12-15T08:55:47.934290+00:00"}, {"symbol": "BTCUSDT", "bids": [[89774.0, 3.913], [89773.9, 0.051], [89773.8, 0.007], [89773.6, 0.002], [89773.2, 0.005], [89773.1, 0.022], [89773.0, 0.002], [89772.7, 0.005], [89772.2, 0.005], [89772.1, 0.005], [89772.0, 0.003], [89771.3, 0.021], [89771.2, 2.081], [89771.1, 0.002], [89770.9, 0.004], [89770.8, 0.002], [89770.7, 0.003], [89770.6, 0.005], [89770.4, 0.003], [89770.3, 0.112]], "asks": [[89774.1, 14.46], [89774.2, 0.626], [89774.3, 1.167], [89774.4, 0.116], [89774.5, 0.003], [89774.8, 0.019], [89775.0, 0.009], [89775.4, 0.114], [89775.5, 0.003], [89775.6, 0.012], [89775.9, 0.011], [89776.3, 0.006], [89776.5, 0.223], [89776.8, 0.308], [89776.9, 0.006], [89777.0, 1.58], [89777.1, 0.007], [89777.2, 0.112], [89777.3, 0.002], [89777.4, 0.003]], "timestamp": "2025-12-15T08:56:41.798347+00:00"}, {"symbol": "BTCUSDT", "bids": [[89745.0, 0.964], [89744.9, 0.02], [89744.8, 0.002], [89744.7, 0.006], [89744.6, 0.006], [89744.5, 0.048], [89744.3, 0.002], [89744.0, 0.003], [89743.9, 0.002], [89743.8, 0.031], [89743.5, 0.09], [89743.4, 0.01], [89743.0, 0.025], [89742.8, 0.002], [89742.7, 0.018], [89742.6, 0.009], [89742.5, 0.005], [89742.4, 0.002], [89742.3, 0.002], [89742.1, 0.002]], "asks": [[89745.1, 10.623], [89745.2, 0.004], [89745.3, 0.057], [89745.5, 0.063], [89745.6, 0.131], [89745.7, 0.056], [89746.1, 0.003], [89746.5, 0.012], [89746.6, 0.006], [89746.7, 0.003], [89746.8, 0.024], [89746.9, 0.003], [89747.1, 0.12], [89747.2, 0.002], [89747.4, 0.002], [89747.6, 0.002], [89747.7, 0.003], [89747.9, 0.003], [89748.0, 0.069], [89748.1, 0.002]], "timestamp": "2025-12-15T08:57:35.454953+00:00"}, {"symbol": "BTCUSDT", "bids": [[89729.4, 3.47], [89729.3, 0.296], [89729.2, 0.013], [89729.1, 0.112], [89729.0, 0.02], [89728.8, 0.005], [89728.7, 0.02], [89728.6, 0.002], [89728.5, 0.143], [89728.4, 0.002], [89728.2, 0.112], [89728.1, 0.041], [89728.0, 0.011], [89727.9, 0.006], [89727.8, 0.046], [89727.7, 0.037], [89727.5, 0.003], [89727.4, 0.003], [89727.3, 0.068], [89727.2, 0.006]], "asks": [[89729.5, 6.04], [89729.6, 0.374], [89729.7, 0.539], [89729.8, 0.002], [89730.0, 0.009], [89730.2, 0.003], [89730.3, 0.002], [89730.7, 0.005], [89731.0, 0.06], [89731.2, 0.066], [89731.3, 0.014], [89731.4, 0.002], [89731.5, 0.003], [89731.6, 0.002], [89731.8, 0.005], [89732.1, 0.018], [89732.3, 0.034], [89732.5, 0.002], [89732.6, 0.002], [89732.8, 0.003]], "timestamp": "2025-12-15T08:58:29.216056+00:00"}, {"symbol": "BTCUSDT", "bids": [[89728.1, 4.791], [89728.0, 0.208], [89727.9, 0.12], [89727.8, 0.05], [89727.7, 0.035], [89727.5, 0.003], [89727.4, 0.038], [89727.3, 0.011], [89727.2, 0.002], [89727.1, 0.007], [89727.0, 0.015], [89726.8, 0.004], [89726.5, 0.203], [89726.4, 1.115], [89726.3, 0.002], [89726.1, 0.035], [89726.0, 0.013], [89725.9, 0.114], [89725.8, 0.032], [89725.6, 0.006]], "asks": [[89728.2, 16.632], [89728.3, 0.008], [89728.5, 0.002], [89728.9, 0.291], [89729.1, 0.637], [89729.2, 0.002], [89729.4, 0.013], [89729.6, 0.107], [89729.7, 0.003], [89729.8, 0.005], [89729.9, 0.003], [89730.0, 0.095], [89730.1, 0.003], [89730.2, 0.006], [89730.3, 0.005], [89730.4, 0.003], [89730.5, 0.006], [89730.7, 0.002], [89731.1, 0.294], [89731.2, 0.01]], "timestamp": "2025-12-15T08:59:22.976870+00:00"}, {"symbol": "BTCUSDT", "bids": [[89722.3, 15.391], [89722.2, 0.061], [89722.1, 0.006], [89722.0, 1.671], [89721.9, 1.01], [89721.8, 1.23], [89721.7, 0.251], [89721.6, 0.002], [89721.5, 0.221], [89721.2, 0.005], [89721.1, 0.002], [89721.0, 0.016], [89720.9, 1.028], [89720.8, 0.002], [89720.6, 0.006], [89720.4, 0.012], [89720.3, 0.003], [89720.1, 1.0], [89720.0, 1.246], [89719.9, 1.676]], "asks": [[89722.4, 2.078], [89722.5, 0.006], [89722.6, 0.002], [89722.8, 0.003], [89722.9, 0.003], [89723.1, 0.002], [89723.5, 0.156], [89723.9, 0.081], [89724.0, 0.02], [89724.4, 0.005], [89724.5, 0.003], [89724.8, 0.004], [89724.9, 0.003], [89725.0, 0.005], [89725.2, 0.669], [89725.3, 0.004], [89725.4, 0.003], [89725.5, 0.003], [89725.8, 0.004], [89726.0, 0.007]], "timestamp": "2025-12-15T09:00:16.429750+00:00"}, {"symbol": "BTCUSDT", "bids": [[89743.6, 6.412], [89743.5, 0.545], [89743.4, 0.012], [89743.3, 0.005], [89743.2, 0.056], [89743.0, 0.004], [89742.9, 0.003], [89742.8, 0.002], [89742.6, 0.565], [89742.5, 1.114], [89742.4, 0.225], [89742.2, 0.003], [89742.1, 0.002], [89742.0, 0.013], [89741.7, 0.115], [89741.6, 0.005], [89741.5, 0.568], [89741.4, 0.002], [89741.3, 0.002], [89741.2, 0.004]], "asks": [[89743.7, 6.506], [89743.8, 0.032], [89744.2, 0.005], [89744.3, 0.003], [89744.4, 0.012], [89745.0, 0.003], [89745.2, 0.056], [89745.3, 0.002], [89745.5, 0.005], [89745.6, 0.026], [89745.7, 0.072], [89745.9, 0.003], [89746.0, 0.003], [89746.5, 0.36], [89746.6, 0.012], [89746.7, 0.003], [89746.8, 0.132], [89747.0, 0.003], [89747.1, 0.058], [89747.2, 0.005]], "timestamp": "2025-12-15T09:01:10.224111+00:00"}, {"symbol": "BTCUSDT", "bids": [[89774.0, 17.63], [89773.9, 0.414], [89773.8, 0.059], [89773.7, 0.014], [89773.6, 0.966], [89773.5, 0.01], [89773.4, 0.006], [89773.2, 1.002], [89773.1, 0.152], [89772.9, 0.003], [89772.5, 0.012], [89772.4, 0.003], [89772.3, 0.002], [89772.2, 1.114], [89772.1, 0.044], [89772.0, 0.003], [89771.9, 0.002], [89771.8, 0.003], [89771.6, 0.004], [89771.5, 0.168]], "asks": [[89774.1, 0.35], [89774.2, 0.005], [89774.3, 0.003], [89774.4, 0.005], [89774.5, 0.003], [89774.6, 0.033], [89774.9, 0.005], [89775.0, 0.004], [89775.1, 0.04], [89775.3, 0.002], [89775.6, 0.003], [89775.9, 0.027], [89776.1, 0.003], [89776.2, 0.005], [89776.4, 0.005], [89776.5, 0.002], [89776.6, 0.003], [89776.8, 0.099], [89776.9, 0.006], [89777.0, 0.008]], "timestamp": "2025-12-15T09:02:03.746638+00:00"}, {"symbol": "BTCUSDT", "bids": [[89833.4, 5.421], [89833.3, 0.443], [89833.2, 0.002], [89832.9, 0.007], [89832.8, 0.05], [89832.4, 0.06], [89832.2, 0.055], [89832.1, 0.307], [89832.0, 0.724], [89831.9, 0.003], [89831.8, 0.021], [89831.6, 0.002], [89831.5, 0.002], [89831.4, 0.009], [89831.3, 1.006], [89831.2, 0.004], [89831.1, 0.002], [89830.9, 0.003], [89830.6, 0.002], [89830.5, 0.003]], "asks": [[89833.5, 6.61], [89833.6, 0.006], [89834.4, 0.002], [89834.8, 0.002], [89835.3, 0.002], [89835.5, 0.329], [89835.6, 1.114], [89835.7, 0.002], [89835.9, 0.342], [89836.0, 0.005], [89836.3, 0.003], [89836.5, 0.006], [89836.6, 0.002], [89837.0, 0.003], [89837.1, 0.018], [89837.3, 0.281], [89837.6, 0.052], [89837.7, 0.112], [89837.9, 0.007], [89838.0, 0.004]], "timestamp": "2025-12-15T09:02:57.506726+00:00"}, {"symbol": "BTCUSDT", "bids": [[89814.2, 13.845], [89814.1, 0.668], [89814.0, 1.025], [89813.7, 0.067], [89813.6, 0.116], [89813.5, 0.112], [89813.2, 0.005], [89813.1, 0.012], [89813.0, 0.002], [89812.8, 0.056], [89812.7, 0.112], [89812.6, 0.041], [89812.5, 0.002], [89812.4, 0.003], [89812.3, 0.002], [89812.2, 0.003], [89812.0, 0.115], [89811.9, 0.002], [89811.5, 0.005], [89811.4, 0.005]], "asks": [[89814.3, 3.463], [89814.4, 0.004], [89814.8, 0.005], [89814.9, 0.003], [89815.2, 0.002], [89815.3, 0.002], [89815.5, 0.003], [89815.6, 0.163], [89816.1, 0.002], [89816.3, 0.006], [89816.4, 0.033], [89816.9, 0.006], [89817.2, 0.004], [89817.4, 0.003], [89817.5, 0.003], [89817.7, 0.004], [89818.0, 0.006], [89818.3, 0.006], [89818.4, 0.002], [89818.9, 0.115]], "timestamp": "2025-12-15T09:03:51.165310+00:00"}, {"symbol": "BTCUSDT", "bids": [[89871.5, 6.905], [89871.4, 0.132], [89871.3, 1.263], [89871.2, 0.063], [89871.1, 0.077], [89871.0, 0.182], [89870.9, 0.011], [89870.8, 0.003], [89870.7, 0.002], [89870.5, 1.112], [89870.4, 0.05], [89870.2, 0.114], [89870.1, 0.158], [89870.0, 0.05], [89869.9, 0.172], [89869.8, 0.007], [89869.7, 0.017], [89869.5, 0.002], [89869.4, 0.019], [89869.3, 0.115]], "asks": [[89871.6, 2.918], [89871.7, 0.006], [89872.1, 0.025], [89872.4, 0.002], [89872.5, 0.26], [89872.6, 0.003], [89872.7, 0.008], [89873.1, 0.005], [89873.3, 0.002], [89873.5, 0.004], [89873.6, 0.006], [89873.8, 0.031], [89874.0, 0.606], [89874.1, 0.008], [89874.2, 0.004], [89874.4, 0.006], [89874.5, 0.066], [89874.6, 0.005], [89874.7, 0.002], [89874.8, 0.003]], "timestamp": "2025-12-15T09:04:45.148413+00:00"}, {"symbol": "BTCUSDT", "bids": [[89818.2, 14.676], [89818.1, 0.879], [89818.0, 0.003], [89817.9, 0.003], [89817.8, 0.003], [89817.7, 0.007], [89817.6, 0.831], [89817.5, 1.972], [89817.4, 0.007], [89817.3, 0.022], [89817.2, 0.002], [89817.1, 0.002], [89816.9, 0.011], [89816.8, 2.22], [89816.7, 0.128], [89816.6, 0.002], [89816.2, 0.005], [89816.1, 0.003], [89816.0, 0.002], [89815.9, 0.002]], "asks": [[89818.3, 1.328], [89818.4, 0.001], [89818.5, 0.002], [89818.8, 0.005], [89819.3, 0.003], [89820.0, 0.005], [89820.3, 0.003], [89820.4, 0.002], [89820.7, 0.058], [89820.8, 0.005], [89821.0, 0.004], [89821.2, 0.005], [89821.4, 0.003], [89821.6, 0.004], [89821.9, 0.006], [89822.0, 0.004], [89822.3, 0.058], [89822.4, 0.003], [89822.5, 0.003], [89822.6, 0.003]], "timestamp": "2025-12-15T09:05:39.062755+00:00"}, {"symbol": "BTCUSDT", "bids": [[89819.4, 5.544], [89819.3, 0.535], [89819.2, 0.006], [89819.1, 0.005], [89819.0, 0.05], [89818.9, 0.335], [89818.8, 0.116], [89818.7, 0.011], [89818.6, 0.004], [89818.5, 0.014], [89818.4, 0.002], [89818.2, 0.013], [89818.1, 0.131], [89818.0, 0.004], [89817.7, 0.002], [89817.6, 0.006], [89817.5, 0.002], [89817.4, 0.005], [89817.3, 0.112], [89817.2, 0.002]], "asks": [[89819.5, 6.745], [89819.6, 0.121], [89819.7, 0.378], [89819.8, 0.154], [89820.0, 0.002], [89820.3, 0.005], [89820.6, 0.002], [89820.8, 0.003], [89821.4, 0.002], [89821.5, 0.005], [89821.6, 0.002], [89821.7, 0.003], [89821.9, 0.002], [89822.0, 0.003], [89822.4, 0.002], [89822.5, 0.003], [89822.7, 0.055], [89822.8, 0.003], [89823.0, 0.002], [89823.1, 0.003]], "timestamp": "2025-12-15T09:06:32.959034+00:00"}, {"symbol": "BTCUSDT", "bids": [[89854.4, 0.638], [89854.3, 0.007], [89854.2, 0.003], [89854.0, 0.01], [89853.9, 0.051], [89853.6, 0.002], [89853.5, 0.003], [89853.1, 0.004], [89852.9, 0.019], [89852.8, 0.03], [89852.7, 0.002], [89852.5, 0.009], [89852.4, 0.002], [89852.3, 0.003], [89852.2, 0.002], [89852.1, 0.002], [89852.0, 0.004], [89851.8, 0.042], [89851.7, 0.007], [89851.3, 0.005]], "asks": [[89854.5, 15.792], [89854.6, 0.008], [89854.8, 0.002], [89854.9, 0.003], [89855.1, 0.003], [89855.5, 0.012], [89855.6, 0.003], [89855.7, 0.002], [89855.9, 0.098], [89856.0, 0.004], [89856.1, 0.011], [89856.2, 0.111], [89856.3, 0.112], [89856.5, 0.003], [89856.6, 0.002], [89856.8, 0.004], [89856.9, 0.005], [89857.0, 0.006], [89857.1, 0.114], [89857.5, 0.012]], "timestamp": "2025-12-15T09:07:26.412308+00:00"}, {"symbol": "BTCUSDT", "bids": [[89822.9, 5.884], [89822.8, 0.567], [89822.7, 0.003], [89822.6, 0.118], [89822.5, 0.003], [89822.4, 0.049], [89822.1, 0.048], [89821.9, 0.113], [89821.8, 0.557], [89821.7, 0.003], [89821.6, 0.122], [89821.5, 0.003], [89821.4, 0.003], [89821.3, 0.006], [89821.2, 0.004], [89821.1, 0.015], [89820.9, 0.002], [89820.7, 0.002], [89820.6, 0.005], [89820.5, 0.115]], "asks": [[89823.0, 3.918], [89823.1, 0.035], [89823.3, 0.002], [89823.5, 0.003], [89823.9, 0.002], [89824.2, 0.002], [89824.3, 0.003], [89824.8, 0.005], [89824.9, 0.006], [89825.0, 0.002], [89825.1, 0.005], [89825.3, 0.003], [89825.4, 0.077], [89825.6, 0.002], [89825.9, 0.151], [89826.0, 0.375], [89826.1, 0.005], [89826.2, 0.002], [89826.3, 0.029], [89826.4, 0.003]], "timestamp": "2025-12-15T09:08:20.070871+00:00"}, {"symbol": "BTCUSDT", "bids": [[89801.0, 5.199], [89800.9, 0.359], [89800.7, 0.003], [89800.6, 0.005], [89800.5, 0.045], [89800.1, 0.023], [89800.0, 0.641], [89799.9, 0.021], [89799.8, 0.008], [89799.7, 0.002], [89799.6, 0.005], [89799.5, 0.003], [89799.4, 0.112], [89799.3, 0.011], [89799.2, 0.561], [89799.1, 0.005], [89799.0, 0.103], [89798.9, 0.042], [89798.8, 0.004], [89798.6, 0.115]], "asks": [[89801.1, 6.003], [89801.2, 0.037], [89801.3, 0.003], [89801.4, 0.06], [89801.5, 0.146], [89802.0, 0.002], [89802.2, 0.003], [89802.3, 0.002], [89802.6, 0.002], [89802.7, 0.003], [89803.0, 0.002], [89803.1, 0.003], [89803.3, 0.011], [89803.5, 0.002], [89803.6, 0.003], [89803.7, 0.017], [89803.9, 0.003], [89804.0, 0.002], [89804.1, 0.002], [89804.2, 0.008]], "timestamp": "2025-12-15T09:09:13.837254+00:00"}, {"symbol": "BTCUSDT", "bids": [[89810.6, 5.534], [89810.5, 0.008], [89810.1, 0.003], [89810.0, 0.007], [89809.8, 0.047], [89809.6, 0.003], [89809.5, 0.006], [89809.3, 0.003], [89809.0, 0.005], [89808.9, 0.012], [89808.8, 0.108], [89808.7, 0.112], [89808.6, 0.005], [89808.5, 0.006], [89808.4, 0.007], [89808.3, 0.024], [89808.2, 0.005], [89808.1, 0.005], [89808.0, 0.003], [89807.9, 0.003]], "asks": [[89810.7, 4.888], [89810.8, 0.004], [89811.0, 0.002], [89811.3, 0.005], [89811.5, 0.068], [89811.6, 0.116], [89811.7, 0.282], [89811.8, 0.003], [89812.2, 0.002], [89812.3, 0.003], [89812.4, 0.002], [89812.5, 0.005], [89812.7, 0.003], [89812.8, 0.004], [89813.1, 0.005], [89813.4, 0.002], [89813.6, 0.006], [89813.7, 0.002], [89814.2, 0.003], [89814.3, 0.002]], "timestamp": "2025-12-15T09:10:07.490327+00:00"}, {"symbol": "BTCUSDT", "bids": [[89776.5, 9.577], [89776.4, 0.016], [89776.3, 0.002], [89776.2, 0.004], [89776.0, 0.144], [89775.5, 0.006], [89775.4, 0.023], [89775.3, 0.011], [89775.1, 0.249], [89775.0, 0.121], [89774.8, 0.002], [89774.7, 0.002], [89774.5, 0.008], [89774.3, 0.113], [89774.1, 0.112], [89774.0, 0.006], [89773.9, 0.002], [89773.7, 0.016], [89773.6, 0.024], [89773.5, 0.012]], "asks": [[89776.6, 4.102], [89776.7, 0.104], [89776.9, 0.003], [89777.1, 0.002], [89777.4, 0.004], [89777.6, 0.002], [89777.7, 0.025], [89777.8, 0.037], [89777.9, 0.055], [89778.0, 0.056], [89778.2, 0.003], [89778.3, 0.002], [89778.6, 0.061], [89778.7, 0.045], [89778.8, 0.003], [89778.9, 0.002], [89779.2, 0.002], [89779.3, 0.003], [89779.4, 0.003], [89779.5, 0.011]], "timestamp": "2025-12-15T09:11:01.250966+00:00"}, {"symbol": "BTCUSDT", "bids": [[89775.7, 2.332], [89775.6, 0.025], [89775.5, 0.059], [89775.4, 0.002], [89775.0, 0.002], [89774.8, 0.002], [89774.3, 0.099], [89774.1, 0.003], [89774.0, 0.025], [89773.9, 0.004], [89773.7, 0.003], [89773.6, 0.005], [89773.2, 0.002], [89773.1, 0.115], [89773.0, 0.002], [89772.9, 0.018], [89772.7, 0.006], [89772.4, 0.003], [89772.1, 0.007], [89772.0, 0.112]], "asks": [[89775.8, 7.074], [89775.9, 0.006], [89776.1, 0.003], [89776.2, 0.002], [89776.4, 0.002], [89776.5, 0.045], [89776.7, 0.002], [89776.8, 0.033], [89776.9, 0.003], [89777.1, 0.002], [89777.4, 0.007], [89777.5, 0.002], [89777.6, 0.002], [89777.7, 0.06], [89777.8, 0.003], [89778.0, 0.014], [89778.2, 0.003], [89778.3, 0.005], [89778.5, 0.043], [89778.6, 0.015]], "timestamp": "2025-12-15T09:11:55.318105+00:00"}, {"symbol": "BTCUSDT", "bids": [[89738.6, 6.015], [89738.5, 0.309], [89738.3, 0.004], [89738.1, 0.09], [89738.0, 0.114], [89737.2, 0.114], [89737.1, 0.052], [89736.9, 0.004], [89736.8, 0.002], [89736.7, 0.278], [89736.6, 0.136], [89736.5, 0.004], [89736.3, 0.129], [89735.8, 0.01], [89735.7, 0.805], [89735.6, 0.112], [89735.1, 0.057], [89735.0, 0.125], [89734.8, 0.114], [89734.6, 0.019]], "asks": [[89738.7, 2.756], [89738.8, 0.006], [89739.0, 0.004], [89739.3, 0.002], [89739.6, 0.009], [89739.7, 0.002], [89740.0, 0.002], [89740.1, 0.003], [89740.4, 0.043], [89740.6, 0.005], [89741.0, 0.003], [89741.1, 0.005], [89741.2, 0.005], [89741.5, 0.002], [89741.6, 0.008], [89741.8, 0.071], [89741.9, 0.004], [89742.0, 0.002], [89742.1, 0.003], [89742.2, 0.002]], "timestamp": "2025-12-15T09:12:48.996444+00:00"}, {"symbol": "BTCUSDT", "bids": [[89761.9, 10.272], [89761.8, 0.149], [89761.7, 0.092], [89761.6, 0.014], [89761.5, 0.002], [89761.3, 0.013], [89761.0, 0.002], [89760.5, 0.01], [89760.4, 0.225], [89760.0, 0.005], [89759.9, 0.114], [89759.7, 0.003], [89759.4, 0.235], [89759.3, 0.425], [89759.2, 0.014], [89759.1, 0.006], [89759.0, 0.003], [89758.9, 0.003], [89758.8, 0.116], [89758.7, 0.005]], "asks": [[89762.0, 3.006], [89762.1, 0.009], [89762.3, 0.006], [89762.4, 0.027], [89762.5, 0.002], [89762.6, 0.011], [89762.7, 0.005], [89762.9, 0.125], [89763.0, 0.004], [89763.2, 0.003], [89763.3, 0.015], [89763.5, 0.002], [89763.6, 0.135], [89763.7, 0.003], [89763.9, 0.004], [89764.0, 0.003], [89764.2, 0.102], [89764.4, 0.004], [89764.5, 0.004], [89764.7, 0.006]], "timestamp": "2025-12-15T09:13:42.839822+00:00"}, {"symbol": "BTCUSDT", "bids": [[89806.7, 9.583], [89806.6, 0.01], [89806.4, 0.035], [89806.1, 0.003], [89806.0, 0.002], [89805.7, 0.012], [89805.6, 0.008], [89805.5, 0.003], [89805.4, 0.002], [89805.1, 0.002], [89805.0, 0.003], [89804.7, 0.226], [89804.6, 0.055], [89804.5, 0.005], [89804.3, 0.002], [89804.2, 0.005], [89804.1, 1.112], [89804.0, 0.008], [89803.9, 0.006], [89803.8, 0.003]], "asks": [[89806.8, 5.609], [89806.9, 0.127], [89807.0, 0.006], [89807.2, 0.005], [89807.4, 0.002], [89807.7, 0.003], [89807.9, 0.152], [89808.2, 0.006], [89808.3, 0.022], [89808.4, 0.002], [89808.6, 0.003], [89808.7, 0.003], [89808.8, 0.003], [89809.0, 0.281], [89809.1, 0.12], [89809.2, 0.007], [89809.3, 0.013], [89809.5, 0.035], [89809.7, 0.003], [89809.8, 0.002]], "timestamp": "2025-12-15T09:14:35.985977+00:00"}, {"symbol": "BTCUSDT", "bids": [[89799.9, 5.652], [89799.8, 0.008], [89799.7, 0.023], [89799.6, 0.005], [89799.5, 0.003], [89799.4, 0.003], [89799.3, 0.003], [89799.2, 0.006], [89799.1, 0.003], [89799.0, 0.003], [89798.8, 0.164], [89798.7, 0.003], [89798.6, 0.003], [89798.5, 0.012], [89798.3, 0.055], [89798.2, 0.005], [89798.1, 0.002], [89797.9, 0.005], [89797.8, 0.034], [89797.7, 0.004]], "asks": [[89800.0, 6.544], [89800.1, 0.13], [89800.2, 0.003], [89800.5, 0.002], [89800.8, 0.112], [89801.0, 0.002], [89801.1, 0.025], [89801.2, 0.012], [89801.6, 0.034], [89801.7, 0.005], [89801.9, 0.114], [89802.0, 0.018], [89802.3, 0.003], [89802.6, 0.112], [89802.8, 0.003], [89802.9, 0.033], [89803.1, 0.003], [89803.3, 0.012], [89803.4, 0.002], [89803.5, 0.112]], "timestamp": "2025-12-15T09:15:29.438658+00:00"}, {"symbol": "BTCUSDT", "bids": [[89819.5, 14.331], [89819.4, 0.205], [89819.3, 0.143], [89819.0, 0.003], [89818.8, 0.012], [89818.6, 0.002], [89818.4, 0.003], [89818.2, 0.114], [89818.1, 0.055], [89818.0, 0.002], [89817.9, 0.006], [89817.8, 0.003], [89817.7, 0.003], [89817.6, 0.003], [89817.5, 0.005], [89817.4, 0.009], [89817.3, 0.02], [89817.2, 0.002], [89817.1, 0.112], [89817.0, 0.509]], "asks": [[89819.6, 6.006], [89819.7, 0.006], [89820.0, 0.002], [89820.2, 0.005], [89820.3, 0.013], [89820.6, 0.002], [89820.9, 0.07], [89821.0, 0.003], [89821.1, 0.007], [89821.2, 0.004], [89821.6, 0.007], [89821.8, 0.003], [89821.9, 0.012], [89822.0, 0.002], [89822.1, 0.003], [89822.4, 0.005], [89822.6, 0.003], [89822.7, 0.004], [89822.8, 0.011], [89822.9, 0.009]], "timestamp": "2025-12-15T09:16:23.432865+00:00"}, {"symbol": "BTCUSDT", "bids": [[89807.2, 8.405], [89807.1, 0.113], [89807.0, 0.003], [89806.9, 0.002], [89806.8, 0.034], [89806.5, 0.012], [89806.3, 0.009], [89806.1, 0.003], [89806.0, 0.652], [89805.7, 0.112], [89805.4, 0.005], [89805.3, 0.002], [89805.2, 0.003], [89805.1, 0.007], [89805.0, 0.121], [89804.9, 0.002], [89804.7, 0.005], [89804.6, 0.033], [89804.5, 0.005], [89804.4, 0.005]], "asks": [[89807.3, 9.212], [89807.4, 0.006], [89807.5, 0.037], [89807.6, 0.094], [89807.7, 0.005], [89808.0, 0.002], [89808.2, 0.003], [89808.4, 0.004], [89808.7, 0.003], [89808.9, 0.002], [89809.2, 0.002], [89809.5, 0.003], [89809.6, 0.003], [89809.8, 0.002], [89810.0, 0.005], [89810.1, 0.002], [89810.4, 0.003], [89810.5, 0.005], [89810.6, 0.002], [89810.7, 0.098]], "timestamp": "2025-12-15T09:17:17.165842+00:00"}, {"symbol": "BTCUSDT", "bids": [[89826.6, 4.917], [89826.5, 0.006], [89826.3, 0.014], [89826.1, 0.005], [89826.0, 0.005], [89825.9, 0.003], [89825.8, 0.006], [89825.7, 0.008], [89825.6, 0.003], [89825.3, 0.005], [89825.2, 0.002], [89825.1, 0.003], [89825.0, 0.002], [89824.8, 0.035], [89824.7, 0.006], [89824.6, 0.006], [89824.5, 0.003], [89824.3, 0.002], [89824.2, 0.003], [89824.0, 0.008]], "asks": [[89826.7, 11.101], [89826.8, 0.32], [89826.9, 0.054], [89827.0, 0.006], [89827.1, 0.112], [89827.2, 0.033], [89827.4, 0.046], [89827.5, 0.003], [89827.8, 0.112], [89827.9, 0.002], [89828.1, 0.012], [89828.3, 0.003], [89828.5, 0.112], [89828.8, 0.011], [89828.9, 0.003], [89829.0, 0.007], [89829.3, 0.04], [89829.4, 0.115], [89829.8, 0.003], [89829.9, 0.033]], "timestamp": "2025-12-15T09:18:11.028544+00:00"}, {"symbol": "BTCUSDT", "bids": [[89790.0, 8.184], [89789.9, 0.008], [89789.7, 0.003], [89789.4, 0.003], [89789.2, 0.03], [89789.0, 0.002], [89788.9, 0.002], [89788.8, 0.045], [89788.7, 0.003], [89788.6, 0.003], [89788.5, 0.006], [89788.3, 0.004], [89788.2, 1.116], [89788.1, 0.007], [89788.0, 0.002], [89787.7, 0.115], [89787.6, 0.027], [89787.5, 0.002], [89787.3, 0.007], [89787.2, 0.083]], "asks": [[89790.1, 10.595], [89790.2, 0.006], [89790.6, 0.005], [89790.8, 0.002], [89791.1, 0.003], [89791.5, 0.003], [89791.6, 0.003], [89791.7, 0.006], [89791.8, 0.005], [89791.9, 0.002], [89792.0, 0.003], [89792.1, 0.025], [89792.2, 0.003], [89792.4, 0.694], [89792.5, 4.322], [89792.6, 0.005], [89792.7, 0.002], [89792.8, 0.003], [89792.9, 0.115], [89793.0, 0.013]], "timestamp": "2025-12-15T09:19:04.708142+00:00"}, {"symbol": "BTCUSDT", "bids": [[89813.8, 4.658], [89813.7, 0.035], [89813.2, 0.005], [89812.8, 1.114], [89812.7, 0.003], [89812.6, 0.002], [89812.5, 0.002], [89812.3, 0.063], [89812.2, 0.039], [89812.1, 0.091], [89812.0, 0.002], [89811.8, 0.003], [89811.7, 0.005], [89811.4, 0.002], [89811.3, 0.002], [89811.2, 0.003], [89811.0, 0.016], [89810.8, 0.002], [89810.7, 0.003], [89810.5, 0.002]], "asks": [[89813.9, 5.947], [89814.0, 0.008], [89814.2, 0.003], [89814.4, 0.02], [89814.7, 0.031], [89814.8, 0.006], [89814.9, 0.002], [89815.1, 0.097], [89815.2, 0.004], [89815.3, 0.003], [89815.5, 0.114], [89815.6, 0.002], [89815.7, 0.012], [89815.8, 0.036], [89815.9, 0.008], [89816.0, 0.002], [89816.1, 0.004], [89816.2, 0.248], [89816.3, 0.112], [89816.4, 0.058]], "timestamp": "2025-12-15T09:19:58.345370+00:00"}, {"symbol": "BTCUSDT", "bids": [[89806.0, 0.293], [89805.9, 0.002], [89805.5, 0.003], [89805.1, 0.002], [89804.9, 0.004], [89804.7, 0.003], [89804.5, 0.002], [89804.4, 0.002], [89804.1, 0.003], [89804.0, 0.007], [89803.9, 0.02], [89803.8, 0.041], [89803.7, 0.006], [89803.6, 0.007], [89803.5, 0.002], [89803.4, 0.003], [89803.3, 0.004], [89803.2, 0.003], [89803.0, 0.003], [89802.8, 0.022]], "asks": [[89806.1, 9.52], [89806.2, 0.006], [89806.3, 0.07], [89806.8, 0.005], [89807.0, 0.111], [89807.3, 0.003], [89807.4, 0.002], [89807.7, 0.002], [89807.8, 0.115], [89808.2, 0.112], [89808.3, 0.055], [89808.4, 0.002], [89808.6, 0.005], [89808.7, 0.112], [89808.8, 0.002], [89808.9, 0.012], [89809.0, 0.003], [89809.2, 0.006], [89809.3, 0.112], [89809.4, 0.002]], "timestamp": "2025-12-15T09:20:52.106202+00:00"}, {"symbol": "BTCUSDT", "bids": [[89824.1, 6.699], [89824.0, 0.033], [89823.8, 0.002], [89823.6, 0.005], [89823.0, 0.097], [89822.9, 0.159], [89822.8, 0.097], [89822.7, 0.016], [89822.6, 0.028], [89822.5, 0.01], [89822.4, 0.003], [89822.2, 0.004], [89822.1, 0.003], [89821.9, 0.29], [89821.8, 0.18], [89821.6, 0.004], [89821.5, 0.009], [89821.3, 1.124], [89821.0, 0.117], [89820.9, 0.322]], "asks": [[89824.2, 5.534], [89824.3, 0.004], [89824.4, 0.002], [89824.7, 0.014], [89824.8, 0.04], [89824.9, 0.003], [89825.0, 0.004], [89825.1, 0.002], [89825.3, 0.006], [89825.6, 0.002], [89825.7, 0.006], [89826.0, 0.004], [89826.1, 0.112], [89826.2, 0.003], [89826.3, 0.098], [89826.4, 0.003], [89826.5, 0.007], [89826.7, 0.014], [89826.8, 0.114], [89826.9, 0.012]], "timestamp": "2025-12-15T09:21:45.809862+00:00"}, {"symbol": "BTCUSDT", "bids": [[89824.1, 6.831], [89824.0, 0.012], [89823.6, 0.003], [89823.4, 0.045], [89823.0, 0.005], [89822.9, 0.159], [89822.8, 0.062], [89822.7, 0.018], [89822.6, 0.016], [89822.5, 0.015], [89822.4, 0.003], [89822.2, 0.038], [89822.1, 0.015], [89821.8, 0.055], [89821.6, 0.004], [89821.5, 0.329], [89821.4, 0.429], [89821.3, 1.229], [89821.0, 0.005], [89820.9, 0.008]], "asks": [[89824.2, 6.978], [89824.3, 0.048], [89824.4, 0.005], [89824.6, 0.012], [89824.7, 0.002], [89824.8, 0.04], [89824.9, 0.058], [89825.0, 0.004], [89825.1, 0.002], [89825.3, 0.005], [89825.4, 0.002], [89825.5, 0.13], [89825.6, 0.114], [89825.7, 0.006], [89826.0, 0.004], [89826.2, 0.003], [89826.3, 0.011], [89826.4, 0.003], [89826.5, 0.119], [89826.6, 0.012]], "timestamp": "2025-12-15T09:22:39.524859+00:00"}, {"symbol": "BTCUSDT", "bids": [[89804.1, 14.576], [89804.0, 0.015], [89803.9, 0.023], [89803.8, 0.003], [89803.7, 0.009], [89803.6, 0.003], [89803.5, 0.003], [89803.3, 0.002], [89803.0, 0.003], [89802.8, 0.002], [89802.7, 0.433], [89802.6, 1.112], [89802.5, 0.003], [89802.4, 0.002], [89802.1, 0.003], [89802.0, 0.116], [89801.8, 0.014], [89801.7, 0.02], [89801.6, 0.108], [89801.5, 0.028]], "asks": [[89804.2, 7.012], [89804.3, 0.016], [89804.4, 0.002], [89804.5, 0.006], [89804.7, 0.002], [89804.8, 0.003], [89805.0, 0.002], [89805.3, 0.002], [89805.4, 0.003], [89805.6, 0.002], [89805.9, 0.005], [89806.0, 0.213], [89806.1, 0.003], [89806.2, 0.002], [89806.4, 0.112], [89806.5, 0.06], [89806.8, 0.036], [89806.9, 0.009], [89807.0, 0.112], [89807.2, 0.002]], "timestamp": "2025-12-15T09:23:33.285069+00:00"}, {"symbol": "BTCUSDT", "bids": [[89839.3, 7.146], [89839.2, 0.012], [89839.1, 0.399], [89839.0, 0.003], [89838.8, 0.011], [89838.7, 0.003], [89838.6, 0.002], [89838.5, 0.005], [89838.3, 0.002], [89838.0, 0.002], [89837.9, 0.007], [89837.8, 0.014], [89837.7, 0.112], [89837.5, 0.002], [89837.4, 0.003], [89837.3, 1.115], [89837.1, 0.002], [89837.0, 0.112], [89836.7, 0.017], [89836.5, 0.005]], "asks": [[89839.4, 4.003], [89839.5, 0.01], [89839.6, 0.003], [89839.7, 0.024], [89840.0, 0.283], [89840.1, 0.003], [89840.2, 0.019], [89840.4, 0.1], [89840.5, 0.058], [89840.6, 0.003], [89840.8, 0.002], [89840.9, 0.002], [89841.1, 0.026], [89841.3, 0.002], [89841.6, 0.003], [89841.8, 0.007], [89842.1, 0.115], [89842.2, 0.015], [89842.3, 0.006], [89842.4, 0.002]], "timestamp": "2025-12-15T09:24:26.681516+00:00"}, {"symbol": "BTCUSDT", "bids": [[89857.2, 16.901], [89857.1, 0.076], [89857.0, 0.19], [89856.9, 0.011], [89856.8, 0.114], [89856.5, 0.003], [89856.3, 0.513], [89856.2, 0.002], [89856.0, 0.741], [89855.9, 1.199], [89855.8, 0.014], [89855.7, 0.012], [89855.5, 0.003], [89855.4, 0.002], [89855.2, 0.115], [89855.0, 0.346], [89854.9, 0.002], [89854.8, 0.011], [89854.7, 0.002], [89854.5, 0.279]], "asks": [[89857.3, 0.853], [89857.4, 0.004], [89857.5, 0.002], [89857.6, 0.005], [89857.8, 0.056], [89858.1, 0.003], [89858.3, 0.004], [89858.5, 0.002], [89858.6, 0.005], [89858.7, 0.003], [89859.0, 0.002], [89859.1, 0.014], [89859.2, 0.014], [89859.6, 0.003], [89859.7, 0.003], [89859.8, 0.002], [89859.9, 0.002], [89860.0, 1.003], [89860.1, 0.028], [89860.3, 0.005]], "timestamp": "2025-12-15T09:25:20.807280+00:00"}, {"symbol": "BTCUSDT", "bids": [[89868.9, 7.115], [89868.8, 0.166], [89868.7, 0.115], [89868.6, 0.055], [89868.4, 0.702], [89868.3, 1.001], [89868.2, 0.196], [89868.1, 1.16], [89868.0, 0.083], [89867.9, 0.138], [89867.8, 0.008], [89867.6, 0.003], [89867.5, 0.652], [89867.4, 0.004], [89867.2, 0.112], [89867.1, 0.005], [89867.0, 0.012], [89866.9, 0.006], [89866.8, 0.04], [89866.7, 0.002]], "asks": [[89869.0, 4.506], [89869.1, 0.076], [89869.2, 0.003], [89869.7, 0.005], [89870.0, 0.004], [89870.3, 0.088], [89870.8, 0.068], [89870.9, 0.115], [89871.0, 0.005], [89871.4, 0.021], [89871.8, 0.005], [89871.9, 0.003], [89872.3, 0.002], [89872.5, 0.003], [89872.6, 0.003], [89872.7, 0.002], [89872.8, 0.005], [89872.9, 0.012], [89873.0, 0.004], [89873.1, 0.117]], "timestamp": "2025-12-15T09:26:14.568397+00:00"}, {"symbol": "BTCUSDT", "bids": [[89866.6, 7.292], [89866.5, 0.019], [89866.4, 0.05], [89866.3, 0.002], [89866.2, 0.002], [89866.1, 0.002], [89866.0, 0.441], [89865.9, 0.003], [89865.8, 0.033], [89865.6, 0.056], [89865.4, 0.322], [89865.3, 0.004], [89865.0, 0.005], [89864.9, 0.003], [89864.8, 0.003], [89864.7, 0.114], [89864.6, 0.003], [89864.4, 0.022], [89864.2, 0.003], [89864.1, 0.057]], "asks": [[89866.7, 5.066], [89866.8, 0.004], [89866.9, 0.011], [89867.0, 0.002], [89867.1, 0.003], [89867.3, 0.002], [89867.6, 0.003], [89868.0, 0.029], [89868.1, 0.003], [89868.2, 0.002], [89868.5, 0.002], [89868.7, 0.003], [89868.8, 0.005], [89869.0, 0.061], [89869.5, 0.127], [89869.6, 0.003], [89870.0, 0.004], [89870.2, 0.003], [89870.3, 0.115], [89870.4, 0.055]], "timestamp": "2025-12-15T09:27:08.738010+00:00"}, {"symbol": "BTCUSDT", "bids": [[89863.9, 7.948], [89863.8, 0.008], [89863.7, 0.002], [89863.5, 0.004], [89863.4, 0.003], [89863.2, 0.004], [89863.1, 0.002], [89862.9, 0.007], [89862.8, 0.003], [89862.6, 0.002], [89862.5, 0.005], [89862.3, 0.003], [89862.2, 0.002], [89862.1, 0.005], [89861.9, 0.005], [89861.8, 0.014], [89861.7, 0.005], [89861.4, 0.06], [89861.3, 0.091], [89861.2, 0.005]], "asks": [[89864.0, 6.12], [89864.1, 0.011], [89864.3, 0.002], [89864.4, 0.003], [89864.9, 0.003], [89865.0, 0.002], [89865.5, 0.002], [89865.6, 0.002], [89865.7, 0.003], [89865.8, 0.114], [89866.0, 0.003], [89866.3, 0.003], [89866.4, 0.002], [89866.7, 0.117], [89866.8, 0.008], [89867.0, 0.147], [89867.1, 0.232], [89867.3, 0.115], [89867.4, 0.024], [89867.6, 0.003]], "timestamp": "2025-12-15T09:28:02.703666+00:00"}, {"symbol": "BTCUSDT", "bids": [[89831.1, 4.382], [89831.0, 0.658], [89830.6, 0.036], [89830.4, 0.002], [89830.2, 0.004], [89830.1, 0.003], [89829.9, 0.002], [89829.7, 0.002], [89829.6, 0.011], [89829.2, 0.003], [89829.1, 0.003], [89829.0, 0.005], [89828.9, 0.111], [89828.8, 0.035], [89828.7, 0.022], [89828.6, 0.003], [89828.4, 0.005], [89828.2, 0.003], [89828.1, 0.19], [89828.0, 0.002]], "asks": [[89831.2, 11.233], [89831.3, 0.011], [89831.7, 0.057], [89831.8, 0.005], [89831.9, 0.002], [89832.0, 0.112], [89832.1, 0.174], [89832.2, 0.001], [89832.3, 0.058], [89832.4, 0.012], [89832.8, 0.002], [89833.1, 0.002], [89833.2, 0.008], [89833.3, 0.003], [89833.5, 0.003], [89833.7, 0.394], [89833.8, 0.054], [89833.9, 0.003], [89834.1, 0.002], [89834.2, 0.005]], "timestamp": "2025-12-15T09:28:56.157610+00:00"}, {"symbol": "BTCUSDT", "bids": [[89846.9, 6.849], [89846.8, 0.063], [89846.7, 0.035], [89846.6, 0.002], [89846.5, 0.003], [89846.4, 0.002], [89846.1, 0.033], [89846.0, 0.003], [89845.9, 0.002], [89845.5, 0.004], [89845.3, 0.003], [89845.1, 0.112], [89845.0, 0.005], [89844.9, 0.003], [89844.5, 0.003], [89844.4, 0.044], [89844.3, 0.033], [89844.1, 0.005], [89844.0, 0.122], [89843.7, 0.011]], "asks": [[89847.0, 6.872], [89847.1, 0.014], [89847.2, 0.022], [89847.4, 0.005], [89848.0, 0.004], [89848.3, 0.003], [89848.5, 0.002], [89848.7, 0.012], [89848.8, 0.003], [89849.0, 0.003], [89849.1, 0.031], [89849.2, 0.114], [89849.3, 0.003], [89849.4, 0.114], [89849.6, 0.002], [89849.9, 0.013], [89850.0, 0.209], [89850.1, 0.002], [89850.2, 0.117], [89850.3, 0.002]], "timestamp": "2025-12-15T09:29:49.953645+00:00"}, {"symbol": "BTCUSDT", "bids": [[89839.0, 3.928], [89838.9, 0.047], [89838.8, 0.006], [89838.7, 0.002], [89838.6, 0.043], [89838.4, 0.003], [89838.3, 0.002], [89838.0, 0.504], [89837.8, 0.004], [89837.6, 0.003], [89837.5, 0.002], [89837.4, 0.006], [89837.3, 0.163], [89837.1, 0.085], [89837.0, 0.008], [89836.9, 0.002], [89836.7, 0.02], [89836.5, 0.005], [89836.4, 0.003], [89836.3, 1.112]], "asks": [[89839.1, 17.022], [89839.2, 0.024], [89839.3, 0.002], [89839.5, 0.005], [89839.8, 0.002], [89839.9, 0.012], [89840.0, 0.046], [89840.4, 0.002], [89840.6, 0.003], [89841.1, 0.132], [89841.2, 0.007], [89841.3, 0.004], [89841.6, 0.003], [89841.8, 0.002], [89841.9, 0.012], [89842.0, 0.114], [89842.1, 0.003], [89842.2, 0.005], [89842.5, 0.002], [89842.7, 0.005]], "timestamp": "2025-12-15T09:30:43.883879+00:00"}, {"symbol": "BTCUSDT", "bids": [[89822.6, 5.289], [89822.5, 0.06], [89822.4, 0.003], [89821.9, 0.003], [89821.8, 0.014], [89821.6, 0.007], [89821.5, 0.012], [89821.4, 0.003], [89821.3, 0.002], [89820.9, 0.002], [89820.8, 0.02], [89820.7, 0.005], [89820.6, 0.005], [89820.2, 0.003], [89820.1, 0.002], [89820.0, 0.074], [89819.9, 0.003], [89819.5, 0.115], [89819.4, 0.002], [89819.3, 1.112]], "asks": [[89822.7, 5.747], [89822.8, 0.038], [89823.0, 0.002], [89823.2, 0.003], [89823.5, 0.011], [89823.9, 0.002], [89824.0, 0.005], [89824.2, 0.002], [89824.4, 0.006], [89824.7, 0.003], [89824.8, 0.045], [89825.0, 0.004], [89825.1, 0.007], [89825.4, 0.26], [89825.5, 0.015], [89825.6, 0.004], [89825.7, 0.002], [89825.8, 0.002], [89825.9, 0.115], [89826.0, 0.01]], "timestamp": "2025-12-15T09:31:37.439092+00:00"}, {"symbol": "BTCUSDT", "bids": [[89828.7, 6.544], [89828.6, 0.014], [89828.4, 0.002], [89828.3, 0.003], [89828.0, 0.006], [89827.8, 0.003], [89827.7, 0.005], [89827.6, 0.012], [89827.1, 0.003], [89827.0, 0.002], [89826.8, 0.004], [89826.7, 0.003], [89826.5, 0.003], [89826.4, 1.003], [89826.3, 0.128], [89826.2, 1.127], [89826.1, 0.002], [89826.0, 0.005], [89825.9, 0.003], [89825.7, 0.002]], "asks": [[89828.8, 6.322], [89828.9, 0.028], [89829.0, 0.005], [89829.2, 0.002], [89829.8, 0.003], [89829.9, 0.055], [89830.1, 0.002], [89830.4, 0.072], [89830.5, 0.1], [89830.6, 0.003], [89830.8, 0.041], [89831.0, 0.002], [89831.1, 0.002], [89831.3, 0.013], [89831.4, 0.002], [89831.6, 0.003], [89831.7, 0.025], [89831.8, 0.011], [89831.9, 0.002], [89832.0, 0.043]], "timestamp": "2025-12-15T09:32:30.841126+00:00"}, {"symbol": "BTCUSDT", "bids": [[89816.3, 7.168], [89816.2, 0.008], [89816.0, 0.002], [89815.9, 0.005], [89815.8, 0.544], [89815.7, 0.06], [89815.6, 0.002], [89815.5, 0.005], [89815.4, 0.014], [89815.3, 0.037], [89815.2, 0.003], [89815.0, 0.002], [89814.4, 0.022], [89814.3, 0.006], [89814.2, 0.112], [89814.1, 0.002], [89814.0, 0.003], [89813.8, 0.006], [89813.7, 0.005], [89813.6, 0.002]], "asks": [[89816.4, 14.204], [89816.5, 0.178], [89816.6, 1.002], [89816.7, 0.002], [89816.8, 0.003], [89817.2, 0.002], [89817.5, 0.003], [89817.8, 0.002], [89817.9, 0.002], [89818.2, 0.002], [89818.4, 0.003], [89818.6, 0.003], [89818.9, 0.003], [89819.4, 0.003], [89819.5, 0.002], [89819.6, 0.005], [89819.9, 0.112], [89820.0, 0.007], [89820.1, 0.006], [89820.2, 0.003]], "timestamp": "2025-12-15T09:33:24.550942+00:00"}, {"symbol": "BTCUSDT", "bids": [[89798.3, 6.86], [89798.2, 0.018], [89798.1, 0.004], [89797.3, 0.002], [89796.5, 0.003], [89796.4, 0.012], [89796.3, 0.003], [89796.2, 0.01], [89796.1, 0.01], [89796.0, 0.003], [89795.5, 0.01], [89795.4, 0.122], [89795.3, 0.53], [89795.2, 0.524], [89795.0, 0.005], [89794.8, 0.003], [89794.6, 0.117], [89794.3, 0.003], [89794.2, 0.012], [89794.1, 0.002]], "asks": [[89798.4, 6.243], [89798.5, 0.009], [89798.6, 0.003], [89798.7, 0.005], [89798.8, 0.002], [89799.2, 0.003], [89799.3, 0.002], [89799.4, 0.009], [89799.5, 0.222], [89799.6, 0.008], [89799.7, 0.003], [89799.9, 0.002], [89800.0, 0.027], [89800.1, 0.002], [89800.3, 0.026], [89800.4, 0.003], [89800.5, 0.002], [89800.7, 0.114], [89800.8, 0.01], [89801.1, 1.011]], "timestamp": "2025-12-15T09:34:18.414082+00:00"}, {"symbol": "BTCUSDT", "bids": [[89805.1, 10.716], [89805.0, 0.155], [89804.9, 0.006], [89804.7, 0.002], [89804.6, 0.112], [89804.5, 0.004], [89804.2, 0.002], [89804.0, 0.002], [89803.9, 0.003], [89803.8, 0.011], [89803.6, 0.014], [89803.4, 0.009], [89803.3, 0.002], [89803.2, 0.134], [89803.1, 0.881], [89803.0, 0.002], [89802.6, 0.003], [89802.3, 0.003], [89802.0, 0.011], [89801.8, 0.003]], "asks": [[89805.2, 4.046], [89805.3, 0.007], [89805.9, 0.002], [89806.0, 0.141], [89806.1, 0.141], [89806.6, 0.003], [89806.7, 0.191], [89806.8, 0.034], [89807.0, 0.002], [89807.1, 0.002], [89807.2, 0.002], [89807.4, 0.003], [89807.5, 0.003], [89807.8, 0.002], [89807.9, 0.003], [89808.1, 0.003], [89808.3, 0.011], [89808.4, 0.004], [89808.5, 0.003], [89808.7, 0.002]], "timestamp": "2025-12-15T09:35:12.379853+00:00"}, {"symbol": "BTCUSDT", "bids": [[89817.9, 6.147], [89817.8, 0.016], [89817.7, 0.002], [89817.4, 0.112], [89817.2, 0.027], [89817.1, 0.002], [89816.8, 0.002], [89816.6, 0.112], [89816.5, 0.005], [89816.2, 0.002], [89816.1, 0.002], [89816.0, 0.003], [89815.9, 0.115], [89815.8, 0.012], [89815.4, 0.003], [89815.3, 0.002], [89815.2, 0.115], [89815.1, 0.054], [89815.0, 0.005], [89814.9, 0.011]], "asks": [[89818.0, 7.313], [89818.1, 0.031], [89818.2, 0.037], [89818.4, 0.005], [89818.5, 0.002], [89818.9, 0.003], [89819.0, 0.002], [89819.1, 0.088], [89819.4, 0.003], [89819.6, 0.003], [89819.7, 0.002], [89820.0, 0.029], [89820.2, 0.006], [89820.3, 0.004], [89820.5, 0.011], [89820.6, 0.004], [89820.8, 0.003], [89820.9, 0.002], [89821.0, 0.002], [89821.1, 0.003]], "timestamp": "2025-12-15T09:36:05.731616+00:00"}, {"symbol": "BTCUSDT", "bids": [[89821.9, 16.594], [89821.8, 0.083], [89821.6, 0.005], [89821.4, 1.244], [89821.3, 0.002], [89821.2, 0.57], [89821.1, 0.012], [89821.0, 0.112], [89820.9, 0.12], [89820.8, 0.003], [89820.7, 0.004], [89820.5, 1.855], [89820.4, 0.004], [89820.3, 0.004], [89820.2, 0.116], [89820.1, 0.016], [89820.0, 0.005], [89819.9, 0.003], [89819.8, 0.01], [89819.6, 0.003]], "asks": [[89822.0, 2.727], [89822.1, 0.006], [89822.2, 0.007], [89822.4, 0.002], [89822.7, 0.009], [89823.1, 0.003], [89823.3, 0.002], [89823.7, 0.028], [89823.8, 0.003], [89824.0, 0.031], [89824.2, 0.002], [89824.3, 0.005], [89824.4, 0.003], [89824.7, 0.004], [89824.8, 0.037], [89824.9, 0.003], [89825.0, 0.004], [89825.1, 0.003], [89825.2, 0.186], [89825.3, 0.56]], "timestamp": "2025-12-15T09:36:59.389172+00:00"}, {"symbol": "BTCUSDT", "bids": [[89811.2, 4.577], [89811.1, 0.004], [89811.0, 0.002], [89810.9, 1.115], [89810.8, 0.002], [89810.6, 0.004], [89810.4, 1.115], [89810.3, 0.003], [89810.1, 0.066], [89810.0, 0.002], [89809.9, 0.005], [89809.8, 0.002], [89809.6, 0.002], [89809.5, 0.003], [89809.4, 0.005], [89809.3, 0.011], [89809.2, 0.384], [89809.1, 0.409], [89809.0, 0.559], [89808.9, 0.009]], "asks": [[89811.3, 17.208], [89811.4, 0.008], [89811.8, 0.003], [89812.2, 0.002], [89812.3, 0.003], [89812.5, 0.002], [89812.8, 0.007], [89813.1, 0.002], [89813.2, 0.12], [89813.3, 0.003], [89813.4, 0.082], [89813.6, 0.008], [89813.7, 0.125], [89814.0, 0.002], [89814.1, 0.003], [89814.2, 0.038], [89814.3, 0.006], [89814.4, 0.043], [89814.5, 0.112], [89814.9, 0.008]], "timestamp": "2025-12-15T09:37:53.251953+00:00"}, {"symbol": "BTCUSDT", "bids": [[89811.2, 3.872], [89811.1, 0.152], [89811.0, 3.026], [89810.9, 1.117], [89810.6, 0.002], [89810.4, 1.115], [89810.1, 0.003], [89810.0, 0.004], [89809.9, 0.005], [89809.8, 0.004], [89809.6, 0.007], [89809.5, 0.003], [89809.4, 0.003], [89809.0, 0.671], [89808.9, 0.009], [89808.7, 0.008], [89808.4, 0.009], [89808.3, 0.044], [89808.2, 0.112], [89808.1, 0.014]], "asks": [[89811.3, 7.743], [89811.4, 0.01], [89811.6, 0.033], [89811.7, 0.08], [89811.8, 0.092], [89811.9, 0.039], [89812.1, 0.005], [89812.2, 0.002], [89812.3, 0.003], [89812.4, 0.012], [89812.5, 0.002], [89812.8, 0.007], [89813.0, 0.126], [89813.1, 0.006], [89813.2, 0.114], [89813.3, 0.003], [89813.4, 0.002], [89813.7, 0.003], [89813.9, 0.112], [89814.1, 0.003]], "timestamp": "2025-12-15T09:38:47.012951+00:00"}, {"symbol": "BTCUSDT", "bids": [[89811.2, 17.973], [89811.1, 0.435], [89811.0, 0.002], [89810.7, 0.372], [89810.6, 0.002], [89810.5, 0.124], [89810.4, 0.002], [89810.1, 0.002], [89810.0, 0.283], [89809.9, 0.002], [89809.8, 0.002], [89809.7, 0.116], [89809.5, 0.003], [89809.2, 0.003], [89809.0, 0.003], [89808.5, 0.003], [89808.4, 0.007], [89808.3, 0.119], [89808.2, 0.002], [89808.1, 0.014]], "asks": [[89811.3, 3.707], [89811.4, 0.008], [89811.6, 0.002], [89811.8, 0.092], [89812.1, 0.006], [89812.2, 0.002], [89812.3, 0.003], [89812.5, 0.004], [89812.6, 0.003], [89812.8, 0.128], [89812.9, 0.557], [89813.1, 0.004], [89813.3, 0.003], [89813.4, 0.002], [89813.5, 0.008], [89813.6, 0.004], [89813.7, 0.009], [89813.9, 0.003], [89814.0, 0.002], [89814.1, 0.003]], "timestamp": "2025-12-15T09:39:40.900226+00:00"}, {"symbol": "BTCUSDT", "bids": [[89827.9, 5.428], [89827.8, 0.035], [89827.5, 0.002], [89827.3, 0.003], [89827.0, 0.002], [89826.8, 0.003], [89826.3, 0.066], [89826.2, 0.003], [89826.1, 0.002], [89826.0, 0.002], [89825.9, 0.115], [89825.7, 0.005], [89825.4, 0.012], [89825.3, 0.008], [89825.2, 0.002], [89825.1, 0.005], [89825.0, 0.003], [89824.9, 0.009], [89824.8, 0.003], [89824.6, 0.003]], "asks": [[89828.0, 4.086], [89828.1, 0.002], [89828.2, 0.005], [89828.3, 0.021], [89828.4, 0.029], [89828.6, 0.002], [89828.7, 0.025], [89828.8, 0.114], [89828.9, 0.004], [89829.0, 0.004], [89829.1, 0.002], [89829.2, 0.004], [89829.3, 0.002], [89829.6, 0.117], [89829.7, 0.012], [89829.8, 0.003], [89829.9, 0.187], [89830.0, 0.224], [89830.1, 0.002], [89830.2, 0.016]], "timestamp": "2025-12-15T09:40:34.761108+00:00"}, {"symbol": "BTCUSDT", "bids": [[89817.6, 10.03], [89817.5, 0.017], [89817.3, 0.112], [89817.2, 0.014], [89816.6, 0.014], [89816.5, 0.112], [89816.4, 0.003], [89816.1, 0.198], [89816.0, 1.327], [89815.9, 0.149], [89815.8, 0.147], [89815.6, 0.005], [89815.5, 0.01], [89815.3, 0.005], [89815.2, 0.012], [89815.0, 0.124], [89814.8, 0.003], [89814.6, 0.011], [89814.4, 0.01], [89814.3, 0.166]], "asks": [[89817.7, 5.755], [89817.8, 0.008], [89818.0, 0.117], [89818.1, 0.01], [89818.2, 0.109], [89818.3, 0.048], [89818.5, 0.002], [89818.8, 0.007], [89818.9, 0.008], [89819.0, 0.002], [89819.1, 0.002], [89819.2, 0.002], [89819.3, 0.003], [89819.4, 0.002], [89819.7, 0.005], [89820.0, 0.18], [89820.1, 0.008], [89820.3, 0.002], [89820.4, 0.033], [89820.5, 0.008]], "timestamp": "2025-12-15T09:41:28.340073+00:00"}, {"symbol": "BTCUSDT", "bids": [[89803.9, 0.038], [89803.8, 0.027], [89803.6, 0.002], [89803.3, 0.008], [89802.8, 0.036], [89802.7, 0.002], [89802.5, 0.166], [89802.2, 0.007], [89802.0, 0.004], [89801.9, 0.003], [89801.8, 0.004], [89801.7, 0.003], [89801.6, 0.002], [89801.3, 0.004], [89801.1, 0.003], [89801.0, 0.005], [89800.7, 0.002], [89800.6, 0.003], [89800.2, 0.003], [89800.1, 0.026]], "asks": [[89804.0, 15.817], [89804.1, 0.089], [89804.6, 0.081], [89804.7, 0.277], [89805.0, 0.112], [89805.1, 0.003], [89805.3, 0.107], [89805.4, 0.034], [89805.7, 0.131], [89806.0, 0.003], [89806.2, 0.003], [89806.8, 0.01], [89806.9, 0.118], [89807.2, 0.006], [89807.3, 0.003], [89807.4, 0.004], [89807.5, 0.002], [89807.6, 0.003], [89807.9, 0.003], [89808.0, 0.273]], "timestamp": "2025-12-15T09:42:22.260612+00:00"}, {"symbol": "BTCUSDT", "bids": [[89802.5, 6.888], [89802.4, 0.034], [89802.3, 0.005], [89802.2, 0.015], [89802.1, 0.002], [89802.0, 0.118], [89801.8, 0.002], [89801.7, 0.005], [89801.6, 0.008], [89801.5, 1.669], [89801.3, 0.114], [89801.1, 0.009], [89801.0, 1.114], [89800.9, 0.002], [89800.8, 0.007], [89800.6, 0.01], [89800.5, 0.112], [89800.2, 0.003], [89800.1, 0.026], [89800.0, 0.537]], "asks": [[89802.6, 4.506], [89802.7, 0.004], [89802.8, 0.033], [89802.9, 0.003], [89803.2, 0.002], [89803.4, 0.003], [89803.5, 0.002], [89804.0, 0.06], [89804.1, 0.002], [89804.4, 0.01], [89804.5, 0.002], [89804.6, 0.006], [89805.0, 0.004], [89805.1, 0.003], [89805.3, 0.005], [89805.4, 0.003], [89805.6, 0.123], [89805.7, 0.007], [89805.9, 0.002], [89806.0, 0.003]], "timestamp": "2025-12-15T09:43:16.123335+00:00"}, {"symbol": "BTCUSDT", "bids": [[89806.4, 16.325], [89806.3, 0.098], [89806.2, 0.019], [89806.0, 0.004], [89805.7, 0.114], [89805.5, 0.442], [89805.4, 1.114], [89805.1, 0.4], [89805.0, 0.007], [89804.7, 0.002], [89804.6, 0.035], [89804.5, 0.002], [89804.4, 0.003], [89804.3, 0.002], [89804.2, 0.112], [89804.1, 0.003], [89804.0, 0.002], [89803.9, 0.011], [89803.6, 0.003], [89803.5, 0.012]], "asks": [[89806.5, 2.135], [89806.6, 0.004], [89806.8, 0.005], [89807.0, 0.002], [89807.4, 0.003], [89807.7, 0.03], [89808.0, 0.002], [89808.2, 0.118], [89808.3, 0.002], [89808.4, 0.002], [89808.5, 0.003], [89808.6, 0.002], [89808.8, 0.008], [89808.9, 0.002], [89809.2, 0.002], [89809.4, 0.011], [89809.5, 0.002], [89809.6, 0.006], [89809.8, 0.002], [89810.0, 0.006]], "timestamp": "2025-12-15T09:44:09.576937+00:00"}, {"symbol": "BTCUSDT", "bids": [[89799.9, 20.081], [89799.8, 0.308], [89799.7, 0.007], [89799.6, 0.276], [89799.5, 0.474], [89799.3, 0.002], [89799.2, 0.002], [89799.1, 0.003], [89799.0, 0.004], [89798.9, 0.189], [89798.6, 0.046], [89798.5, 0.003], [89798.0, 0.112], [89797.9, 0.006], [89797.5, 0.033], [89797.4, 0.003], [89797.1, 0.167], [89796.9, 0.003], [89796.8, 0.035], [89796.6, 0.007]], "asks": [[89800.0, 3.89], [89800.1, 0.824], [89800.3, 0.003], [89800.5, 0.011], [89800.8, 0.004], [89801.0, 0.32], [89801.4, 0.002], [89801.5, 0.003], [89801.6, 0.002], [89801.7, 0.002], [89802.0, 0.004], [89802.1, 0.003], [89802.3, 0.003], [89802.5, 0.005], [89802.6, 0.002], [89802.8, 0.005], [89803.0, 0.12], [89803.2, 0.002], [89803.4, 0.086], [89803.5, 0.002]], "timestamp": "2025-12-15T09:45:02.928226+00:00"}, {"symbol": "BTCUSDT", "bids": [[89832.9, 10.507], [89832.8, 0.021], [89832.4, 0.003], [89832.0, 0.002], [89831.9, 0.003], [89831.7, 0.114], [89831.5, 0.002], [89831.2, 0.003], [89831.1, 0.01], [89831.0, 0.112], [89830.9, 0.003], [89830.6, 0.003], [89830.5, 0.017], [89830.4, 0.002], [89830.3, 0.112], [89830.2, 0.002], [89830.1, 0.015], [89830.0, 0.006], [89829.9, 0.002], [89829.6, 0.112]], "asks": [[89833.0, 3.725], [89833.1, 0.007], [89833.3, 0.098], [89833.5, 0.006], [89833.7, 0.005], [89833.8, 0.057], [89833.9, 0.182], [89834.0, 0.008], [89834.1, 0.002], [89834.2, 0.005], [89834.3, 0.003], [89834.4, 0.055], [89834.5, 0.005], [89834.6, 0.014], [89834.7, 0.003], [89834.8, 0.007], [89835.0, 0.091], [89835.1, 0.029], [89835.2, 0.36], [89835.3, 0.047]], "timestamp": "2025-12-15T09:45:57.146700+00:00"}, {"symbol": "BTCUSDT", "bids": [[89806.8, 6.879], [89806.7, 0.043], [89806.6, 0.112], [89806.5, 0.005], [89806.3, 0.002], [89806.1, 0.054], [89806.0, 0.005], [89805.7, 0.112], [89805.5, 0.003], [89805.4, 0.002], [89805.2, 0.005], [89805.1, 0.114], [89805.0, 0.008], [89804.8, 0.015], [89804.5, 0.007], [89804.4, 0.002], [89804.3, 0.112], [89804.2, 0.002], [89804.0, 0.005], [89803.9, 0.002]], "asks": [[89806.9, 14.123], [89807.0, 0.098], [89807.1, 0.002], [89807.3, 0.003], [89807.4, 0.155], [89807.7, 0.002], [89807.9, 0.055], [89808.0, 0.002], [89808.1, 0.003], [89808.2, 0.002], [89808.4, 0.002], [89808.6, 0.082], [89808.9, 0.005], [89809.1, 0.003], [89809.2, 0.011], [89809.4, 0.005], [89809.6, 0.005], [89809.7, 0.003], [89810.0, 0.007], [89810.1, 0.002]], "timestamp": "2025-12-15T09:46:50.755964+00:00"}, {"symbol": "BTCUSDT", "bids": [[89812.7, 6.99], [89812.6, 0.066], [89812.4, 0.008], [89812.3, 0.002], [89812.2, 0.054], [89812.1, 0.006], [89811.9, 0.112], [89811.7, 0.005], [89811.6, 0.003], [89811.0, 0.005], [89810.9, 0.002], [89810.8, 0.124], [89810.7, 0.003], [89810.6, 0.012], [89810.5, 0.198], [89810.4, 0.006], [89810.3, 0.012], [89810.1, 0.114], [89810.0, 0.003], [89809.6, 0.008]], "asks": [[89812.8, 4.551], [89812.9, 0.004], [89813.0, 0.002], [89813.1, 0.002], [89813.3, 0.003], [89813.8, 0.024], [89814.0, 0.003], [89814.3, 0.002], [89814.5, 0.002], [89814.6, 0.033], [89814.7, 0.045], [89814.8, 0.006], [89815.0, 0.002], [89815.2, 0.004], [89815.3, 0.008], [89815.4, 0.278], [89815.5, 0.002], [89815.6, 0.002], [89815.7, 0.003], [89815.8, 0.057]], "timestamp": "2025-12-15T09:47:44.414417+00:00"}, {"symbol": "BTCUSDT", "bids": [[89775.0, 4.733], [89774.9, 0.004], [89774.8, 0.002], [89774.6, 0.003], [89774.5, 0.004], [89774.1, 0.003], [89774.0, 0.163], [89773.9, 0.002], [89773.6, 0.051], [89773.2, 0.004], [89773.1, 0.003], [89773.0, 0.003], [89772.8, 0.008], [89772.6, 0.005], [89772.4, 0.028], [89772.3, 0.044], [89772.2, 0.084], [89772.1, 0.032], [89771.9, 0.002], [89771.8, 0.002]], "asks": [[89775.1, 13.898], [89775.2, 0.165], [89775.3, 0.009], [89775.6, 0.002], [89775.9, 0.035], [89776.1, 0.297], [89776.2, 1.397], [89776.3, 0.002], [89776.5, 0.002], [89776.6, 0.275], [89776.7, 0.124], [89776.8, 0.003], [89777.0, 0.006], [89777.1, 0.006], [89777.2, 0.003], [89777.3, 0.003], [89777.4, 0.112], [89777.6, 0.002], [89777.7, 0.038], [89777.9, 0.003]], "timestamp": "2025-12-15T09:48:38.277338+00:00"}, {"symbol": "BTCUSDT", "bids": [[89775.9, 7.664], [89775.8, 0.092], [89775.7, 0.112], [89775.5, 0.003], [89775.1, 0.112], [89775.0, 0.021], [89774.9, 0.003], [89774.8, 0.002], [89774.4, 0.003], [89774.2, 0.003], [89774.0, 0.291], [89773.6, 0.009], [89773.5, 0.003], [89773.2, 0.002], [89773.0, 0.026], [89772.9, 0.379], [89772.8, 0.057], [89772.7, 0.123], [89772.3, 0.459], [89772.2, 0.192]], "asks": [[89776.0, 2.779], [89776.1, 0.004], [89776.2, 0.017], [89776.5, 0.005], [89777.0, 0.003], [89777.4, 0.002], [89777.5, 0.003], [89777.6, 0.002], [89777.8, 0.002], [89778.0, 0.006], [89778.3, 0.002], [89778.8, 0.006], [89779.0, 0.003], [89779.1, 0.002], [89779.3, 0.003], [89779.6, 0.003], [89779.9, 0.225], [89780.0, 0.809], [89780.1, 0.003], [89780.4, 0.005]], "timestamp": "2025-12-15T09:49:32.448385+00:00"}, {"symbol": "BTCUSDT", "bids": [[89809.7, 7.571], [89809.6, 0.081], [89809.3, 0.118], [89809.1, 0.003], [89808.7, 0.002], [89808.4, 0.002], [89808.3, 0.049], [89808.1, 0.002], [89808.0, 0.173], [89807.9, 0.112], [89807.8, 0.023], [89807.7, 0.003], [89807.4, 0.002], [89807.2, 0.005], [89807.1, 0.112], [89806.9, 1.922], [89806.8, 0.003], [89806.7, 0.082], [89806.4, 0.114], [89806.2, 0.003]], "asks": [[89809.8, 6.524], [89809.9, 0.004], [89810.0, 0.006], [89810.1, 0.003], [89810.6, 0.005], [89810.7, 0.002], [89810.8, 0.003], [89810.9, 0.024], [89811.0, 0.002], [89811.3, 0.002], [89811.5, 0.002], [89811.6, 0.003], [89811.7, 0.003], [89811.8, 0.003], [89812.3, 0.005], [89812.4, 0.011], [89812.5, 0.002], [89812.6, 0.005], [89812.7, 0.438], [89812.8, 0.394]], "timestamp": "2025-12-15T09:50:27.696617+00:00"}, {"symbol": "BTCUSDT", "bids": [[89917.7, 7.541], [89917.6, 0.014], [89917.5, 0.002], [89917.3, 0.003], [89917.2, 0.067], [89917.1, 0.112], [89916.9, 0.005], [89916.7, 0.012], [89916.6, 0.004], [89916.4, 0.005], [89916.2, 0.112], [89916.0, 0.004], [89915.9, 0.003], [89915.6, 0.003], [89915.5, 0.043], [89915.4, 0.005], [89915.3, 0.002], [89915.0, 0.115], [89914.8, 0.002], [89914.6, 0.015]], "asks": [[89917.8, 0.671], [89917.9, 0.008], [89918.4, 0.002], [89918.9, 0.111], [89919.0, 0.002], [89919.4, 0.002], [89919.6, 0.002], [89919.9, 0.003], [89920.0, 0.002], [89920.4, 0.002], [89920.6, 0.003], [89920.9, 0.002], [89921.1, 0.014], [89921.4, 0.036], [89921.5, 0.005], [89921.7, 0.003], [89921.8, 0.003], [89922.0, 0.002], [89922.3, 0.003], [89922.4, 0.003]], "timestamp": "2025-12-15T09:51:21.197769+00:00"}, {"symbol": "BTCUSDT", "bids": [[89857.5, 7.793], [89857.4, 0.01], [89857.3, 0.004], [89857.2, 0.002], [89857.1, 0.115], [89856.8, 0.01], [89856.6, 0.017], [89856.5, 0.019], [89856.3, 0.131], [89856.0, 0.008], [89855.8, 0.005], [89855.6, 0.112], [89855.5, 0.003], [89855.4, 0.002], [89855.3, 0.003], [89855.0, 0.004], [89854.9, 0.112], [89854.7, 0.006], [89854.6, 0.002], [89854.5, 0.002]], "asks": [[89857.6, 3.894], [89857.7, 0.004], [89858.1, 0.003], [89858.3, 0.003], [89858.4, 0.002], [89858.6, 0.003], [89858.7, 0.006], [89859.1, 0.003], [89859.3, 0.002], [89859.4, 0.039], [89859.5, 0.025], [89859.6, 0.006], [89860.0, 0.002], [89860.1, 0.003], [89860.4, 0.008], [89860.6, 0.003], [89860.7, 0.028], [89860.8, 0.037], [89861.2, 0.008], [89861.4, 0.002]], "timestamp": "2025-12-15T09:52:14.716024+00:00"}, {"symbol": "BTCUSDT", "bids": [[89909.2, 2.349], [89909.0, 0.83], [89908.6, 0.83], [89908.5, 5.224], [89908.3, 3.108], [89908.1, 3.552], [89907.9, 0.444], [89907.7, 4.925], [89907.6, 6.818], [89907.4, 3.2], [89907.3, 0.409], [89907.2, 0.626], [89907.1, 1.107], [89907.0, 3.339], [89906.9, 1.198], [89906.8, 7.426], [89906.6, 5.397], [89906.5, 22.397], [89906.3, 20.712], [89906.2, 0.112]], "asks": [[89909.3, 0.003], [89909.8, 0.005], [89909.9, 0.003], [89910.0, 0.008], [89910.1, 0.002], [89910.2, 0.002], [89910.3, 0.003], [89910.4, 0.002], [89910.7, 0.003], [89910.8, 0.011], [89911.2, 0.02], [89911.3, 0.01], [89911.4, 0.013], [89911.8, 0.003], [89912.1, 0.003], [89912.2, 0.003], [89912.3, 0.016], [89912.4, 0.002], [89912.5, 0.002], [89912.6, 0.002]], "timestamp": "2025-12-15T09:53:08.719320+00:00"}, {"symbol": "BTCUSDT", "bids": [[89872.0, 9.46], [89871.9, 0.008], [89871.6, 0.002], [89871.5, 0.115], [89871.2, 0.131], [89871.1, 0.289], [89871.0, 0.005], [89870.8, 0.112], [89870.7, 0.141], [89870.5, 0.003], [89870.3, 0.06], [89870.0, 0.006], [89869.9, 0.003], [89869.5, 0.129], [89869.1, 0.009], [89869.0, 0.004], [89868.9, 0.002], [89868.7, 0.003], [89868.4, 0.003], [89868.2, 0.003]], "asks": [[89872.1, 4.167], [89872.2, 16.257], [89872.3, 0.051], [89872.7, 0.002], [89872.8, 0.003], [89873.0, 0.003], [89873.4, 0.003], [89873.8, 0.005], [89874.0, 0.005], [89874.1, 0.002], [89874.3, 0.003], [89874.4, 0.006], [89874.7, 0.003], [89874.8, 0.038], [89874.9, 0.003], [89875.0, 0.004], [89875.1, 0.003], [89875.2, 0.009], [89875.3, 0.002], [89875.4, 0.002]], "timestamp": "2025-12-15T09:54:02.172697+00:00"}, {"symbol": "BTCUSDT", "bids": [[89888.6, 5.202], [89888.5, 0.019], [89888.4, 0.002], [89888.3, 0.008], [89888.2, 0.112], [89888.0, 0.003], [89887.8, 0.002], [89887.6, 0.112], [89887.4, 0.003], [89887.2, 0.014], [89886.9, 0.01], [89886.8, 0.301], [89886.7, 1.111], [89886.6, 0.005], [89886.5, 0.003], [89886.3, 0.002], [89886.2, 0.114], [89886.0, 0.002], [89885.9, 0.029], [89885.8, 0.003]], "asks": [[89888.7, 9.48], [89888.8, 0.074], [89888.9, 0.002], [89889.3, 0.055], [89889.5, 0.002], [89890.6, 0.002], [89890.8, 0.003], [89890.9, 0.003], [89891.1, 0.015], [89891.2, 0.002], [89891.3, 0.002], [89891.6, 0.003], [89891.7, 0.003], [89891.8, 0.005], [89891.9, 0.002], [89892.0, 0.002], [89892.1, 0.003], [89892.2, 0.002], [89892.4, 0.003], [89892.6, 0.003]], "timestamp": "2025-12-15T09:54:56.547459+00:00"}, {"symbol": "BTCUSDT", "bids": [[89888.2, 11.537], [89888.1, 0.008], [89888.0, 0.003], [89887.8, 0.002], [89887.6, 0.002], [89887.5, 0.009], [89887.4, 0.261], [89887.2, 0.008], [89886.9, 0.002], [89886.8, 0.003], [89886.3, 0.002], [89886.2, 0.003], [89885.8, 0.115], [89885.7, 0.002], [89885.6, 0.06], [89885.4, 0.007], [89885.3, 0.059], [89885.1, 0.002], [89885.0, 0.01], [89884.9, 0.115]], "asks": [[89888.3, 15.727], [89888.4, 0.317], [89888.5, 0.004], [89888.8, 0.012], [89888.9, 0.002], [89889.2, 0.002], [89889.3, 0.011], [89889.4, 0.005], [89890.3, 0.003], [89890.5, 0.003], [89890.6, 0.003], [89890.8, 0.012], [89890.9, 0.011], [89891.0, 0.004], [89891.1, 0.007], [89891.4, 0.003], [89891.5, 0.002], [89891.6, 0.003], [89891.8, 0.049], [89891.9, 1.392]], "timestamp": "2025-12-15T09:55:51.128402+00:00"}, {"symbol": "BTCUSDT", "bids": [[89863.8, 2.613], [89863.7, 0.002], [89863.5, 0.009], [89863.2, 0.005], [89862.9, 0.002], [89862.7, 0.003], [89862.2, 0.005], [89861.7, 0.008], [89861.5, 0.002], [89861.3, 0.002], [89861.2, 0.005], [89861.0, 0.006], [89860.7, 0.003], [89860.6, 0.002], [89860.5, 0.003], [89860.4, 0.008], [89860.3, 0.003], [89860.1, 0.008], [89860.0, 0.005], [89859.6, 0.055]], "asks": [[89863.9, 12.43], [89864.0, 0.004], [89864.4, 0.107], [89864.6, 0.004], [89865.0, 0.117], [89865.2, 0.229], [89865.3, 0.003], [89865.4, 0.03], [89865.5, 0.103], [89865.6, 0.119], [89865.9, 0.091], [89866.0, 0.002], [89866.5, 0.115], [89866.7, 0.003], [89866.9, 0.014], [89867.0, 0.003], [89867.1, 0.505], [89867.3, 0.002], [89867.5, 0.226], [89867.6, 0.003]], "timestamp": "2025-12-15T09:56:44.989958+00:00"}, {"symbol": "BTCUSDT", "bids": [[89799.7, 10.051], [89799.6, 0.749], [89799.5, 0.04], [89799.3, 0.083], [89799.2, 0.077], [89799.1, 0.038], [89798.8, 0.002], [89798.7, 0.012], [89798.3, 0.094], [89798.2, 0.043], [89798.1, 0.136], [89797.9, 0.002], [89797.7, 0.003], [89797.5, 0.662], [89797.4, 0.128], [89797.3, 0.114], [89797.2, 0.005], [89797.0, 0.011], [89796.9, 0.003], [89796.7, 0.167]], "asks": [[89799.8, 2.562], [89799.9, 0.01], [89800.0, 0.057], [89800.1, 0.02], [89800.3, 0.005], [89800.5, 0.007], [89800.8, 0.018], [89801.1, 0.002], [89801.3, 0.006], [89801.4, 0.057], [89801.6, 0.004], [89801.7, 0.002], [89801.8, 0.003], [89801.9, 0.006], [89802.0, 0.004], [89802.1, 0.003], [89802.2, 0.002], [89802.3, 0.005], [89802.4, 0.003], [89802.6, 0.002]], "timestamp": "2025-12-15T09:57:38.545882+00:00"}, {"symbol": "BTCUSDT", "bids": [[89800.0, 9.018], [89799.9, 0.118], [89799.8, 0.122], [89799.7, 0.312], [89799.6, 0.004], [89799.3, 0.178], [89799.2, 0.099], [89799.1, 0.039], [89799.0, 0.003], [89798.9, 0.012], [89798.8, 0.103], [89798.5, 0.003], [89798.3, 0.123], [89798.2, 0.024], [89798.1, 0.005], [89798.0, 0.003], [89797.9, 0.002], [89797.7, 0.003], [89797.6, 0.112], [89797.5, 0.005]], "asks": [[89800.1, 0.204], [89800.2, 0.005], [89800.5, 0.002], [89800.7, 0.003], [89800.8, 0.003], [89801.2, 0.003], [89801.9, 0.002], [89802.0, 0.007], [89802.1, 0.003], [89802.9, 0.061], [89803.0, 0.103], [89803.1, 0.003], [89803.2, 0.004], [89803.4, 0.003], [89803.5, 0.012], [89803.7, 0.003], [89803.8, 0.003], [89803.9, 0.003], [89804.0, 0.002], [89804.1, 0.004]], "timestamp": "2025-12-15T09:58:32.306223+00:00"}, {"symbol": "BTCUSDT", "bids": [[89820.3, 11.73], [89820.2, 0.006], [89820.0, 0.114], [89819.5, 0.002], [89819.3, 0.315], [89819.0, 0.238], [89818.9, 0.004], [89818.8, 0.002], [89818.7, 0.003], [89818.6, 0.002], [89818.5, 0.002], [89818.3, 0.293], [89818.2, 0.115], [89818.1, 0.006], [89818.0, 0.002], [89817.7, 0.005], [89817.6, 0.04], [89817.5, 0.115], [89817.3, 0.06], [89817.2, 0.01]], "asks": [[89820.4, 4.085], [89820.5, 0.008], [89820.7, 0.003], [89821.2, 0.015], [89821.4, 0.055], [89821.5, 0.003], [89821.6, 0.004], [89821.9, 0.003], [89822.0, 0.003], [89822.1, 0.002], [89822.4, 0.003], [89822.8, 0.003], [89822.9, 0.002], [89823.1, 0.002], [89823.3, 0.008], [89823.4, 0.006], [89823.5, 0.006], [89823.6, 0.066], [89823.8, 0.002], [89823.9, 0.005]], "timestamp": "2025-12-15T09:59:26.271754+00:00"}, {"symbol": "BTCUSDT", "bids": [[89829.8, 8.767], [89829.7, 0.32], [89829.6, 0.006], [89829.5, 0.006], [89829.3, 0.002], [89829.2, 0.003], [89829.1, 0.46], [89829.0, 0.002], [89828.8, 0.002], [89828.6, 0.005], [89828.4, 0.117], [89828.1, 0.065], [89828.0, 0.012], [89827.9, 0.021], [89827.8, 1.004], [89827.7, 0.014], [89827.5, 0.114], [89827.4, 0.003], [89827.3, 0.003], [89827.2, 0.17]], "asks": [[89829.9, 4.185], [89830.0, 0.598], [89830.1, 0.004], [89830.2, 0.003], [89830.4, 0.002], [89830.5, 0.002], [89830.7, 0.003], [89830.8, 0.002], [89831.2, 0.003], [89831.3, 0.023], [89831.4, 0.051], [89831.7, 0.003], [89831.9, 0.002], [89832.2, 0.005], [89832.3, 0.003], [89832.4, 0.002], [89832.6, 0.055], [89832.7, 0.005], [89832.8, 0.002], [89833.0, 0.002]], "timestamp": "2025-12-15T10:00:20.544588+00:00"}, {"symbol": "BTCUSDT", "bids": [[89820.8, 26.256], [89820.3, 0.584], [89820.2, 1.321], [89820.1, 10.727], [89820.0, 3.621], [89819.9, 1.047], [89819.8, 0.002], [89819.6, 0.176], [89819.5, 0.987], [89819.4, 0.003], [89819.1, 0.191], [89819.0, 0.191], [89818.9, 0.057], [89818.8, 0.967], [89818.1, 0.003], [89817.7, 1.012], [89817.6, 1.005], [89817.5, 0.013], [89817.3, 1.122], [89817.2, 0.068]], "asks": [[89820.9, 4.297], [89821.0, 0.003], [89821.2, 0.002], [89821.6, 0.002], [89821.7, 0.006], [89821.8, 0.017], [89822.0, 0.003], [89822.1, 0.005], [89822.3, 0.003], [89822.6, 0.003], [89822.8, 0.003], [89823.0, 0.002], [89823.2, 0.004], [89823.3, 0.076], [89823.4, 0.003], [89823.8, 0.007], [89823.9, 0.002], [89824.0, 0.005], [89824.1, 0.112], [89824.4, 0.002]], "timestamp": "2025-12-15T10:01:14.509770+00:00"}, {"symbol": "BTCUSDT", "bids": [[89830.9, 17.717], [89830.8, 0.004], [89830.5, 0.2], [89830.4, 0.006], [89830.3, 0.003], [89830.1, 0.004], [89830.0, 0.014], [89829.9, 0.042], [89829.8, 0.004], [89829.5, 0.003], [89829.4, 0.002], [89829.1, 0.004], [89829.0, 0.007], [89828.7, 0.112], [89828.4, 0.006], [89828.1, 0.415], [89828.0, 0.012], [89827.9, 0.114], [89827.8, 0.003], [89827.6, 0.005]], "asks": [[89831.0, 1.014], [89831.1, 0.005], [89831.3, 0.006], [89831.6, 0.003], [89831.9, 0.002], [89832.3, 0.006], [89832.4, 0.002], [89832.7, 0.002], [89832.8, 0.005], [89833.3, 0.005], [89833.5, 0.036], [89833.7, 0.005], [89833.8, 0.006], [89834.0, 0.002], [89834.2, 0.003], [89834.3, 0.003], [89834.4, 0.055], [89834.6, 0.009], [89834.7, 0.016], [89834.8, 0.006]], "timestamp": "2025-12-15T10:02:08.475613+00:00"}, {"symbol": "BTCUSDT", "bids": [[89841.7, 22.789], [89841.6, 0.321], [89841.5, 0.019], [89841.4, 0.008], [89841.3, 0.052], [89841.0, 0.01], [89840.8, 0.003], [89840.7, 0.106], [89840.5, 0.002], [89840.3, 0.025], [89840.2, 0.112], [89840.1, 0.002], [89840.0, 0.006], [89839.9, 0.002], [89839.7, 0.006], [89839.5, 0.026], [89839.4, 0.034], [89839.3, 0.124], [89839.2, 0.012], [89839.1, 0.01]], "asks": [[89841.8, 0.114], [89841.9, 0.002], [89842.2, 0.002], [89842.3, 0.003], [89842.4, 0.06], [89842.7, 0.002], [89842.8, 0.003], [89842.9, 0.002], [89843.0, 0.02], [89843.1, 0.002], [89843.3, 0.003], [89843.6, 0.008], [89843.7, 0.002], [89843.8, 0.002], [89843.9, 0.003], [89844.0, 0.005], [89844.1, 0.002], [89844.2, 0.012], [89844.3, 0.042], [89844.5, 0.021]], "timestamp": "2025-12-15T10:03:02.133592+00:00"}, {"symbol": "BTCUSDT", "bids": [[89851.2, 6.373], [89851.1, 0.004], [89851.0, 0.004], [89850.7, 0.006], [89850.5, 0.049], [89850.2, 0.4], [89850.1, 1.127], [89850.0, 0.059], [89849.7, 0.005], [89849.6, 0.039], [89849.5, 0.025], [89849.4, 0.122], [89849.3, 0.013], [89849.2, 0.006], [89849.1, 0.002], [89848.9, 0.008], [89848.8, 0.068], [89848.7, 0.115], [89848.6, 0.002], [89848.4, 0.002]], "asks": [[89851.3, 9.946], [89851.4, 0.006], [89852.3, 0.016], [89852.4, 0.002], [89853.0, 0.003], [89853.1, 0.002], [89853.3, 0.003], [89853.5, 0.003], [89854.0, 0.003], [89854.1, 0.02], [89854.2, 0.055], [89854.3, 0.002], [89854.4, 0.002], [89854.5, 0.003], [89854.9, 0.003], [89855.0, 0.005], [89855.3, 0.002], [89855.5, 0.003], [89855.7, 0.038], [89856.0, 0.002]], "timestamp": "2025-12-15T10:03:55.996577+00:00"}, {"symbol": "BTCUSDT", "bids": [[89880.8, 9.345], [89880.7, 0.434], [89880.6, 0.047], [89880.5, 0.006], [89880.4, 0.012], [89880.0, 0.005], [89879.9, 0.112], [89879.8, 0.599], [89879.7, 0.016], [89879.6, 0.077], [89879.5, 0.005], [89879.4, 0.024], [89879.0, 0.005], [89878.8, 0.227], [89878.7, 0.003], [89878.5, 0.003], [89878.4, 0.012], [89878.3, 0.281], [89878.2, 0.114], [89878.1, 0.018]], "asks": [[89880.9, 2.432], [89881.0, 0.017], [89881.3, 0.003], [89881.4, 0.072], [89881.5, 0.003], [89881.6, 0.003], [89881.7, 0.002], [89882.1, 0.002], [89882.5, 0.003], [89882.6, 0.002], [89882.7, 0.004], [89882.8, 0.004], [89882.9, 0.002], [89883.0, 0.008], [89883.1, 0.002], [89883.2, 0.004], [89883.5, 0.008], [89883.7, 0.002], [89883.8, 0.003], [89883.9, 0.073]], "timestamp": "2025-12-15T10:04:49.552548+00:00"}, {"symbol": "BTCUSDT", "bids": [[89859.2, 7.47], [89859.1, 0.695], [89859.0, 0.592], [89858.7, 0.009], [89858.4, 0.112], [89858.2, 0.003], [89857.8, 0.033], [89857.6, 0.004], [89857.4, 0.003], [89857.3, 0.04], [89857.2, 0.017], [89857.1, 0.003], [89856.9, 0.009], [89856.8, 0.01], [89856.7, 0.002], [89856.6, 0.114], [89856.4, 0.061], [89856.3, 0.229], [89856.2, 1.184], [89856.1, 0.043]], "asks": [[89859.3, 3.493], [89859.4, 0.006], [89859.8, 0.002], [89860.2, 0.002], [89860.3, 0.005], [89860.4, 0.003], [89860.9, 0.003], [89861.1, 0.002], [89861.2, 0.002], [89861.3, 0.003], [89861.5, 0.066], [89861.6, 0.002], [89861.9, 0.033], [89862.0, 0.002], [89862.1, 0.003], [89862.2, 0.003], [89862.3, 0.055], [89862.4, 0.003], [89862.5, 0.002], [89862.7, 0.002]], "timestamp": "2025-12-15T10:05:43.211376+00:00"}, {"symbol": "BTCUSDT", "bids": [[89830.3, 4.901], [89830.2, 0.08], [89830.1, 0.188], [89830.0, 0.004], [89829.5, 0.003], [89829.3, 0.002], [89829.0, 0.005], [89828.8, 0.002], [89828.6, 0.009], [89828.5, 0.02], [89828.4, 0.01], [89828.2, 0.003], [89828.0, 0.112], [89827.9, 0.005], [89827.8, 0.015], [89827.7, 0.003], [89827.6, 0.043], [89827.4, 0.003], [89827.3, 0.017], [89827.2, 0.112]], "asks": [[89830.4, 6.482], [89830.5, 0.011], [89830.6, 0.012], [89830.7, 0.029], [89830.8, 0.066], [89830.9, 0.002], [89831.0, 0.002], [89831.1, 0.003], [89831.3, 0.003], [89831.4, 0.002], [89831.7, 0.055], [89831.8, 0.009], [89831.9, 0.002], [89832.3, 0.01], [89832.4, 0.002], [89832.6, 0.006], [89832.9, 0.019], [89833.0, 0.002], [89833.1, 0.003], [89833.2, 0.002]], "timestamp": "2025-12-15T10:06:36.891577+00:00"}, {"symbol": "BTCUSDT", "bids": [[89742.2, 4.298], [89742.1, 0.004], [89742.0, 0.005], [89741.7, 0.008], [89741.6, 0.057], [89741.5, 0.003], [89741.0, 0.02], [89740.7, 0.002], [89740.6, 0.006], [89740.5, 0.003], [89740.3, 0.002], [89740.2, 0.002], [89740.1, 0.003], [89740.0, 0.009], [89739.8, 0.002], [89739.7, 0.005], [89739.6, 0.003], [89739.5, 0.02], [89739.2, 0.002], [89739.1, 0.006]], "asks": [[89742.3, 15.971], [89742.4, 0.067], [89742.5, 0.004], [89742.6, 0.069], [89742.9, 0.005], [89743.0, 0.002], [89743.2, 0.05], [89743.4, 0.003], [89743.5, 0.043], [89743.9, 0.003], [89744.0, 0.005], [89744.1, 0.002], [89744.3, 0.003], [89744.6, 0.012], [89744.7, 0.187], [89744.8, 0.115], [89745.0, 0.002], [89745.1, 0.003], [89745.3, 0.006], [89745.4, 0.002]], "timestamp": "2025-12-15T10:07:30.732201+00:00"}, {"symbol": "BTCUSDT", "bids": [[89775.9, 5.302], [89775.8, 0.013], [89775.5, 0.003], [89775.0, 0.004], [89774.9, 0.005], [89774.8, 0.019], [89774.6, 0.002], [89774.5, 0.002], [89774.4, 0.003], [89774.3, 0.003], [89773.9, 0.005], [89773.8, 0.003], [89773.6, 0.002], [89773.5, 0.003], [89773.3, 0.011], [89773.2, 0.004], [89773.1, 0.061], [89773.0, 0.002], [89772.9, 0.003], [89772.7, 0.002]], "asks": [[89776.0, 12.093], [89776.1, 0.012], [89776.2, 0.114], [89776.6, 0.078], [89776.8, 0.039], [89776.9, 0.003], [89777.3, 0.112], [89777.4, 0.003], [89777.6, 0.002], [89777.7, 0.014], [89777.8, 0.002], [89777.9, 0.112], [89778.0, 0.006], [89778.6, 0.011], [89778.7, 0.003], [89778.9, 0.003], [89779.1, 0.006], [89779.4, 0.112], [89779.5, 0.091], [89779.6, 0.005]], "timestamp": "2025-12-15T10:08:24.631875+00:00"}, {"symbol": "BTCUSDT", "bids": [[89753.3, 4.793], [89753.2, 0.14], [89753.1, 0.002], [89752.9, 0.002], [89752.7, 0.003], [89752.4, 0.002], [89752.2, 0.003], [89751.7, 0.003], [89751.5, 0.002], [89751.4, 0.003], [89751.3, 0.003], [89751.2, 0.012], [89751.1, 0.002], [89751.0, 0.002], [89750.7, 0.005], [89750.6, 0.057], [89750.5, 0.003], [89750.4, 0.002], [89750.2, 0.005], [89750.1, 0.003]], "asks": [[89753.4, 5.899], [89753.5, 0.007], [89753.7, 0.002], [89753.9, 0.003], [89754.0, 0.003], [89754.1, 0.012], [89754.5, 0.003], [89754.8, 0.112], [89754.9, 0.002], [89755.0, 0.003], [89755.2, 0.002], [89755.4, 0.062], [89755.5, 0.201], [89755.6, 0.005], [89755.8, 0.002], [89756.1, 0.011], [89756.2, 0.015], [89756.3, 0.115], [89756.4, 0.002], [89756.7, 0.002]], "timestamp": "2025-12-15T10:09:18.181775+00:00"}, {"symbol": "BTCUSDT", "bids": [[89776.9, 3.222], [89776.8, 0.036], [89776.6, 0.002], [89776.3, 0.014], [89775.7, 0.002], [89775.5, 0.02], [89775.4, 0.002], [89775.2, 0.003], [89775.0, 0.016], [89774.9, 0.003], [89774.8, 0.002], [89774.6, 0.115], [89774.1, 0.006], [89773.9, 0.173], [89773.8, 0.002], [89773.6, 0.005], [89773.5, 0.032], [89773.3, 0.003], [89773.2, 0.002], [89773.1, 0.293]], "asks": [[89777.0, 5.385], [89777.1, 0.039], [89777.2, 0.005], [89777.3, 0.006], [89777.4, 0.006], [89777.5, 0.003], [89777.6, 0.005], [89777.7, 0.003], [89777.8, 0.003], [89777.9, 0.003], [89778.0, 0.002], [89778.1, 0.006], [89778.3, 0.002], [89778.4, 0.014], [89778.5, 0.003], [89778.6, 0.011], [89778.8, 0.003], [89778.9, 0.032], [89779.1, 0.011], [89779.2, 0.014]], "timestamp": "2025-12-15T10:10:12.218717+00:00"}, {"symbol": "BTCUSDT", "bids": [[89776.9, 16.425], [89776.8, 0.07], [89776.7, 0.112], [89776.1, 0.748], [89776.0, 0.272], [89775.9, 0.002], [89775.8, 0.033], [89775.4, 0.002], [89775.1, 0.019], [89775.0, 0.084], [89774.9, 0.003], [89774.7, 0.003], [89774.5, 0.005], [89774.4, 0.007], [89774.2, 0.002], [89774.1, 0.003], [89774.0, 1.105], [89773.9, 0.55], [89773.8, 0.002], [89773.4, 0.003]], "asks": [[89777.0, 0.535], [89777.1, 0.002], [89777.2, 0.025], [89777.3, 0.003], [89777.4, 0.003], [89777.6, 0.014], [89777.8, 0.003], [89778.1, 0.003], [89778.4, 0.014], [89778.5, 0.003], [89778.8, 0.003], [89779.1, 0.003], [89779.2, 0.002], [89779.3, 0.002], [89779.4, 0.005], [89779.9, 0.006], [89780.0, 0.012], [89780.1, 0.002], [89780.3, 0.056], [89780.4, 0.003]], "timestamp": "2025-12-15T10:11:05.876878+00:00"}, {"symbol": "BTCUSDT", "bids": [[89769.2, 0.155], [89769.1, 0.002], [89768.8, 0.002], [89768.6, 0.022], [89768.4, 0.045], [89768.3, 0.003], [89768.1, 0.002], [89767.8, 0.003], [89767.6, 0.002], [89767.4, 0.019], [89767.3, 0.003], [89767.0, 0.002], [89766.9, 0.005], [89766.8, 0.069], [89766.6, 0.003], [89766.4, 0.002], [89766.3, 0.002], [89766.2, 0.005], [89766.0, 0.005], [89765.7, 0.003]], "asks": [[89769.3, 13.783], [89769.4, 0.009], [89769.5, 0.003], [89769.6, 5.26], [89769.7, 0.317], [89769.8, 0.013], [89769.9, 0.003], [89770.0, 0.003], [89770.1, 0.003], [89770.2, 5.603], [89770.3, 0.003], [89770.4, 6.9], [89770.5, 0.003], [89770.6, 0.112], [89770.9, 0.049], [89771.1, 0.003], [89771.3, 0.003], [89771.4, 0.004], [89771.5, 0.002], [89771.6, 1.397]], "timestamp": "2025-12-15T10:11:59.432677+00:00"}, {"symbol": "BTCUSDT", "bids": [[89777.3, 3.801], [89777.2, 0.011], [89776.8, 0.003], [89776.3, 0.003], [89775.9, 0.048], [89775.8, 0.003], [89775.7, 0.002], [89775.4, 0.006], [89775.3, 0.006], [89775.2, 0.002], [89775.0, 0.006], [89774.8, 0.062], [89774.6, 0.002], [89774.5, 0.002], [89774.3, 0.003], [89774.0, 0.005], [89773.9, 0.002], [89773.8, 0.003], [89773.7, 0.004], [89773.6, 0.006]], "asks": [[89777.4, 13.208], [89777.5, 0.009], [89777.6, 0.005], [89777.7, 0.055], [89778.1, 0.003], [89778.3, 0.002], [89778.7, 0.003], [89779.2, 0.004], [89779.3, 0.015], [89779.4, 0.003], [89779.9, 0.003], [89780.0, 0.002], [89780.1, 0.119], [89780.4, 0.017], [89780.8, 0.016], [89780.9, 0.115], [89781.0, 0.776], [89781.1, 1.394], [89781.2, 0.003], [89781.3, 0.028]], "timestamp": "2025-12-15T10:12:53.500273+00:00"}, {"symbol": "BTCUSDT", "bids": [[89767.5, 8.08], [89767.4, 0.025], [89767.3, 0.244], [89767.2, 0.112], [89766.8, 0.13], [89766.7, 0.002], [89766.5, 0.154], [89766.4, 0.002], [89766.3, 0.117], [89766.0, 0.002], [89765.9, 0.003], [89765.8, 0.007], [89765.5, 0.051], [89765.4, 0.006], [89765.2, 0.127], [89765.1, 0.043], [89765.0, 0.002], [89764.9, 0.101], [89764.7, 0.01], [89764.6, 0.005]], "asks": [[89767.6, 2.61], [89767.7, 0.004], [89768.0, 0.003], [89768.1, 0.002], [89768.4, 0.002], [89768.5, 0.003], [89768.6, 0.019], [89768.7, 0.055], [89768.8, 0.007], [89769.0, 0.008], [89769.1, 0.003], [89769.3, 0.002], [89769.6, 0.006], [89769.9, 0.002], [89770.0, 0.002], [89770.1, 0.003], [89770.2, 0.002], [89770.3, 0.003], [89770.5, 0.033], [89770.6, 0.003]], "timestamp": "2025-12-15T10:13:47.158473+00:00"}, {"symbol": "BTCUSDT", "bids": [[89780.2, 3.069], [89780.1, 0.022], [89780.0, 0.127], [89779.9, 0.002], [89779.8, 0.045], [89779.7, 0.012], [89779.4, 0.003], [89779.0, 0.002], [89778.9, 0.003], [89778.8, 0.022], [89778.6, 0.093], [89778.2, 0.003], [89778.1, 0.002], [89777.8, 0.003], [89777.7, 0.104], [89777.6, 0.002], [89777.5, 0.002], [89777.4, 0.008], [89777.3, 0.004], [89777.2, 0.003]], "asks": [[89780.3, 5.822], [89780.4, 1.301], [89780.5, 0.003], [89780.7, 0.002], [89780.9, 0.251], [89781.0, 1.2], [89781.1, 0.303], [89781.2, 0.012], [89781.3, 0.009], [89781.4, 0.007], [89781.5, 0.002], [89781.6, 0.008], [89781.7, 0.002], [89781.9, 0.003], [89782.0, 0.002], [89782.2, 0.011], [89782.3, 0.003], [89782.5, 0.002], [89782.6, 0.003], [89782.7, 0.114]], "timestamp": "2025-12-15T10:14:40.735045+00:00"}, {"symbol": "BTCUSDT", "bids": [[89792.2, 4.009], [89792.1, 0.04], [89791.9, 0.002], [89791.7, 0.003], [89791.6, 0.848], [89791.1, 0.003], [89791.0, 0.002], [89790.8, 0.024], [89790.7, 0.002], [89790.5, 0.003], [89790.4, 0.002], [89790.2, 0.003], [89790.1, 0.114], [89790.0, 0.005], [89789.8, 0.014], [89789.5, 0.003], [89789.4, 0.003], [89789.2, 0.007], [89789.1, 0.002], [89789.0, 0.025]], "asks": [[89792.3, 5.77], [89792.4, 0.004], [89792.6, 0.003], [89792.8, 0.003], [89793.0, 0.013], [89793.3, 0.005], [89793.5, 0.005], [89793.6, 0.002], [89793.8, 0.003], [89793.9, 0.034], [89794.0, 0.003], [89794.4, 0.002], [89794.5, 0.068], [89794.6, 0.006], [89794.8, 0.055], [89795.0, 0.002], [89795.1, 0.003], [89795.2, 0.041], [89795.3, 0.002], [89795.4, 0.003]], "timestamp": "2025-12-15T10:15:35.704056+00:00"}, {"symbol": "BTCUSDT", "bids": [[89753.1, 6.101], [89753.0, 0.037], [89752.9, 0.009], [89751.3, 0.007], [89751.2, 0.002], [89751.1, 0.003], [89750.9, 0.005], [89750.7, 0.107], [89750.5, 0.055], [89750.4, 0.003], [89750.3, 0.011], [89750.2, 0.011], [89750.1, 0.334], [89750.0, 3.651], [89749.9, 0.078], [89749.8, 0.007], [89749.7, 0.006], [89749.6, 0.002], [89749.5, 0.158], [89749.4, 0.017]], "asks": [[89753.2, 2.807], [89753.3, 0.002], [89753.4, 0.027], [89753.7, 0.108], [89754.1, 0.002], [89754.3, 0.003], [89755.0, 0.002], [89755.1, 0.003], [89755.2, 0.066], [89755.3, 0.003], [89755.5, 0.002], [89755.6, 0.017], [89755.7, 0.002], [89755.8, 0.005], [89755.9, 0.221], [89756.0, 0.65], [89756.3, 0.005], [89756.4, 0.014], [89756.5, 0.003], [89756.6, 0.114]], "timestamp": "2025-12-15T10:16:29.687732+00:00"}, {"symbol": "BTCUSDT", "bids": [[89765.0, 5.783], [89764.9, 0.015], [89764.6, 0.002], [89764.4, 0.002], [89764.0, 0.047], [89763.9, 0.045], [89763.7, 0.005], [89763.6, 0.026], [89763.1, 0.005], [89763.0, 0.003], [89762.8, 0.002], [89762.4, 0.003], [89762.2, 0.007], [89762.0, 0.008], [89761.9, 0.017], [89761.5, 0.055], [89761.4, 0.006], [89761.3, 0.002], [89761.2, 0.002], [89761.0, 0.534]], "asks": [[89765.1, 6.99], [89765.2, 0.01], [89765.3, 0.003], [89765.4, 0.002], [89765.6, 0.002], [89765.7, 0.005], [89765.9, 0.003], [89766.0, 0.002], [89766.3, 0.008], [89766.5, 0.112], [89766.6, 0.004], [89766.8, 0.003], [89766.9, 0.014], [89767.0, 0.002], [89767.2, 0.002], [89767.3, 0.003], [89767.4, 0.002], [89767.5, 0.114], [89767.6, 0.003], [89767.7, 0.093]], "timestamp": "2025-12-15T10:17:23.327815+00:00"}, {"symbol": "BTCUSDT", "bids": [[89751.2, 3.576], [89751.1, 0.006], [89750.6, 0.012], [89749.7, 0.002], [89749.4, 0.002], [89749.2, 0.003], [89748.9, 0.037], [89748.8, 0.004], [89748.6, 0.012], [89748.4, 0.008], [89748.1, 0.132], [89748.0, 0.084], [89747.9, 0.002], [89747.8, 0.011], [89747.7, 0.024], [89747.6, 0.378], [89747.5, 0.114], [89747.4, 0.008], [89747.2, 0.002], [89747.1, 0.025]], "asks": [[89751.3, 6.663], [89751.4, 0.01], [89751.7, 0.003], [89752.2, 0.006], [89752.3, 0.002], [89752.7, 0.003], [89752.8, 0.003], [89753.1, 0.002], [89753.3, 0.13], [89753.4, 0.003], [89753.5, 0.002], [89753.7, 0.007], [89754.0, 0.002], [89754.2, 0.003], [89754.3, 0.061], [89754.5, 0.115], [89754.7, 0.002], [89754.9, 0.008], [89755.0, 0.005], [89755.1, 0.008]], "timestamp": "2025-12-15T10:18:16.883815+00:00"}, {"symbol": "BTCUSDT", "bids": [[89710.8, 2.745], [89710.7, 0.005], [89710.4, 0.002], [89710.0, 0.016], [89709.9, 0.009], [89709.8, 0.003], [89709.5, 0.004], [89709.3, 0.025], [89709.1, 0.002], [89708.9, 0.01], [89708.8, 0.003], [89708.7, 0.067], [89708.6, 0.039], [89708.5, 0.006], [89708.4, 0.012], [89708.3, 0.27], [89708.2, 0.002], [89708.1, 0.003], [89707.8, 0.003], [89707.7, 0.005]], "asks": [[89710.9, 19.841], [89711.0, 0.008], [89711.4, 0.002], [89711.6, 0.002], [89711.8, 0.003], [89712.0, 0.002], [89712.3, 0.01], [89712.4, 0.33], [89712.7, 0.002], [89712.9, 0.006], [89713.1, 0.506], [89713.4, 0.014], [89713.5, 0.119], [89713.8, 0.339], [89713.9, 0.008], [89714.0, 0.005], [89714.5, 0.005], [89714.6, 1.398], [89714.7, 0.311], [89714.8, 0.006]], "timestamp": "2025-12-15T10:19:10.438907+00:00"}, {"symbol": "BTCUSDT", "bids": [[89700.7, 22.087], [89700.6, 1.897], [89700.5, 1.841], [89700.4, 0.002], [89700.3, 0.014], [89700.2, 0.002], [89700.1, 0.032], [89700.0, 0.007], [89699.9, 0.112], [89699.8, 0.167], [89699.6, 0.003], [89699.3, 0.004], [89699.1, 0.118], [89698.9, 0.002], [89698.6, 0.003], [89698.5, 0.005], [89698.4, 0.12], [89698.1, 0.017], [89698.0, 0.006], [89697.8, 0.17]], "asks": [[89700.8, 2.535], [89700.9, 0.005], [89701.5, 0.003], [89701.6, 0.05], [89702.0, 0.016], [89702.1, 0.008], [89702.2, 0.012], [89702.7, 0.003], [89702.8, 0.002], [89703.0, 0.002], [89703.2, 0.003], [89703.4, 0.003], [89703.9, 0.003], [89704.0, 0.005], [89704.1, 0.003], [89704.6, 0.003], [89704.7, 0.004], [89704.8, 0.007], [89705.0, 0.002], [89705.1, 0.003]], "timestamp": "2025-12-15T10:20:04.144891+00:00"}, {"symbol": "BTCUSDT", "bids": [[89684.5, 8.996], [89684.4, 0.337], [89683.2, 0.002], [89683.1, 0.073], [89683.0, 0.002], [89682.9, 0.794], [89682.8, 0.099], [89682.5, 0.003], [89682.4, 0.002], [89682.3, 0.013], [89682.2, 0.002], [89681.9, 0.012], [89681.5, 0.019], [89681.4, 0.047], [89681.3, 0.006], [89681.2, 0.002], [89680.9, 0.003], [89680.8, 0.025], [89680.6, 1.006], [89680.5, 0.292]], "asks": [[89684.6, 3.883], [89684.7, 0.004], [89684.8, 0.015], [89685.0, 0.002], [89685.1, 0.012], [89685.2, 0.002], [89685.3, 0.117], [89685.4, 0.082], [89685.5, 0.004], [89685.7, 0.002], [89685.8, 0.003], [89685.9, 0.139], [89686.0, 0.115], [89686.2, 0.002], [89686.5, 0.003], [89686.6, 0.005], [89686.7, 0.006], [89687.1, 0.005], [89687.2, 0.012], [89687.4, 0.002]], "timestamp": "2025-12-15T10:20:57.551170+00:00"}, {"symbol": "BTCUSDT", "bids": [[89679.3, 3.548], [89679.2, 0.005], [89678.9, 0.043], [89678.8, 0.005], [89678.7, 0.117], [89678.4, 0.006], [89678.3, 0.003], [89678.2, 0.002], [89678.1, 0.002], [89677.9, 0.003], [89677.8, 0.006], [89677.7, 0.002], [89677.6, 0.003], [89677.4, 0.17], [89677.2, 0.003], [89677.0, 0.003], [89676.9, 0.003], [89676.8, 0.002], [89676.7, 0.005], [89676.5, 0.207]], "asks": [[89679.4, 11.643], [89679.5, 0.009], [89679.6, 0.003], [89679.7, 0.078], [89679.9, 0.002], [89680.1, 0.263], [89680.2, 0.393], [89680.4, 0.014], [89680.5, 0.003], [89680.7, 0.002], [89680.8, 0.002], [89680.9, 0.005], [89681.1, 0.17], [89681.2, 0.002], [89681.4, 0.058], [89681.6, 0.007], [89681.7, 0.016], [89681.8, 0.112], [89682.2, 0.006], [89682.3, 0.121]], "timestamp": "2025-12-15T10:21:51.004245+00:00"}, {"symbol": "BTCUSDT", "bids": [[89723.5, 26.311], [89723.4, 0.323], [89723.3, 0.025], [89723.2, 0.052], [89723.1, 0.63], [89723.0, 0.123], [89722.6, 0.112], [89722.4, 0.053], [89722.3, 0.002], [89722.1, 0.012], [89721.9, 1.0], [89721.8, 0.123], [89721.7, 0.002], [89721.4, 0.002], [89721.3, 0.002], [89721.1, 0.006], [89721.0, 0.125], [89720.9, 0.002], [89720.8, 0.03], [89720.7, 0.02]], "asks": [[89723.6, 5.075], [89723.7, 0.004], [89724.1, 0.003], [89724.6, 0.003], [89724.8, 0.002], [89724.9, 0.006], [89725.0, 0.002], [89725.1, 0.003], [89725.6, 0.098], [89726.0, 0.002], [89726.1, 0.003], [89726.3, 0.005], [89726.4, 0.003], [89726.6, 0.003], [89726.9, 0.003], [89727.0, 0.002], [89727.1, 0.003], [89727.2, 0.002], [89727.6, 0.005], [89727.7, 0.238]], "timestamp": "2025-12-15T10:22:44.623357+00:00"}, {"symbol": "BTCUSDT", "bids": [[89720.7, 3.56], [89720.6, 0.023], [89720.5, 0.002], [89720.4, 0.002], [89720.2, 0.049], [89720.0, 0.044], [89719.8, 0.012], [89719.6, 0.005], [89719.2, 0.003], [89719.1, 0.002], [89719.0, 0.002], [89718.7, 0.008], [89718.2, 0.01], [89717.9, 0.005], [89717.7, 0.003], [89717.4, 0.005], [89717.3, 0.027], [89717.2, 0.009], [89716.9, 0.005], [89716.6, 0.134]], "asks": [[89720.8, 20.593], [89720.9, 0.02], [89721.0, 0.005], [89721.2, 0.005], [89721.3, 0.002], [89721.6, 0.003], [89721.7, 0.002], [89721.8, 0.002], [89721.9, 0.178], [89722.0, 0.388], [89722.1, 0.53], [89722.2, 0.002], [89722.6, 0.002], [89722.7, 0.003], [89722.8, 0.003], [89722.9, 0.114], [89723.2, 0.993], [89723.3, 0.099], [89723.4, 0.009], [89723.6, 0.003]], "timestamp": "2025-12-15T10:23:38.320855+00:00"}, {"symbol": "BTCUSDT", "bids": [[89723.2, 4.499], [89723.1, 0.002], [89723.0, 0.002], [89722.9, 0.006], [89722.8, 0.009], [89722.7, 0.002], [89722.3, 0.005], [89722.0, 0.034], [89721.8, 0.008], [89721.6, 0.003], [89721.4, 0.002], [89721.3, 0.003], [89721.2, 0.002], [89721.0, 0.002], [89720.8, 0.008], [89720.6, 0.002], [89720.4, 0.004], [89720.3, 0.169], [89720.1, 0.003], [89720.0, 0.009]], "asks": [[89723.3, 23.132], [89723.4, 0.006], [89723.6, 1.723], [89723.7, 0.003], [89723.8, 0.08], [89723.9, 0.14], [89724.0, 0.002], [89724.2, 0.003], [89724.4, 0.002], [89724.6, 0.011], [89724.7, 0.111], [89724.8, 0.114], [89724.9, 0.005], [89725.0, 0.002], [89725.3, 0.005], [89725.6, 0.003], [89725.7, 0.127], [89725.9, 0.003], [89726.0, 0.836], [89726.1, 0.169]], "timestamp": "2025-12-15T10:24:32.593707+00:00"}, {"symbol": "BTCUSDT", "bids": [[89723.2, 4.359], [89723.1, 0.025], [89722.8, 0.055], [89722.7, 0.002], [89722.6, 0.002], [89722.3, 0.005], [89722.2, 0.03], [89721.9, 0.002], [89721.8, 0.025], [89721.6, 0.381], [89721.4, 0.002], [89721.2, 0.006], [89721.0, 0.035], [89720.7, 0.003], [89720.5, 0.012], [89720.4, 0.007], [89720.2, 0.014], [89720.1, 0.112], [89720.0, 1.749], [89719.9, 0.004]], "asks": [[89723.3, 8.059], [89723.4, 0.013], [89723.5, 0.004], [89723.6, 0.056], [89723.7, 0.005], [89723.8, 0.015], [89723.9, 0.002], [89724.0, 0.011], [89724.1, 0.002], [89724.2, 0.005], [89724.3, 0.003], [89724.4, 0.002], [89724.8, 0.005], [89724.9, 0.005], [89725.1, 0.002], [89725.2, 0.114], [89725.3, 0.071], [89725.6, 0.06], [89725.7, 0.002], [89725.8, 0.014]], "timestamp": "2025-12-15T10:25:26.559116+00:00"}, {"symbol": "BTCUSDT", "bids": [[89740.1, 2.842], [89740.0, 0.004], [89739.8, 0.002], [89739.6, 0.003], [89739.5, 0.003], [89739.4, 0.002], [89739.2, 0.003], [89739.1, 0.003], [89739.0, 0.002], [89738.9, 0.002], [89738.6, 0.003], [89738.5, 0.003], [89738.3, 0.002], [89738.0, 0.004], [89737.9, 0.003], [89737.8, 0.006], [89737.5, 0.002], [89737.1, 0.002], [89737.0, 0.01], [89736.9, 0.002]], "asks": [[89740.2, 18.903], [89740.3, 0.086], [89740.4, 0.002], [89740.5, 0.003], [89740.6, 0.002], [89741.1, 0.112], [89741.3, 0.09], [89741.5, 0.043], [89741.7, 0.007], [89741.8, 0.112], [89742.0, 0.003], [89742.2, 0.105], [89742.3, 0.055], [89742.4, 0.002], [89742.5, 0.112], [89742.6, 0.005], [89742.7, 0.004], [89742.8, 0.04], [89743.0, 0.003], [89743.1, 0.115]], "timestamp": "2025-12-15T10:26:19.807938+00:00"}, {"symbol": "BTCUSDT", "bids": [[89713.3, 10.057], [89713.2, 0.018], [89712.4, 0.002], [89711.9, 0.002], [89711.8, 0.003], [89711.6, 0.002], [89711.5, 0.002], [89711.4, 0.002], [89711.3, 0.008], [89711.2, 0.114], [89711.1, 0.055], [89711.0, 0.014], [89710.8, 0.003], [89710.5, 0.003], [89710.4, 0.658], [89710.3, 2.519], [89710.2, 0.008], [89710.1, 0.112], [89710.0, 0.002], [89709.7, 0.006]], "asks": [[89713.4, 5.654], [89713.5, 0.045], [89714.0, 0.003], [89714.1, 0.004], [89714.2, 0.032], [89714.3, 0.05], [89714.4, 0.03], [89714.5, 0.002], [89714.7, 0.003], [89715.0, 0.002], [89715.2, 0.046], [89715.3, 0.003], [89715.4, 0.005], [89715.7, 0.003], [89715.8, 0.058], [89715.9, 0.002], [89716.0, 0.007], [89716.1, 0.004], [89716.2, 0.002], [89716.3, 0.005]], "timestamp": "2025-12-15T10:27:13.941716+00:00"}, {"symbol": "BTCUSDT", "bids": [[89794.5, 6.385], [89794.4, 0.008], [89794.3, 0.002], [89794.1, 0.112], [89794.0, 0.003], [89793.8, 0.116], [89793.7, 0.002], [89793.4, 0.116], [89793.3, 0.003], [89793.0, 0.013], [89792.8, 0.002], [89792.7, 0.002], [89792.6, 0.112], [89792.5, 0.018], [89792.1, 0.077], [89792.0, 0.003], [89791.8, 0.112], [89791.7, 0.003], [89791.5, 0.007], [89791.0, 0.019]], "asks": [[89794.6, 4.616], [89794.7, 0.004], [89795.5, 0.003], [89796.0, 0.003], [89796.5, 0.007], [89796.6, 0.003], [89797.0, 0.007], [89797.3, 0.003], [89797.5, 0.002], [89797.6, 0.003], [89797.8, 0.002], [89798.0, 0.002], [89798.1, 0.003], [89798.2, 0.005], [89798.3, 0.002], [89798.4, 0.055], [89798.6, 0.003], [89798.7, 0.005], [89799.1, 0.572], [89799.3, 0.003]], "timestamp": "2025-12-15T10:28:07.739078+00:00"}, {"symbol": "BTCUSDT", "bids": [[89879.9, 6.338], [89879.8, 0.127], [89879.7, 0.002], [89879.2, 0.003], [89879.1, 0.002], [89878.7, 0.003], [89878.5, 0.003], [89878.2, 0.002], [89878.1, 0.002], [89878.0, 0.069], [89877.9, 0.01], [89877.8, 0.003], [89877.5, 0.007], [89877.4, 0.003], [89877.1, 0.007], [89877.0, 0.015], [89876.9, 0.003], [89876.8, 0.002], [89876.5, 0.032], [89876.4, 0.005]], "asks": [[89880.0, 6.717], [89880.1, 0.012], [89880.4, 0.003], [89880.5, 0.002], [89880.6, 0.013], [89880.7, 0.017], [89880.8, 0.011], [89880.9, 0.003], [89881.0, 0.003], [89881.2, 0.025], [89881.3, 0.005], [89881.4, 0.003], [89881.6, 0.012], [89881.9, 0.003], [89882.0, 0.003], [89882.1, 0.009], [89882.4, 0.003], [89882.6, 0.004], [89882.8, 0.009], [89882.9, 0.003]], "timestamp": "2025-12-15T10:29:01.909211+00:00"}