[{"id": "3015081459", "price": 86397.3, "amount": 0.002, "side": "sell", "timestamp": 1765842116689}, {"id": "3015081460", "price": 86397.1, "amount": 0.002, "side": "sell", "timestamp": 1765842116689}, {"id": "3015081461", "price": 86396.9, "amount": 0.006, "side": "sell", "timestamp": 1765842116693}, {"id": "3015081462", "price": 86396.3, "amount": 0.002, "side": "buy", "timestamp": 1765842117102}, {"id": "3015081463", "price": 86396.2, "amount": 0.035, "side": "sell", "timestamp": 1765842117243}, {"id": "3015081464", "price": 86396.3, "amount": 0.015, "side": "buy", "timestamp": 1765842117258}, {"id": "3015081465", "price": 86396.3, "amount": 0.003, "side": "buy", "timestamp": 1765842117510}, {"id": "3015081466", "price": 86396.3, "amount": 0.014, "side": "buy", "timestamp": 1765842117827}, {"id": "3015081467", "price": 86396.2, "amount": 0.115, "side": "sell", "timestamp": 1765842118038}, {"id": "3015081468", "price": 86396.3, "amount": 0.001, "side": "buy", "timestamp": 1765842118325}, {"id": "3015081469", "price": 86396.3, "amount": 0.024, "side": "buy", "timestamp": 1765842118553}, {"id": "3015081470", "price": 86396.2, "amount": 0.015, "side": "sell", "timestamp": 1765842118812}, {"id": "3015081471", "price": 86396.3, "amount": 0.002, "side": "buy", "timestamp": 1765842118981}, {"id": "3015081472", "price": 86396.2, "amount": 0.007, "side": "sell", "timestamp": 1765842119004}, {"id": "3015081473", "price": 86396.2, "amount": 0.187, "side": "sell", "timestamp": 1765842119126}, {"id": "3015081474", "price": 86396.1, "amount": 0.008, "side": "sell", "timestamp": 1765842119141}, {"id": "3015081475", "price": 86396.0, "amount": 0.003, "side": "sell", "timestamp": 1765842119141}, {"id": "3015081476", "price": 86395.7, "amount": 0.003, "side": "sell", "timestamp": 1765842119141}, {"id": "3015081477", "price": 86395.4, "amount": 0.002, "side": "sell", "timestamp": 1765842119141}, {"id": "3015081478", "price": 86395.3, "amount": 0.027, "side": "sell", "timestamp": 1765842119141}, {"id": "3015081479", "price": 86395.3, "amount": 0.002, "side": "buy", "timestamp": 1765842119158}, {"id": "3015081480", "price": 86395.2, "amount": 0.004, "side": "sell", "timestamp": 1765842119267}, {"id": "3015081481", "price": 86395.3, "amount": 0.283, "side": "buy", "timestamp": 1765842119391}, {"id": "3015081482", "price": 86395.3, "amount": 0.31, "side": "buy", "timestamp": 1765842119522}, {"id": "3015081483", "price": 86395.2, "amount": 0.004, "side": "sell", "timestamp": 1765842119587}, {"id": "3015081484", "price": 86395.3, "amount": 0.026, "side": "buy", "timestamp": 1765842119636}, {"id": "3015081485", "price": 86395.2, "amount": 0.034, "side": "sell", "timestamp": 1765842119837}, {"id": "3015081486", "price": 86395.2, "amount": 0.141, "side": "sell", "timestamp": 1765842120064}, {"id": "3015081487", "price": 86395.3, "amount": 0.002, "side": "buy", "timestamp": 1765842120429}, {"id": "3015081488", "price": 86395.3, "amount": 0.025, "side": "buy", "timestamp": 1765842121096}, {"id": "3015081489", "price": 86395.3, "amount": 0.038, "side": "buy", "timestamp": 1765842121263}, {"id": "3015081490", "price": 86395.2, "amount": 0.006, "side": "sell", "timestamp": 1765842121417}, {"id": "3015081491", "price": 86395.3, "amount": 0.135, "side": "buy", "timestamp": 1765842121451}, {"id": "3015081492", "price": 86395.3, "amount": 0.159, "side": "buy", "timestamp": 1765842121709}, {"id": "3015081493", "price": 86395.2, "amount": 0.005, "side": "sell", "timestamp": 1765842121792}, {"id": "3015081494", "price": 86395.3, "amount": 0.023, "side": "buy", "timestamp": 1765842122040}, {"id": "3015081495", "price": 86395.2, "amount": 0.004, "side": "sell", "timestamp": 1765842122055}, {"id": "3015081496", "price": 86395.3, "amount": 0.273, "side": "buy", "timestamp": 1765842122169}, {"id": "3015081497", "price": 86395.4, "amount": 0.034, "side": "buy", "timestamp": 1765842122169}, {"id": "3015081498", "price": 86395.5, "amount": 0.057, "side": "buy", "timestamp": 1765842122169}, {"id": "3015081499", "price": 86396.0, "amount": 0.052, "side": "buy", "timestamp": 1765842122169}, {"id": "3015081500", "price": 86396.3, "amount": 0.026, "side": "buy", "timestamp": 1765842122180}, {"id": "3015081501", "price": 86396.3, "amount": 0.063, "side": "buy", "timestamp": 1765842122574}, {"id": "3015081502", "price": 86396.2, "amount": 0.005, "side": "sell", "timestamp": 1765842122863}, {"id": "3015081503", "price": 86396.3, "amount": 0.053, "side": "buy", "timestamp": 1765842123069}, {"id": "3015081504", "price": 86396.3, "amount": 0.007, "side": "buy", "timestamp": 1765842123185}, {"id": "3015081505", "price": 86396.3, "amount": 0.008, "side": "buy", "timestamp": 1765842123487}, {"id": "3015081506", "price": 86396.3, "amount": 0.007, "side": "buy", "timestamp": 1765842124136}, {"id": "3015081507", "price": 86396.3, "amount": 0.026, "side": "buy", "timestamp": 1765842124239}, {"id": "3015081508", "price": 86396.3, "amount": 0.01, "side": "buy", "timestamp": 1765842125114}, {"id": "3015082076", "price": 86382.7, "amount": 0.002, "side": "buy", "timestamp": 1765842168646}, {"id": "3015082077", "price": 86383.0, "amount": 0.004, "side": "buy", "timestamp": 1765842168646}, {"id": "3015082078", "price": 86383.2, "amount": 0.002, "side": "buy", "timestamp": 1765842168646}, {"id": "3015082079", "price": 86383.4, "amount": 0.006, "side": "buy", "timestamp": 1765842168646}, {"id": "3015082080", "price": 86383.5, "amount": 0.002, "side": "buy", "timestamp": 1765842168646}, {"id": "3015082081", "price": 86383.7, "amount": 0.002, "side": "buy", "timestamp": 1765842168646}, {"id": "3015082082", "price": 86383.8, "amount": 0.004, "side": "buy", "timestamp": 1765842168646}, {"id": "3015082083", "price": 86384.0, "amount": 0.002, "side": "buy", "timestamp": 1765842168646}, {"id": "3015082084", "price": 86384.1, "amount": 0.003, "side": "buy", "timestamp": 1765842168646}, {"id": "3015082085", "price": 86384.2, "amount": 0.169, "side": "buy", "timestamp": 1765842168646}, {"id": "3015082086", "price": 86384.1, "amount": 0.002, "side": "sell", "timestamp": 1765842169069}, {"id": "3015082087", "price": 86384.2, "amount": 0.2, "side": "buy", "timestamp": 1765842169293}, {"id": "3015082088", "price": 86384.1, "amount": 0.007, "side": "sell", "timestamp": 1765842169478}, {"id": "3015082089", "price": 86384.2, "amount": 0.003, "side": "buy", "timestamp": 1765842169777}, {"id": "3015082090", "price": 86384.1, "amount": 0.002, "side": "sell", "timestamp": 1765842170197}, {"id": "3015082091", "price": 86384.2, "amount": 0.374, "side": "buy", "timestamp": 1765842170647}, {"id": "3015082092", "price": 86384.3, "amount": 0.115, "side": "buy", "timestamp": 1765842170662}, {"id": "3015082093", "price": 86384.2, "amount": 0.002, "side": "sell", "timestamp": 1765842170787}, {"id": "3015082094", "price": 86384.3, "amount": 0.017, "side": "buy", "timestamp": 1765842170857}, {"id": "3015082095", "price": 86384.4, "amount": 0.002, "side": "buy", "timestamp": 1765842170858}, {"id": "3015082096", "price": 86384.7, "amount": 0.006, "side": "buy", "timestamp": 1765842170858}, {"id": "3015082097", "price": 86384.9, "amount": 0.006, "side": "buy", "timestamp": 1765842170863}, {"id": "3015082098", "price": 86385.5, "amount": 0.003, "side": "buy", "timestamp": 1765842170866}, {"id": "3015082099", "price": 86385.6, "amount": 0.002, "side": "buy", "timestamp": 1765842170866}, {"id": "3015082100", "price": 86385.7, "amount": 0.002, "side": "buy", "timestamp": 1765842170866}, {"id": "3015082101", "price": 86386.1, "amount": 0.004, "side": "buy", "timestamp": 1765842170866}, {"id": "3015082102", "price": 86386.4, "amount": 0.003, "side": "buy", "timestamp": 1765842170866}, {"id": "3015082103", "price": 86386.5, "amount": 0.002, "side": "buy", "timestamp": 1765842170867}, {"id": "3015082104", "price": 86386.6, "amount": 0.006, "side": "buy", "timestamp": 1765842170873}, {"id": "3015082105", "price": 86386.9, "amount": 0.003, "side": "buy", "timestamp": 1765842170873}, {"id": "3015082106", "price": 86387.0, "amount": 0.002, "side": "buy", "timestamp": 1765842170873}, {"id": "3015082107", "price": 86387.1, "amount": 0.005, "side": "buy", "timestamp": 1765842170873}, {"id": "3015082108", "price": 86387.4, "amount": 0.004, "side": "buy", "timestamp": 1765842171100}, {"id": "3015082109", "price": 86387.4, "amount": 0.065, "side": "buy", "timestamp": 1765842171551}, {"id": "3015082110", "price": 86387.4, "amount": 0.009, "side": "buy", "timestamp": 1765842171753}, {"id": "3015082111", "price": 86387.4, "amount": 0.002, "side": "buy", "timestamp": 1765842171897}, {"id": "3015082112", "price": 86387.4, "amount": 0.01, "side": "buy", "timestamp": 1765842172404}, {"id": "3015082113", "price": 86387.3, "amount": 0.033, "side": "sell", "timestamp": 1765842172990}, {"id": "3015082114", "price": 86387.4, "amount": 0.005, "side": "buy", "timestamp": 1765842175373}, {"id": "3015082115", "price": 86387.4, "amount": 0.02, "side": "buy", "timestamp": 1765842175510}, {"id": "3015082116", "price": 86387.4, "amount": 0.004, "side": "buy", "timestamp": 1765842175892}, {"id": "3015082117", "price": 86387.3, "amount": 0.002, "side": "sell", "timestamp": 1765842176074}, {"id": "3015082118", "price": 86387.3, "amount": 0.016, "side": "sell", "timestamp": 1765842176632}, {"id": "3015082119", "price": 86387.4, "amount": 0.666, "side": "buy", "timestamp": 1765842176725}, {"id": "3015082120", "price": 86387.3, "amount": 0.044, "side": "sell", "timestamp": 1765842176852}, {"id": "3015082121", "price": 86387.3, "amount": 0.002, "side": "sell", "timestamp": 1765842177201}, {"id": "3015082122", "price": 86387.4, "amount": 0.009, "side": "buy", "timestamp": 1765842178081}, {"id": "3015082123", "price": 86387.4, "amount": 0.002, "side": "buy", "timestamp": 1765842178484}, {"id": "3015082124", "price": 86387.4, "amount": 0.002, "side": "buy", "timestamp": 1765842178709}, {"id": "3015082125", "price": 86387.4, "amount": 0.008, "side": "buy", "timestamp": 1765842178951}, {"id": "3015082276", "price": 86386.3, "amount": 0.195, "side": "sell", "timestamp": 1765842216765}, {"id": "3015082277", "price": 86386.3, "amount": 0.005, "side": "sell", "timestamp": 1765842216949}, {"id": "3015082278", "price": 86386.3, "amount": 0.05, "side": "sell", "timestamp": 1765842217905}, {"id": "3015082279", "price": 86386.3, "amount": 0.002, "side": "sell", "timestamp": 1765842218118}, {"id": "3015082280", "price": 86386.4, "amount": 0.002, "side": "buy", "timestamp": 1765842218348}, {"id": "3015082281", "price": 86386.3, "amount": 0.012, "side": "sell", "timestamp": 1765842218655}, {"id": "3015082282", "price": 86386.4, "amount": 0.008, "side": "buy", "timestamp": 1765842218706}, {"id": "3015082283", "price": 86386.4, "amount": 0.002, "side": "buy", "timestamp": 1765842218894}, {"id": "3015082284", "price": 86386.3, "amount": 0.007, "side": "sell", "timestamp": 1765842219076}, {"id": "3015082285", "price": 86386.4, "amount": 0.033, "side": "buy", "timestamp": 1765842219635}, {"id": "3015082286", "price": 86386.3, "amount": 0.002, "side": "sell", "timestamp": 1765842219675}, {"id": "3015082287", "price": 86386.4, "amount": 0.005, "side": "buy", "timestamp": 1765842219878}, {"id": "3015082288", "price": 86386.4, "amount": 0.007, "side": "buy", "timestamp": 1765842220188}, {"id": "3015082289", "price": 86386.3, "amount": 0.014, "side": "sell", "timestamp": 1765842220918}, {"id": "3015082290", "price": 86386.4, "amount": 0.1, "side": "buy", "timestamp": 1765842221044}, {"id": "3015082291", "price": 86386.4, "amount": 0.016, "side": "buy", "timestamp": 1765842222155}, {"id": "3015082292", "price": 86386.4, "amount": 0.012, "side": "buy", "timestamp": 1765842222356}, {"id": "3015082293", "price": 86386.3, "amount": 0.017, "side": "sell", "timestamp": 1765842222632}, {"id": "3015082294", "price": 86386.4, "amount": 0.002, "side": "buy", "timestamp": 1765842222824}, {"id": "3015082295", "price": 86386.3, "amount": 0.271, "side": "sell", "timestamp": 1765842223526}, {"id": "3015082296", "price": 86386.3, "amount": 0.002, "side": "sell", "timestamp": 1765842224189}, {"id": "3015082297", "price": 86386.4, "amount": 0.024, "side": "buy", "timestamp": 1765842225197}, {"id": "3015082298", "price": 86386.4, "amount": 0.019, "side": "buy", "timestamp": 1765842225663}, {"id": "3015082299", "price": 86386.3, "amount": 0.025, "side": "sell", "timestamp": 1765842226745}, {"id": "3015082300", "price": 86386.3, "amount": 0.028, "side": "sell", "timestamp": 1765842227000}, {"id": "3015082301", "price": 86386.4, "amount": 0.01, "side": "buy", "timestamp": 1765842227411}, {"id": "3015082302", "price": 86386.4, "amount": 0.003, "side": "buy", "timestamp": 1765842227632}, {"id": "3015082303", "price": 86386.3, "amount": 0.911, "side": "sell", "timestamp": 1765842227764}, {"id": "3015082304", "price": 86386.4, "amount": 0.015, "side": "buy", "timestamp": 1765842227923}, {"id": "3015082305", "price": 86386.4, "amount": 0.081, "side": "buy", "timestamp": 1765842228686}, {"id": "3015082306", "price": 86386.4, "amount": 0.117, "side": "buy", "timestamp": 1765842228846}, {"id": "3015082307", "price": 86386.4, "amount": 0.016, "side": "buy", "timestamp": 1765842229021}, {"id": "3015082308", "price": 86386.4, "amount": 0.047, "side": "buy", "timestamp": 1765842229159}, {"id": "3015082309", "price": 86386.4, "amount": 0.523, "side": "buy", "timestamp": 1765842229584}, {"id": "3015082310", "price": 86386.3, "amount": 0.059, "side": "sell", "timestamp": 1765842230032}, {"id": "3015082311", "price": 86386.4, "amount": 0.026, "side": "buy", "timestamp": 1765842230112}, {"id": "3015082312", "price": 86386.4, "amount": 0.005, "side": "buy", "timestamp": 1765842230379}, {"id": "3015082313", "price": 86386.4, "amount": 0.02, "side": "buy", "timestamp": 1765842230894}, {"id": "3015082314", "price": 86386.3, "amount": 0.025, "side": "sell", "timestamp": 1765842230966}, {"id": "3015082315", "price": 86386.3, "amount": 0.003, "side": "sell", "timestamp": 1765842231213}, {"id": "3015082316", "price": 86386.4, "amount": 0.057, "side": "buy", "timestamp": 1765842231590}, {"id": "3015082317", "price": 86386.4, "amount": 0.275, "side": "buy", "timestamp": 1765842232894}, {"id": "3015082318", "price": 86386.4, "amount": 0.031, "side": "buy", "timestamp": 1765842233018}, {"id": "3015082319", "price": 86386.4, "amount": 0.895, "side": "buy", "timestamp": 1765842233989}, {"id": "3015082320", "price": 86386.4, "amount": 0.009, "side": "buy", "timestamp": 1765842234381}, {"id": "3015082321", "price": 86386.3, "amount": 0.057, "side": "sell", "timestamp": 1765842234436}, {"id": "3015082322", "price": 86386.4, "amount": 0.028, "side": "buy", "timestamp": 1765842234799}, {"id": "3015082323", "price": 86386.3, "amount": 0.541, "side": "sell", "timestamp": 1765842235121}, {"id": "3015082324", "price": 86386.3, "amount": 0.01, "side": "sell", "timestamp": 1765842235330}, {"id": "3015082325", "price": 86386.4, "amount": 0.022, "side": "buy", "timestamp": 1765842235346}, {"id": "3015082758", "price": 86411.7, "amount": 0.002, "side": "buy", "timestamp": 1765842285773}, {"id": "3015082759", "price": 86411.7, "amount": 0.355, "side": "buy", "timestamp": 1765842285993}, {"id": "3015082760", "price": 86411.7, "amount": 0.005, "side": "buy", "timestamp": 1765842286248}, {"id": "3015082761", "price": 86411.7, "amount": 0.002, "side": "buy", "timestamp": 1765842286412}, {"id": "3015082762", "price": 86411.7, "amount": 0.015, "side": "buy", "timestamp": 1765842286799}, {"id": "3015082763", "price": 86411.6, "amount": 0.011, "side": "sell", "timestamp": 1765842287144}, {"id": "3015082764", "price": 86411.7, "amount": 0.009, "side": "buy", "timestamp": 1765842287373}, {"id": "3015082765", "price": 86411.7, "amount": 0.011, "side": "buy", "timestamp": 1765842287638}, {"id": "3015082766", "price": 86411.7, "amount": 0.025, "side": "buy", "timestamp": 1765842288068}, {"id": "3015082767", "price": 86411.7, "amount": 0.024, "side": "buy", "timestamp": 1765842288365}, {"id": "3015082768", "price": 86411.6, "amount": 0.044, "side": "sell", "timestamp": 1765842288550}, {"id": "3015082769", "price": 86411.7, "amount": 0.011, "side": "buy", "timestamp": 1765842288746}, {"id": "3015082770", "price": 86411.7, "amount": 0.05, "side": "buy", "timestamp": 1765842289934}, {"id": "3015082771", "price": 86411.8, "amount": 0.002, "side": "buy", "timestamp": 1765842289935}, {"id": "3015082772", "price": 86411.9, "amount": 0.002, "side": "buy", "timestamp": 1765842289935}, {"id": "3015082773", "price": 86412.4, "amount": 0.002, "side": "buy", "timestamp": 1765842289935}, {"id": "3015082774", "price": 86412.8, "amount": 0.002, "side": "buy", "timestamp": 1765842289935}, {"id": "3015082775", "price": 86413.6, "amount": 0.002, "side": "buy", "timestamp": 1765842289935}, {"id": "3015082776", "price": 86413.7, "amount": 0.003, "side": "buy", "timestamp": 1765842289935}, {"id": "3015082777", "price": 86414.5, "amount": 0.085, "side": "buy", "timestamp": 1765842289938}, {"id": "3015082778", "price": 86414.4, "amount": 0.002, "side": "sell", "timestamp": 1765842290202}, {"id": "3015082779", "price": 86414.5, "amount": 0.05, "side": "buy", "timestamp": 1765842290338}, {"id": "3015082780", "price": 86414.6, "amount": 0.002, "side": "buy", "timestamp": 1765842290338}, {"id": "3015082781", "price": 86414.7, "amount": 0.002, "side": "buy", "timestamp": 1765842290338}, {"id": "3015082782", "price": 86414.9, "amount": 0.003, "side": "buy", "timestamp": 1765842290338}, {"id": "3015082783", "price": 86415.3, "amount": 0.003, "side": "buy", "timestamp": 1765842290339}, {"id": "3015082784", "price": 86415.4, "amount": 0.06, "side": "buy", "timestamp": 1765842290339}, {"id": "3015082785", "price": 86415.8, "amount": 0.002, "side": "buy", "timestamp": 1765842290339}, {"id": "3015082786", "price": 86415.9, "amount": 0.003, "side": "buy", "timestamp": 1765842290339}, {"id": "3015082787", "price": 86416.4, "amount": 0.003, "side": "buy", "timestamp": 1765842290339}, {"id": "3015082788", "price": 86416.7, "amount": 0.002, "side": "buy", "timestamp": 1765842290339}, {"id": "3015082789", "price": 86416.9, "amount": 0.006, "side": "buy", "timestamp": 1765842290339}, {"id": "3015082790", "price": 86417.1, "amount": 0.044, "side": "buy", "timestamp": 1765842290339}, {"id": "3015082791", "price": 86417.3, "amount": 0.002, "side": "buy", "timestamp": 1765842290339}, {"id": "3015082792", "price": 86417.4, "amount": 0.003, "side": "buy", "timestamp": 1765842290339}, {"id": "3015082793", "price": 86417.7, "amount": 0.002, "side": "buy", "timestamp": 1765842290339}, {"id": "3015082794", "price": 86417.8, "amount": 0.006, "side": "buy", "timestamp": 1765842290339}, {"id": "3015082795", "price": 86417.9, "amount": 0.003, "side": "buy", "timestamp": 1765842290339}, {"id": "3015082796", "price": 86418.0, "amount": 0.004, "side": "buy", "timestamp": 1765842290339}, {"id": "3015082797", "price": 86418.1, "amount": 0.102, "side": "buy", "timestamp": 1765842290339}, {"id": "3015082798", "price": 86418.2, "amount": 0.004, "side": "buy", "timestamp": 1765842290339}, {"id": "3015082799", "price": 86418.4, "amount": 0.005, "side": "buy", "timestamp": 1765842290339}, {"id": "3015082800", "price": 86418.5, "amount": 0.205, "side": "buy", "timestamp": 1765842290339}, {"id": "3015082801", "price": 86418.6, "amount": 0.002, "side": "buy", "timestamp": 1765842290339}, {"id": "3015082802", "price": 86418.7, "amount": 0.003, "side": "buy", "timestamp": 1765842290339}, {"id": "3015082803", "price": 86418.9, "amount": 0.002, "side": "buy", "timestamp": 1765842290339}, {"id": "3015082804", "price": 86419.1, "amount": 0.003, "side": "buy", "timestamp": 1765842290339}, {"id": "3015082805", "price": 86419.2, "amount": 0.003, "side": "buy", "timestamp": 1765842290339}, {"id": "3015082806", "price": 86419.3, "amount": 0.002, "side": "buy", "timestamp": 1765842290339}, {"id": "3015082807", "price": 86419.4, "amount": 0.106, "side": "buy", "timestamp": 1765842290339}, {"id": "3015083575", "price": 86391.7, "amount": 0.003, "side": "sell", "timestamp": 1765842334045}, {"id": "3015083576", "price": 86391.6, "amount": 0.002, "side": "sell", "timestamp": 1765842334045}, {"id": "3015083577", "price": 86391.5, "amount": 0.003, "side": "sell", "timestamp": 1765842334045}, {"id": "3015083578", "price": 86391.4, "amount": 0.003, "side": "sell", "timestamp": 1765842334045}, {"id": "3015083579", "price": 86391.0, "amount": 0.006, "side": "sell", "timestamp": 1765842334049}, {"id": "3015083580", "price": 86390.9, "amount": 0.003, "side": "sell", "timestamp": 1765842334049}, {"id": "3015083581", "price": 86390.3, "amount": 0.006, "side": "sell", "timestamp": 1765842334052}, {"id": "3015083582", "price": 86389.9, "amount": 0.002, "side": "sell", "timestamp": 1765842334052}, {"id": "3015083583", "price": 86389.8, "amount": 0.003, "side": "sell", "timestamp": 1765842334052}, {"id": "3015083584", "price": 86389.2, "amount": 0.006, "side": "sell", "timestamp": 1765842334053}, {"id": "3015083585", "price": 86389.1, "amount": 0.037, "side": "sell", "timestamp": 1765842334056}, {"id": "3015083586", "price": 86389.1, "amount": 0.099, "side": "buy", "timestamp": 1765842334139}, {"id": "3015083587", "price": 86389.1, "amount": 0.076, "side": "buy", "timestamp": 1765842334390}, {"id": "3015083588", "price": 86389.1, "amount": 0.003, "side": "buy", "timestamp": 1765842334550}, {"id": "3015083589", "price": 86389.1, "amount": 0.5, "side": "buy", "timestamp": 1765842334672}, {"id": "3015083590", "price": 86389.1, "amount": 0.715, "side": "buy", "timestamp": 1765842334774}, {"id": "3015083591", "price": 86389.0, "amount": 0.002, "side": "sell", "timestamp": 1765842335043}, {"id": "3015083592", "price": 86389.1, "amount": 0.057, "side": "buy", "timestamp": 1765842335120}, {"id": "3015083593", "price": 86389.1, "amount": 0.1, "side": "buy", "timestamp": 1765842335271}, {"id": "3015083594", "price": 86389.1, "amount": 0.498, "side": "buy", "timestamp": 1765842335533}, {"id": "3015083595", "price": 86389.1, "amount": 0.003, "side": "buy", "timestamp": 1765842335673}, {"id": "3015083596", "price": 86389.0, "amount": 0.072, "side": "sell", "timestamp": 1765842336943}, {"id": "3015083597", "price": 86389.1, "amount": 0.5, "side": "buy", "timestamp": 1765842337004}, {"id": "3015083598", "price": 86389.0, "amount": 0.005, "side": "sell", "timestamp": 1765842337083}, {"id": "3015083599", "price": 86389.0, "amount": 0.086, "side": "sell", "timestamp": 1765842337386}, {"id": "3015083600", "price": 86389.0, "amount": 0.074, "side": "sell", "timestamp": 1765842338052}, {"id": "3015083601", "price": 86389.1, "amount": 0.002, "side": "buy", "timestamp": 1765842338462}, {"id": "3015083602", "price": 86389.0, "amount": 0.009, "side": "sell", "timestamp": 1765842338501}, {"id": "3015083603", "price": 86389.1, "amount": 0.048, "side": "buy", "timestamp": 1765842338986}, {"id": "3015083604", "price": 86389.1, "amount": 0.002, "side": "buy", "timestamp": 1765842339246}, {"id": "3015083605", "price": 86389.1, "amount": 0.115, "side": "buy", "timestamp": 1765842339514}, {"id": "3015083606", "price": 86389.0, "amount": 0.288, "side": "sell", "timestamp": 1765842339701}, {"id": "3015083607", "price": 86389.1, "amount": 0.038, "side": "buy", "timestamp": 1765842340834}, {"id": "3015083608", "price": 86389.0, "amount": 0.008, "side": "sell", "timestamp": 1765842341031}, {"id": "3015083609", "price": 86389.1, "amount": 0.05, "side": "buy", "timestamp": 1765842341197}, {"id": "3015083610", "price": 86389.1, "amount": 0.3, "side": "buy", "timestamp": 1765842341317}, {"id": "3015083611", "price": 86389.0, "amount": 0.007, "side": "sell", "timestamp": 1765842341468}, {"id": "3015083612", "price": 86389.0, "amount": 0.058, "side": "sell", "timestamp": 1765842341916}, {"id": "3015083613", "price": 86389.1, "amount": 0.002, "side": "buy", "timestamp": 1765842342181}, {"id": "3015083614", "price": 86389.1, "amount": 0.178, "side": "buy", "timestamp": 1765842343141}, {"id": "3015083615", "price": 86389.1, "amount": 0.002, "side": "buy", "timestamp": 1765842343596}, {"id": "3015083616", "price": 86389.0, "amount": 0.002, "side": "sell", "timestamp": 1765842344142}, {"id": "3015083617", "price": 86389.0, "amount": 0.006, "side": "sell", "timestamp": 1765842344647}, {"id": "3015083618", "price": 86389.1, "amount": 0.003, "side": "buy", "timestamp": 1765842344895}, {"id": "3015083619", "price": 86389.1, "amount": 0.007, "side": "buy", "timestamp": 1765842345335}, {"id": "3015083620", "price": 86389.1, "amount": 0.024, "side": "buy", "timestamp": 1765842345483}, {"id": "3015083621", "price": 86389.1, "amount": 0.081, "side": "buy", "timestamp": 1765842345688}, {"id": "3015083622", "price": 86389.1, "amount": 0.018, "side": "buy", "timestamp": 1765842346196}, {"id": "3015083623", "price": 86389.1, "amount": 0.083, "side": "buy", "timestamp": 1765842346465}, {"id": "3015083624", "price": 86389.1, "amount": 0.003, "side": "buy", "timestamp": 1765842346578}, {"id": "3015084443", "price": 86422.0, "amount": 0.002, "side": "sell", "timestamp": 1765842398209}, {"id": "3015084444", "price": 86422.0, "amount": 0.002, "side": "sell", "timestamp": 1765842398440}, {"id": "3015084445", "price": 86422.0, "amount": 0.215, "side": "sell", "timestamp": 1765842398716}, {"id": "3015084446", "price": 86421.9, "amount": 0.013, "side": "sell", "timestamp": 1765842398716}, {"id": "3015084447", "price": 86421.2, "amount": 0.003, "side": "sell", "timestamp": 1765842398717}, {"id": "3015084448", "price": 86420.7, "amount": 0.094, "side": "sell", "timestamp": 1765842398717}, {"id": "3015084449", "price": 86420.6, "amount": 0.068, "side": "sell", "timestamp": 1765842398717}, {"id": "3015084450", "price": 86420.5, "amount": 0.003, "side": "sell", "timestamp": 1765842398717}, {"id": "3015084451", "price": 86420.2, "amount": 0.002, "side": "sell", "timestamp": 1765842398718}, {"id": "3015084452", "price": 86420.0, "amount": 0.008, "side": "sell", "timestamp": 1765842398718}, {"id": "3015084453", "price": 86419.5, "amount": 0.003, "side": "sell", "timestamp": 1765842398718}, {"id": "3015084454", "price": 86419.4, "amount": 0.003, "side": "sell", "timestamp": 1765842398718}, {"id": "3015084455", "price": 86419.2, "amount": 0.003, "side": "sell", "timestamp": 1765842398718}, {"id": "3015084456", "price": 86418.8, "amount": 0.082, "side": "sell", "timestamp": 1765842398718}, {"id": "3015084457", "price": 86418.7, "amount": 0.16, "side": "sell", "timestamp": 1765842398718}, {"id": "3015084458", "price": 86418.4, "amount": 0.005, "side": "sell", "timestamp": 1765842398718}, {"id": "3015084459", "price": 86418.3, "amount": 0.023, "side": "sell", "timestamp": 1765842398718}, {"id": "3015084460", "price": 86418.2, "amount": 0.002, "side": "sell", "timestamp": 1765842398721}, {"id": "3015084461", "price": 86418.0, "amount": 0.002, "side": "sell", "timestamp": 1765842398721}, {"id": "3015084462", "price": 86417.8, "amount": 0.003, "side": "sell", "timestamp": 1765842398721}, {"id": "3015084463", "price": 86417.5, "amount": 0.002, "side": "sell", "timestamp": 1765842398721}, {"id": "3015084464", "price": 86417.3, "amount": 0.039, "side": "sell", "timestamp": 1765842398721}, {"id": "3015084465", "price": 86417.2, "amount": 0.003, "side": "sell", "timestamp": 1765842398721}, {"id": "3015084466", "price": 86416.7, "amount": 0.005, "side": "sell", "timestamp": 1765842398721}, {"id": "3015084467", "price": 86416.4, "amount": 0.003, "side": "sell", "timestamp": 1765842398729}, {"id": "3015084468", "price": 86416.3, "amount": 0.002, "side": "sell", "timestamp": 1765842398729}, {"id": "3015084469", "price": 86416.2, "amount": 0.007, "side": "sell", "timestamp": 1765842398729}, {"id": "3015084470", "price": 86416.1, "amount": 0.037, "side": "sell", "timestamp": 1765842398731}, {"id": "3015084471", "price": 86416.0, "amount": 0.003, "side": "sell", "timestamp": 1765842398731}, {"id": "3015084472", "price": 86415.9, "amount": 0.049, "side": "sell", "timestamp": 1765842398738}, {"id": "3015084473", "price": 86415.8, "amount": 0.005, "side": "sell", "timestamp": 1765842398738}, {"id": "3015084474", "price": 86415.7, "amount": 0.003, "side": "sell", "timestamp": 1765842398738}, {"id": "3015084475", "price": 86415.6, "amount": 0.044, "side": "sell", "timestamp": 1765842398738}, {"id": "3015084476", "price": 86415.3, "amount": 0.002, "side": "sell", "timestamp": 1765842398738}, {"id": "3015084477", "price": 86415.1, "amount": 0.006, "side": "sell", "timestamp": 1765842398746}, {"id": "3015084478", "price": 86414.6, "amount": 0.002, "side": "sell", "timestamp": 1765842398746}, {"id": "3015084479", "price": 86414.5, "amount": 0.002, "side": "sell", "timestamp": 1765842398746}, {"id": "3015084480", "price": 86414.4, "amount": 0.008, "side": "sell", "timestamp": 1765842398750}, {"id": "3015084481", "price": 86414.4, "amount": 0.003, "side": "sell", "timestamp": 1765842399513}, {"id": "3015084482", "price": 86414.4, "amount": 0.015, "side": "sell", "timestamp": 1765842400660}, {"id": "3015084483", "price": 86414.5, "amount": 3.466, "side": "buy", "timestamp": 1765842400802}, {"id": "3015084484", "price": 86414.4, "amount": 0.002, "side": "sell", "timestamp": 1765842400829}, {"id": "3015084485", "price": 86414.4, "amount": 0.231, "side": "sell", "timestamp": 1765842400966}, {"id": "3015084486", "price": 86414.4, "amount": 0.003, "side": "sell", "timestamp": 1765842401654}, {"id": "3015084487", "price": 86414.5, "amount": 0.111, "side": "buy", "timestamp": 1765842401670}, {"id": "3015084488", "price": 86414.5, "amount": 0.008, "side": "buy", "timestamp": 1765842401804}, {"id": "3015084489", "price": 86414.5, "amount": 0.005, "side": "buy", "timestamp": 1765842402085}, {"id": "3015084490", "price": 86414.5, "amount": 0.126, "side": "buy", "timestamp": 1765842402214}, {"id": "3015084491", "price": 86414.5, "amount": 0.023, "side": "buy", "timestamp": 1765842402406}, {"id": "3015084492", "price": 86414.4, "amount": 0.014, "side": "sell", "timestamp": 1765842402424}, {"id": "3015085233", "price": 86381.2, "amount": 0.003, "side": "sell", "timestamp": 1765842452850}, {"id": "3015085234", "price": 86381.1, "amount": 0.002, "side": "sell", "timestamp": 1765842452850}, {"id": "3015085235", "price": 86381.0, "amount": 0.071, "side": "buy", "timestamp": 1765842452890}, {"id": "3015085236", "price": 86380.9, "amount": 0.007, "side": "sell", "timestamp": 1765842453046}, {"id": "3015085237", "price": 86380.9, "amount": 0.004, "side": "sell", "timestamp": 1765842453238}, {"id": "3015085238", "price": 86381.0, "amount": 0.039, "side": "buy", "timestamp": 1765842453308}, {"id": "3015085239", "price": 86381.0, "amount": 0.027, "side": "buy", "timestamp": 1765842453608}, {"id": "3015085240", "price": 86380.9, "amount": 0.005, "side": "sell", "timestamp": 1765842453669}, {"id": "3015085241", "price": 86381.0, "amount": 0.2, "side": "buy", "timestamp": 1765842453791}, {"id": "3015085242", "price": 86380.9, "amount": 0.005, "side": "sell", "timestamp": 1765842453988}, {"id": "3015085243", "price": 86380.9, "amount": 0.002, "side": "sell", "timestamp": 1765842454092}, {"id": "3015085244", "price": 86381.0, "amount": 0.092, "side": "buy", "timestamp": 1765842454179}, {"id": "3015085245", "price": 86381.1, "amount": 0.002, "side": "buy", "timestamp": 1765842454181}, {"id": "3015085246", "price": 86381.6, "amount": 0.056, "side": "buy", "timestamp": 1765842454189}, {"id": "3015085247", "price": 86382.0, "amount": 0.002, "side": "buy", "timestamp": 1765842454193}, {"id": "3015085248", "price": 86382.5, "amount": 0.057, "side": "buy", "timestamp": 1765842454198}, {"id": "3015085249", "price": 86382.8, "amount": 0.051, "side": "buy", "timestamp": 1765842454216}, {"id": "3015085250", "price": 86382.9, "amount": 0.036, "side": "buy", "timestamp": 1765842454220}, {"id": "3015085251", "price": 86383.0, "amount": 0.003, "side": "buy", "timestamp": 1765842454220}, {"id": "3015085252", "price": 86383.3, "amount": 0.003, "side": "buy", "timestamp": 1765842454220}, {"id": "3015085253", "price": 86383.8, "amount": 0.006, "side": "buy", "timestamp": 1765842454220}, {"id": "3015085254", "price": 86384.3, "amount": 0.003, "side": "buy", "timestamp": 1765842454220}, {"id": "3015085255", "price": 86384.6, "amount": 0.002, "side": "buy", "timestamp": 1765842454220}, {"id": "3015085256", "price": 86384.8, "amount": 0.003, "side": "buy", "timestamp": 1765842454220}, {"id": "3015085257", "price": 86385.0, "amount": 0.002, "side": "buy", "timestamp": 1765842454220}, {"id": "3015085258", "price": 86385.2, "amount": 0.002, "side": "buy", "timestamp": 1765842454220}, {"id": "3015085259", "price": 86385.3, "amount": 0.003, "side": "buy", "timestamp": 1765842454220}, {"id": "3015085260", "price": 86385.4, "amount": 0.002, "side": "buy", "timestamp": 1765842454220}, {"id": "3015085261", "price": 86385.8, "amount": 0.003, "side": "buy", "timestamp": 1765842454220}, {"id": "3015085262", "price": 86386.0, "amount": 0.002, "side": "buy", "timestamp": 1765842454220}, {"id": "3015085263", "price": 86386.2, "amount": 0.003, "side": "buy", "timestamp": 1765842454220}, {"id": "3015085264", "price": 86386.4, "amount": 0.003, "side": "buy", "timestamp": 1765842454220}, {"id": "3015085265", "price": 86386.5, "amount": 0.002, "side": "buy", "timestamp": 1765842454220}, {"id": "3015085266", "price": 86386.6, "amount": 0.002, "side": "buy", "timestamp": 1765842454220}, {"id": "3015085267", "price": 86386.7, "amount": 0.003, "side": "buy", "timestamp": 1765842454220}, {"id": "3015085268", "price": 86387.1, "amount": 0.006, "side": "buy", "timestamp": 1765842454220}, {"id": "3015085269", "price": 86387.3, "amount": 0.002, "side": "buy", "timestamp": 1765842454220}, {"id": "3015085270", "price": 86387.5, "amount": 0.005, "side": "buy", "timestamp": 1765842454220}, {"id": "3015085271", "price": 86387.6, "amount": 0.003, "side": "buy", "timestamp": 1765842454220}, {"id": "3015085272", "price": 86387.7, "amount": 0.006, "side": "buy", "timestamp": 1765842454220}, {"id": "3015085273", "price": 86388.0, "amount": 0.005, "side": "buy", "timestamp": 1765842454220}, {"id": "3015085274", "price": 86388.0, "amount": 0.003, "side": "sell", "timestamp": 1765842454296}, {"id": "3015085275", "price": 86388.0, "amount": 0.07, "side": "sell", "timestamp": 1765842454880}, {"id": "3015085276", "price": 86388.0, "amount": 1.429, "side": "sell", "timestamp": 1765842455354}, {"id": "3015085277", "price": 86388.1, "amount": 0.007, "side": "buy", "timestamp": 1765842455892}, {"id": "3015085278", "price": 86388.1, "amount": 0.002, "side": "buy", "timestamp": 1765842456313}, {"id": "3015085279", "price": 86388.0, "amount": 0.005, "side": "sell", "timestamp": 1765842456448}, {"id": "3015085280", "price": 86388.1, "amount": 0.006, "side": "buy", "timestamp": 1765842456501}, {"id": "3015085281", "price": 86388.1, "amount": 0.002, "side": "buy", "timestamp": 1765842457893}, {"id": "3015085282", "price": 86388.0, "amount": 0.002, "side": "sell", "timestamp": 1765842458038}, {"id": "3015085728", "price": 86354.3, "amount": 0.255, "side": "sell", "timestamp": 1765842501965}, {"id": "3015085729", "price": 86354.3, "amount": 0.004, "side": "sell", "timestamp": 1765842502119}, {"id": "3015085730", "price": 86354.3, "amount": 0.05, "side": "sell", "timestamp": 1765842502651}, {"id": "3015085731", "price": 86354.3, "amount": 0.506, "side": "sell", "timestamp": 1765842503237}, {"id": "3015085732", "price": 86354.4, "amount": 0.02, "side": "buy", "timestamp": 1765842503689}, {"id": "3015085733", "price": 86354.3, "amount": 0.112, "side": "sell", "timestamp": 1765842503787}, {"id": "3015085734", "price": 86354.4, "amount": 0.014, "side": "buy", "timestamp": 1765842503792}, {"id": "3015085735", "price": 86354.4, "amount": 0.02, "side": "buy", "timestamp": 1765842504196}, {"id": "3015085736", "price": 86354.3, "amount": 0.033, "side": "sell", "timestamp": 1765842504428}, {"id": "3015085737", "price": 86354.3, "amount": 0.008, "side": "sell", "timestamp": 1765842504963}, {"id": "3015085738", "price": 86354.3, "amount": 0.019, "side": "sell", "timestamp": 1765842505204}, {"id": "3015085739", "price": 86354.3, "amount": 0.4, "side": "sell", "timestamp": 1765842505428}, {"id": "3015085740", "price": 86354.3, "amount": 0.178, "side": "sell", "timestamp": 1765842505552}, {"id": "3015085741", "price": 86354.3, "amount": 0.004, "side": "sell", "timestamp": 1765842506055}, {"id": "3015085742", "price": 86354.4, "amount": 0.003, "side": "buy", "timestamp": 1765842506185}, {"id": "3015085743", "price": 86354.3, "amount": 0.007, "side": "sell", "timestamp": 1765842506269}, {"id": "3015085744", "price": 86354.3, "amount": 0.29, "side": "sell", "timestamp": 1765842507330}, {"id": "3015085745", "price": 86354.4, "amount": 0.002, "side": "buy", "timestamp": 1765842507395}, {"id": "3015085746", "price": 86354.3, "amount": 0.036, "side": "sell", "timestamp": 1765842508256}, {"id": "3015085747", "price": 86354.4, "amount": 0.092, "side": "buy", "timestamp": 1765842508720}, {"id": "3015085748", "price": 86354.3, "amount": 0.166, "side": "sell", "timestamp": 1765842508976}, {"id": "3015085749", "price": 86354.4, "amount": 0.023, "side": "buy", "timestamp": 1765842509371}, {"id": "3015085750", "price": 86354.4, "amount": 0.002, "side": "buy", "timestamp": 1765842509539}, {"id": "3015085751", "price": 86354.4, "amount": 0.015, "side": "buy", "timestamp": 1765842510068}, {"id": "3015085752", "price": 86354.4, "amount": 0.023, "side": "buy", "timestamp": 1765842510238}, {"id": "3015085753", "price": 86354.4, "amount": 0.002, "side": "buy", "timestamp": 1765842510821}, {"id": "3015085754", "price": 86354.3, "amount": 0.004, "side": "sell", "timestamp": 1765842511062}, {"id": "3015085755", "price": 86354.3, "amount": 0.002, "side": "sell", "timestamp": 1765842512114}, {"id": "3015085756", "price": 86354.3, "amount": 0.2, "side": "sell", "timestamp": 1765842512576}, {"id": "3015085757", "price": 86354.3, "amount": 0.033, "side": "sell", "timestamp": 1765842513125}, {"id": "3015085758", "price": 86354.4, "amount": 0.08, "side": "buy", "timestamp": 1765842513131}, {"id": "3015085759", "price": 86354.4, "amount": 0.006, "side": "buy", "timestamp": 1765842513236}, {"id": "3015085760", "price": 86354.3, "amount": 0.115, "side": "sell", "timestamp": 1765842513294}, {"id": "3015085761", "price": 86354.2, "amount": 0.017, "side": "sell", "timestamp": 1765842513295}, {"id": "3015085762", "price": 86354.1, "amount": 0.018, "side": "sell", "timestamp": 1765842513295}, {"id": "3015085763", "price": 86354.0, "amount": 0.003, "side": "sell", "timestamp": 1765842513295}, {"id": "3015085764", "price": 86353.9, "amount": 0.019, "side": "sell", "timestamp": 1765842513295}, {"id": "3015085765", "price": 86353.8, "amount": 0.019, "side": "sell", "timestamp": 1765842513295}, {"id": "3015085766", "price": 86353.7, "amount": 0.042, "side": "sell", "timestamp": 1765842513295}, {"id": "3015085767", "price": 86353.5, "amount": 0.003, "side": "sell", "timestamp": 1765842513295}, {"id": "3015085768", "price": 86353.4, "amount": 0.038, "side": "sell", "timestamp": 1765842513295}, {"id": "3015085769", "price": 86353.1, "amount": 0.002, "side": "sell", "timestamp": 1765842513295}, {"id": "3015085770", "price": 86353.0, "amount": 0.003, "side": "sell", "timestamp": 1765842513295}, {"id": "3015085771", "price": 86352.9, "amount": 0.002, "side": "sell", "timestamp": 1765842513299}, {"id": "3015085772", "price": 86352.6, "amount": 0.002, "side": "sell", "timestamp": 1765842513299}, {"id": "3015085773", "price": 86352.5, "amount": 0.003, "side": "sell", "timestamp": 1765842513299}, {"id": "3015085774", "price": 86352.3, "amount": 0.003, "side": "sell", "timestamp": 1765842513299}, {"id": "3015085775", "price": 86352.1, "amount": 0.01, "side": "sell", "timestamp": 1765842513319}, {"id": "3015085776", "price": 86352.2, "amount": 0.026, "side": "buy", "timestamp": 1765842513422}, {"id": "3015085777", "price": 86352.1, "amount": 0.008, "side": "sell", "timestamp": 1765842514014}, {"id": "3015086309", "price": 86323.6, "amount": 0.002, "side": "buy", "timestamp": 1765842564163}, {"id": "3015086310", "price": 86323.5, "amount": 0.146, "side": "sell", "timestamp": 1765842564233}, {"id": "3015086311", "price": 86323.4, "amount": 0.004, "side": "sell", "timestamp": 1765842564233}, {"id": "3015086312", "price": 86323.3, "amount": 0.009, "side": "sell", "timestamp": 1765842564233}, {"id": "3015086313", "price": 86323.1, "amount": 0.012, "side": "sell", "timestamp": 1765842564233}, {"id": "3015086314", "price": 86323.0, "amount": 0.003, "side": "sell", "timestamp": 1765842564233}, {"id": "3015086315", "price": 86322.7, "amount": 0.003, "side": "sell", "timestamp": 1765842564233}, {"id": "3015086316", "price": 86322.6, "amount": 0.002, "side": "sell", "timestamp": 1765842564233}, {"id": "3015086317", "price": 86322.5, "amount": 0.005, "side": "sell", "timestamp": 1765842564233}, {"id": "3015086318", "price": 86322.3, "amount": 0.003, "side": "sell", "timestamp": 1765842564233}, {"id": "3015086319", "price": 86322.1, "amount": 0.006, "side": "sell", "timestamp": 1765842564233}, {"id": "3015086320", "price": 86322.0, "amount": 0.005, "side": "sell", "timestamp": 1765842564233}, {"id": "3015086321", "price": 86321.9, "amount": 0.004, "side": "sell", "timestamp": 1765842564233}, {"id": "3015086322", "price": 86321.7, "amount": 0.012, "side": "sell", "timestamp": 1765842564233}, {"id": "3015086323", "price": 86321.5, "amount": 0.003, "side": "sell", "timestamp": 1765842564233}, {"id": "3015086324", "price": 86321.3, "amount": 0.002, "side": "sell", "timestamp": 1765842564233}, {"id": "3015086325", "price": 86321.2, "amount": 0.007, "side": "sell", "timestamp": 1765842564233}, {"id": "3015086326", "price": 86321.0, "amount": 0.043, "side": "sell", "timestamp": 1765842564233}, {"id": "3015086327", "price": 86320.8, "amount": 0.003, "side": "sell", "timestamp": 1765842564233}, {"id": "3015086328", "price": 86320.7, "amount": 0.002, "side": "sell", "timestamp": 1765842564233}, {"id": "3015086329", "price": 86320.5, "amount": 0.003, "side": "sell", "timestamp": 1765842564233}, {"id": "3015086330", "price": 86320.4, "amount": 0.002, "side": "sell", "timestamp": 1765842564233}, {"id": "3015086331", "price": 86320.2, "amount": 0.003, "side": "sell", "timestamp": 1765842564233}, {"id": "3015086332", "price": 86320.0, "amount": 0.007, "side": "sell", "timestamp": 1765842564233}, {"id": "3015086333", "price": 86319.8, "amount": 0.002, "side": "sell", "timestamp": 1765842564233}, {"id": "3015086334", "price": 86319.7, "amount": 0.002, "side": "sell", "timestamp": 1765842564233}, {"id": "3015086335", "price": 86319.5, "amount": 1.015, "side": "sell", "timestamp": 1765842564233}, {"id": "3015086336", "price": 86319.5, "amount": 0.11, "side": "sell", "timestamp": 1765842564343}, {"id": "3015086337", "price": 86319.5, "amount": 0.046, "side": "sell", "timestamp": 1765842564691}, {"id": "3015086338", "price": 86319.5, "amount": 0.229, "side": "sell", "timestamp": 1765842564793}, {"id": "3015086339", "price": 86319.6, "amount": 0.012, "side": "buy", "timestamp": 1765842564962}, {"id": "3015086340", "price": 86319.6, "amount": 0.002, "side": "buy", "timestamp": 1765842565651}, {"id": "3015086341", "price": 86319.5, "amount": 0.002, "side": "sell", "timestamp": 1765842565743}, {"id": "3015086342", "price": 86319.6, "amount": 0.002, "side": "buy", "timestamp": 1765842565915}, {"id": "3015086343", "price": 86319.5, "amount": 0.006, "side": "sell", "timestamp": 1765842566241}, {"id": "3015086344", "price": 86319.6, "amount": 0.003, "side": "buy", "timestamp": 1765842566464}, {"id": "3015086345", "price": 86319.5, "amount": 0.003, "side": "sell", "timestamp": 1765842566649}, {"id": "3015086346", "price": 86319.5, "amount": 0.019, "side": "sell", "timestamp": 1765842566879}, {"id": "3015086347", "price": 86319.6, "amount": 0.002, "side": "buy", "timestamp": 1765842566996}, {"id": "3015086348", "price": 86319.5, "amount": 0.032, "side": "sell", "timestamp": 1765842567019}, {"id": "3015086349", "price": 86319.5, "amount": 0.014, "side": "sell", "timestamp": 1765842567163}, {"id": "3015086350", "price": 86319.5, "amount": 0.022, "side": "sell", "timestamp": 1765842567300}, {"id": "3015086351", "price": 86319.5, "amount": 0.052, "side": "sell", "timestamp": 1765842567563}, {"id": "3015086352", "price": 86319.5, "amount": 0.006, "side": "sell", "timestamp": 1765842567768}, {"id": "3015086353", "price": 86319.5, "amount": 1.544, "side": "sell", "timestamp": 1765842568022}, {"id": "3015086354", "price": 86319.6, "amount": 0.847, "side": "buy", "timestamp": 1765842568155}, {"id": "3015086355", "price": 86319.6, "amount": 0.002, "side": "sell", "timestamp": 1765842568169}, {"id": "3015086356", "price": 86319.6, "amount": 0.002, "side": "sell", "timestamp": 1765842568429}, {"id": "3015086357", "price": 86319.6, "amount": 0.114, "side": "sell", "timestamp": 1765842568583}, {"id": "3015086358", "price": 86319.6, "amount": 0.023, "side": "sell", "timestamp": 1765842569022}, {"id": "3015086826", "price": 86361.4, "amount": 0.002, "side": "sell", "timestamp": 1765842618114}, {"id": "3015086827", "price": 86361.5, "amount": 0.003, "side": "buy", "timestamp": 1765842618451}, {"id": "3015086828", "price": 86361.5, "amount": 0.01, "side": "buy", "timestamp": 1765842618864}, {"id": "3015086829", "price": 86361.4, "amount": 2.103, "side": "sell", "timestamp": 1765842619460}, {"id": "3015086830", "price": 86361.3, "amount": 0.004, "side": "sell", "timestamp": 1765842619461}, {"id": "3015086831", "price": 86361.2, "amount": 0.005, "side": "sell", "timestamp": 1765842619461}, {"id": "3015086832", "price": 86361.0, "amount": 0.002, "side": "sell", "timestamp": 1765842619461}, {"id": "3015086833", "price": 86360.9, "amount": 0.002, "side": "sell", "timestamp": 1765842619461}, {"id": "3015086834", "price": 86360.6, "amount": 0.003, "side": "sell", "timestamp": 1765842619461}, {"id": "3015086835", "price": 86360.5, "amount": 0.267, "side": "sell", "timestamp": 1765842619461}, {"id": "3015086836", "price": 86360.4, "amount": 0.002, "side": "sell", "timestamp": 1765842619461}, {"id": "3015086837", "price": 86360.0, "amount": 0.29, "side": "sell", "timestamp": 1765842619461}, {"id": "3015086838", "price": 86359.9, "amount": 0.114, "side": "sell", "timestamp": 1765842619461}, {"id": "3015086839", "price": 86359.8, "amount": 0.003, "side": "sell", "timestamp": 1765842619461}, {"id": "3015086840", "price": 86359.6, "amount": 0.005, "side": "sell", "timestamp": 1765842619461}, {"id": "3015086841", "price": 86359.5, "amount": 0.003, "side": "sell", "timestamp": 1765842619461}, {"id": "3015086842", "price": 86359.4, "amount": 0.003, "side": "sell", "timestamp": 1765842619461}, {"id": "3015086843", "price": 86359.1, "amount": 0.006, "side": "sell", "timestamp": 1765842619461}, {"id": "3015086844", "price": 86358.8, "amount": 0.003, "side": "sell", "timestamp": 1765842619461}, {"id": "3015086845", "price": 86358.7, "amount": 0.118, "side": "sell", "timestamp": 1765842619461}, {"id": "3015086846", "price": 86358.6, "amount": 0.003, "side": "sell", "timestamp": 1765842619461}, {"id": "3015086847", "price": 86358.5, "amount": 0.002, "side": "sell", "timestamp": 1765842619461}, {"id": "3015086848", "price": 86358.4, "amount": 0.002, "side": "sell", "timestamp": 1765842619461}, {"id": "3015086849", "price": 86358.3, "amount": 0.003, "side": "sell", "timestamp": 1765842619461}, {"id": "3015086850", "price": 86358.0, "amount": 0.083, "side": "sell", "timestamp": 1765842619461}, {"id": "3015086851", "price": 86357.8, "amount": 0.003, "side": "sell", "timestamp": 1765842619466}, {"id": "3015086852", "price": 86357.4, "amount": 0.011, "side": "buy", "timestamp": 1765842619469}, {"id": "3015086853", "price": 86357.3, "amount": 0.003, "side": "sell", "timestamp": 1765842619476}, {"id": "3015086854", "price": 86357.1, "amount": 0.003, "side": "sell", "timestamp": 1765842619476}, {"id": "3015086855", "price": 86356.9, "amount": 0.002, "side": "sell", "timestamp": 1765842619476}, {"id": "3015086856", "price": 86356.8, "amount": 0.008, "side": "sell", "timestamp": 1765842619476}, {"id": "3015086857", "price": 86356.7, "amount": 0.002, "side": "sell", "timestamp": 1765842619492}, {"id": "3015086858", "price": 86356.3, "amount": 0.039, "side": "sell", "timestamp": 1765842619504}, {"id": "3015086859", "price": 86356.1, "amount": 0.025, "side": "sell", "timestamp": 1765842619832}, {"id": "3015086860", "price": 86356.2, "amount": 0.07, "side": "buy", "timestamp": 1765842620102}, {"id": "3015086861", "price": 86356.1, "amount": 0.002, "side": "sell", "timestamp": 1765842620749}, {"id": "3015086862", "price": 86356.1, "amount": 0.2, "side": "sell", "timestamp": 1765842620906}, {"id": "3015086863", "price": 86356.2, "amount": 0.057, "side": "buy", "timestamp": 1765842622363}, {"id": "3015086864", "price": 86356.1, "amount": 0.26, "side": "sell", "timestamp": 1765842622414}, {"id": "3015086865", "price": 86356.2, "amount": 0.023, "side": "buy", "timestamp": 1765842622496}, {"id": "3015086866", "price": 86356.1, "amount": 0.002, "side": "sell", "timestamp": 1765842622926}, {"id": "3015086867", "price": 86356.2, "amount": 0.011, "side": "buy", "timestamp": 1765842623327}, {"id": "3015086868", "price": 86356.1, "amount": 0.005, "side": "sell", "timestamp": 1765842623390}, {"id": "3015086869", "price": 86356.1, "amount": 0.023, "side": "sell", "timestamp": 1765842623519}, {"id": "3015086870", "price": 86356.2, "amount": 0.44, "side": "buy", "timestamp": 1765842623601}, {"id": "3015086871", "price": 86356.2, "amount": 0.01, "side": "buy", "timestamp": 1765842623769}, {"id": "3015086872", "price": 86356.1, "amount": 0.002, "side": "sell", "timestamp": 1765842624183}, {"id": "3015086873", "price": 86356.1, "amount": 0.454, "side": "sell", "timestamp": 1765842624305}, {"id": "3015086874", "price": 86356.1, "amount": 0.02, "side": "sell", "timestamp": 1765842624788}, {"id": "3015086875", "price": 86356.2, "amount": 0.002, "side": "buy", "timestamp": 1765842625167}, {"id": "3015087225", "price": 86329.9, "amount": 0.005, "side": "sell", "timestamp": 1765842674105}, {"id": "3015087226", "price": 86329.8, "amount": 0.004, "side": "sell", "timestamp": 1765842674105}, {"id": "3015087227", "price": 86329.4, "amount": 0.003, "side": "sell", "timestamp": 1765842674106}, {"id": "3015087228", "price": 86329.2, "amount": 0.003, "side": "sell", "timestamp": 1765842674106}, {"id": "3015087229", "price": 86329.1, "amount": 0.021, "side": "sell", "timestamp": 1765842674106}, {"id": "3015087230", "price": 86328.9, "amount": 0.005, "side": "sell", "timestamp": 1765842674107}, {"id": "3015087231", "price": 86328.4, "amount": 0.005, "side": "sell", "timestamp": 1765842674107}, {"id": "3015087232", "price": 86328.1, "amount": 0.003, "side": "sell", "timestamp": 1765842674107}, {"id": "3015087233", "price": 86328.0, "amount": 0.081, "side": "sell", "timestamp": 1765842674107}, {"id": "3015087234", "price": 86327.9, "amount": 0.056, "side": "sell", "timestamp": 1765842674107}, {"id": "3015087235", "price": 86327.7, "amount": 0.005, "side": "sell", "timestamp": 1765842674107}, {"id": "3015087236", "price": 86327.6, "amount": 0.012, "side": "sell", "timestamp": 1765842674107}, {"id": "3015087237", "price": 86327.3, "amount": 0.006, "side": "sell", "timestamp": 1765842674112}, {"id": "3015087238", "price": 86327.1, "amount": 0.005, "side": "sell", "timestamp": 1765842674112}, {"id": "3015087239", "price": 86326.9, "amount": 0.002, "side": "sell", "timestamp": 1765842674112}, {"id": "3015087240", "price": 86326.8, "amount": 0.002, "side": "sell", "timestamp": 1765842674112}, {"id": "3015087241", "price": 86326.6, "amount": 0.013, "side": "sell", "timestamp": 1765842674122}, {"id": "3015087242", "price": 86326.5, "amount": 0.002, "side": "sell", "timestamp": 1765842674122}, {"id": "3015087243", "price": 86326.2, "amount": 0.002, "side": "sell", "timestamp": 1765842674122}, {"id": "3015087244", "price": 86326.1, "amount": 0.003, "side": "sell", "timestamp": 1765842674122}, {"id": "3015087245", "price": 86326.0, "amount": 0.004, "side": "sell", "timestamp": 1765842674122}, {"id": "3015087246", "price": 86325.9, "amount": 0.048, "side": "sell", "timestamp": 1765842674136}, {"id": "3015087247", "price": 86325.8, "amount": 0.002, "side": "sell", "timestamp": 1765842674136}, {"id": "3015087248", "price": 86325.5, "amount": 0.003, "side": "sell", "timestamp": 1765842674141}, {"id": "3015087249", "price": 86324.8, "amount": 0.003, "side": "sell", "timestamp": 1765842674141}, {"id": "3015087250", "price": 86324.4, "amount": 0.002, "side": "sell", "timestamp": 1765842674141}, {"id": "3015087251", "price": 86324.2, "amount": 0.002, "side": "sell", "timestamp": 1765842674141}, {"id": "3015087252", "price": 86324.1, "amount": 0.005, "side": "sell", "timestamp": 1765842674141}, {"id": "3015087253", "price": 86324.0, "amount": 0.002, "side": "sell", "timestamp": 1765842674141}, {"id": "3015087254", "price": 86323.7, "amount": 0.111, "side": "sell", "timestamp": 1765842674145}, {"id": "3015087255", "price": 86323.6, "amount": 0.025, "side": "sell", "timestamp": 1765842674148}, {"id": "3015087256", "price": 86323.6, "amount": 0.006, "side": "sell", "timestamp": 1765842674607}, {"id": "3015087257", "price": 86323.6, "amount": 0.002, "side": "sell", "timestamp": 1765842674878}, {"id": "3015087258", "price": 86323.6, "amount": 0.049, "side": "sell", "timestamp": 1765842675223}, {"id": "3015087259", "price": 86323.6, "amount": 0.023, "side": "sell", "timestamp": 1765842675465}, {"id": "3015087260", "price": 86323.6, "amount": 0.023, "side": "sell", "timestamp": 1765842675693}, {"id": "3015087261", "price": 86323.7, "amount": 0.01, "side": "buy", "timestamp": 1765842675893}, {"id": "3015087262", "price": 86323.7, "amount": 0.438, "side": "buy", "timestamp": 1765842676013}, {"id": "3015087263", "price": 86323.7, "amount": 0.005, "side": "buy", "timestamp": 1765842676929}, {"id": "3015087264", "price": 86323.6, "amount": 0.003, "side": "sell", "timestamp": 1765842677405}, {"id": "3015087265", "price": 86323.7, "amount": 0.002, "side": "buy", "timestamp": 1765842677639}, {"id": "3015087266", "price": 86323.6, "amount": 0.066, "side": "sell", "timestamp": 1765842677996}, {"id": "3015087267", "price": 86323.6, "amount": 0.003, "side": "sell", "timestamp": 1765842678683}, {"id": "3015087268", "price": 86323.6, "amount": 0.003, "side": "sell", "timestamp": 1765842679226}, {"id": "3015087269", "price": 86323.7, "amount": 0.011, "side": "buy", "timestamp": 1765842679421}, {"id": "3015087270", "price": 86323.7, "amount": 0.005, "side": "buy", "timestamp": 1765842679956}, {"id": "3015087271", "price": 86323.7, "amount": 0.152, "side": "buy", "timestamp": 1765842680603}, {"id": "3015087272", "price": 86323.7, "amount": 0.125, "side": "buy", "timestamp": 1765842680761}, {"id": "3015087273", "price": 86323.6, "amount": 0.339, "side": "sell", "timestamp": 1765842680772}, {"id": "3015087274", "price": 86323.6, "amount": 0.002, "side": "sell", "timestamp": 1765842681018}, {"id": "3015088195", "price": 86324.7, "amount": 0.003, "side": "sell", "timestamp": 1765842728656}, {"id": "3015088196", "price": 86324.4, "amount": 0.008, "side": "sell", "timestamp": 1765842728656}, {"id": "3015088197", "price": 86324.3, "amount": 0.003, "side": "sell", "timestamp": 1765842728656}, {"id": "3015088198", "price": 86324.0, "amount": 0.002, "side": "sell", "timestamp": 1765842728656}, {"id": "3015088199", "price": 86323.9, "amount": 0.002, "side": "sell", "timestamp": 1765842728656}, {"id": "3015088200", "price": 86323.8, "amount": 0.002, "side": "sell", "timestamp": 1765842728657}, {"id": "3015088201", "price": 86323.7, "amount": 0.007, "side": "sell", "timestamp": 1765842728657}, {"id": "3015088202", "price": 86323.6, "amount": 0.003, "side": "sell", "timestamp": 1765842728657}, {"id": "3015088203", "price": 86323.3, "amount": 0.002, "side": "sell", "timestamp": 1765842728657}, {"id": "3015088204", "price": 86323.1, "amount": 0.003, "side": "sell", "timestamp": 1765842728657}, {"id": "3015088205", "price": 86323.0, "amount": 0.002, "side": "sell", "timestamp": 1765842728657}, {"id": "3015088206", "price": 86322.9, "amount": 0.003, "side": "sell", "timestamp": 1765842728657}, {"id": "3015088207", "price": 86322.5, "amount": 0.002, "side": "sell", "timestamp": 1765842728671}, {"id": "3015088208", "price": 86322.4, "amount": 0.003, "side": "sell", "timestamp": 1765842728671}, {"id": "3015088209", "price": 86322.2, "amount": 0.003, "side": "sell", "timestamp": 1765842728671}, {"id": "3015088210", "price": 86321.9, "amount": 0.003, "side": "sell", "timestamp": 1765842728671}, {"id": "3015088211", "price": 86321.7, "amount": 0.008, "side": "sell", "timestamp": 1765842728683}, {"id": "3015088212", "price": 86321.5, "amount": 0.003, "side": "sell", "timestamp": 1765842728691}, {"id": "3015088213", "price": 86321.3, "amount": 0.004, "side": "sell", "timestamp": 1765842728691}, {"id": "3015088214", "price": 86321.0, "amount": 0.003, "side": "sell", "timestamp": 1765842728691}, {"id": "3015088215", "price": 86320.9, "amount": 0.003, "side": "sell", "timestamp": 1765842728692}, {"id": "3015088216", "price": 86320.7, "amount": 0.003, "side": "sell", "timestamp": 1765842728692}, {"id": "3015088217", "price": 86320.2, "amount": 0.006, "side": "sell", "timestamp": 1765842728700}, {"id": "3015088218", "price": 86320.1, "amount": 0.002, "side": "sell", "timestamp": 1765842728700}, {"id": "3015088219", "price": 86319.7, "amount": 0.003, "side": "sell", "timestamp": 1765842728700}, {"id": "3015088220", "price": 86319.3, "amount": 0.002, "side": "sell", "timestamp": 1765842728700}, {"id": "3015088221", "price": 86319.2, "amount": 0.013, "side": "sell", "timestamp": 1765842728708}, {"id": "3015088222", "price": 86319.0, "amount": 0.007, "side": "sell", "timestamp": 1765842728713}, {"id": "3015088223", "price": 86318.5, "amount": 0.003, "side": "sell", "timestamp": 1765842728713}, {"id": "3015088224", "price": 86318.2, "amount": 0.015, "side": "sell", "timestamp": 1765842728742}, {"id": "3015088225", "price": 86318.2, "amount": 0.007, "side": "buy", "timestamp": 1765842728932}, {"id": "3015088226", "price": 86318.1, "amount": 0.003, "side": "sell", "timestamp": 1765842729591}, {"id": "3015088227", "price": 86318.1, "amount": 0.002, "side": "sell", "timestamp": 1765842729710}, {"id": "3015088228", "price": 86318.1, "amount": 0.016, "side": "sell", "timestamp": 1765842730308}, {"id": "3015088229", "price": 86318.2, "amount": 0.006, "side": "buy", "timestamp": 1765842730844}, {"id": "3015088230", "price": 86318.2, "amount": 0.002, "side": "buy", "timestamp": 1765842731395}, {"id": "3015088231", "price": 86318.2, "amount": 0.057, "side": "buy", "timestamp": 1765842731523}, {"id": "3015088232", "price": 86318.2, "amount": 0.269, "side": "buy", "timestamp": 1765842731633}, {"id": "3015088233", "price": 86318.2, "amount": 1.0, "side": "buy", "timestamp": 1765842731859}, {"id": "3015088234", "price": 86318.2, "amount": 0.064, "side": "buy", "timestamp": 1765842732477}, {"id": "3015088235", "price": 86318.2, "amount": 0.026, "side": "buy", "timestamp": 1765842733146}, {"id": "3015088236", "price": 86318.1, "amount": 0.002, "side": "sell", "timestamp": 1765842734019}, {"id": "3015088237", "price": 86318.2, "amount": 0.002, "side": "buy", "timestamp": 1765842734279}, {"id": "3015088238", "price": 86318.1, "amount": 0.116, "side": "sell", "timestamp": 1765842734405}, {"id": "3015088239", "price": 86318.1, "amount": 0.582, "side": "sell", "timestamp": 1765842735382}, {"id": "3015088240", "price": 86318.2, "amount": 0.085, "side": "buy", "timestamp": 1765842735469}, {"id": "3015088241", "price": 86318.1, "amount": 0.031, "side": "sell", "timestamp": 1765842735600}, {"id": "3015088242", "price": 86318.2, "amount": 0.25, "side": "buy", "timestamp": 1765842736197}, {"id": "3015088243", "price": 86318.2, "amount": 0.004, "side": "buy", "timestamp": 1765842736895}, {"id": "3015088244", "price": 86318.2, "amount": 0.002, "side": "buy", "timestamp": 1765842737125}, {"id": "3015088551", "price": 86316.2, "amount": 0.003, "side": "buy", "timestamp": 1765842787610}, {"id": "3015088552", "price": 86316.3, "amount": 0.002, "side": "buy", "timestamp": 1765842787610}, {"id": "3015088553", "price": 86316.5, "amount": 0.005, "side": "buy", "timestamp": 1765842787610}, {"id": "3015088554", "price": 86316.6, "amount": 0.002, "side": "buy", "timestamp": 1765842787610}, {"id": "3015088555", "price": 86316.7, "amount": 0.003, "side": "buy", "timestamp": 1765842787613}, {"id": "3015088556", "price": 86316.8, "amount": 0.002, "side": "buy", "timestamp": 1765842787613}, {"id": "3015088557", "price": 86317.2, "amount": 0.003, "side": "buy", "timestamp": 1765842787613}, {"id": "3015088558", "price": 86317.3, "amount": 0.002, "side": "buy", "timestamp": 1765842787613}, {"id": "3015088559", "price": 86317.4, "amount": 0.003, "side": "buy", "timestamp": 1765842787613}, {"id": "3015088560", "price": 86317.5, "amount": 0.002, "side": "buy", "timestamp": 1765842788475}, {"id": "3015088561", "price": 86317.4, "amount": 0.002, "side": "sell", "timestamp": 1765842788616}, {"id": "3015088562", "price": 86317.4, "amount": 0.145, "side": "sell", "timestamp": 1765842788788}, {"id": "3015088563", "price": 86317.5, "amount": 0.077, "side": "buy", "timestamp": 1765842788894}, {"id": "3015088564", "price": 86317.6, "amount": 0.005, "side": "buy", "timestamp": 1765842788894}, {"id": "3015088565", "price": 86317.8, "amount": 0.002, "side": "buy", "timestamp": 1765842788894}, {"id": "3015088566", "price": 86318.2, "amount": 0.006, "side": "buy", "timestamp": 1765842788894}, {"id": "3015088567", "price": 86318.3, "amount": 0.003, "side": "buy", "timestamp": 1765842788894}, {"id": "3015088568", "price": 86318.5, "amount": 0.002, "side": "buy", "timestamp": 1765842788894}, {"id": "3015088569", "price": 86318.8, "amount": 0.003, "side": "buy", "timestamp": 1765842788894}, {"id": "3015088570", "price": 86319.0, "amount": 0.004, "side": "buy", "timestamp": 1765842788894}, {"id": "3015088571", "price": 86319.2, "amount": 0.002, "side": "buy", "timestamp": 1765842788894}, {"id": "3015088572", "price": 86319.4, "amount": 0.005, "side": "buy", "timestamp": 1765842788894}, {"id": "3015088573", "price": 86319.5, "amount": 0.003, "side": "buy", "timestamp": 1765842788894}, {"id": "3015088574", "price": 86319.6, "amount": 0.061, "side": "buy", "timestamp": 1765842788894}, {"id": "3015088575", "price": 86319.9, "amount": 0.005, "side": "buy", "timestamp": 1765842788894}, {"id": "3015088576", "price": 86320.0, "amount": 0.007, "side": "buy", "timestamp": 1765842788894}, {"id": "3015088577", "price": 86320.1, "amount": 0.002, "side": "buy", "timestamp": 1765842788894}, {"id": "3015088578", "price": 86320.2, "amount": 0.003, "side": "buy", "timestamp": 1765842788894}, {"id": "3015088579", "price": 86320.4, "amount": 0.002, "side": "buy", "timestamp": 1765842788894}, {"id": "3015088580", "price": 86320.5, "amount": 0.005, "side": "buy", "timestamp": 1765842788894}, {"id": "3015088581", "price": 86320.6, "amount": 0.039, "side": "buy", "timestamp": 1765842788894}, {"id": "3015088582", "price": 86320.8, "amount": 0.057, "side": "buy", "timestamp": 1765842788894}, {"id": "3015088583", "price": 86321.0, "amount": 0.003, "side": "buy", "timestamp": 1765842788894}, {"id": "3015088584", "price": 86321.2, "amount": 0.006, "side": "buy", "timestamp": 1765842788894}, {"id": "3015088585", "price": 86321.3, "amount": 0.011, "side": "buy", "timestamp": 1765842788894}, {"id": "3015088586", "price": 86321.5, "amount": 0.003, "side": "buy", "timestamp": 1765842788894}, {"id": "3015088587", "price": 86321.6, "amount": 0.002, "side": "buy", "timestamp": 1765842788894}, {"id": "3015088588", "price": 86321.7, "amount": 0.002, "side": "buy", "timestamp": 1765842788894}, {"id": "3015088589", "price": 86322.0, "amount": 0.008, "side": "buy", "timestamp": 1765842788894}, {"id": "3015088590", "price": 86322.1, "amount": 0.1, "side": "buy", "timestamp": 1765842788894}, {"id": "3015088591", "price": 86322.1, "amount": 1.067, "side": "buy", "timestamp": 1765842789103}, {"id": "3015088592", "price": 86322.1, "amount": 0.04, "side": "buy", "timestamp": 1765842789921}, {"id": "3015088593", "price": 86322.0, "amount": 1.407, "side": "sell", "timestamp": 1765842790436}, {"id": "3015088594", "price": 86322.0, "amount": 0.002, "side": "sell", "timestamp": 1765842790696}, {"id": "3015088595", "price": 86322.0, "amount": 0.002, "side": "sell", "timestamp": 1765842791151}, {"id": "3015088596", "price": 86322.1, "amount": 0.022, "side": "buy", "timestamp": 1765842792486}, {"id": "3015088597", "price": 86322.1, "amount": 0.011, "side": "buy", "timestamp": 1765842792752}, {"id": "3015088598", "price": 86322.0, "amount": 0.01, "side": "sell", "timestamp": 1765842792804}, {"id": "3015088599", "price": 86322.0, "amount": 0.229, "side": "sell", "timestamp": 1765842793019}, {"id": "3015088600", "price": 86322.1, "amount": 0.01, "side": "buy", "timestamp": 1765842793157}, {"id": "3015088892", "price": 86352.2, "amount": 0.002, "side": "buy", "timestamp": 1765842830895}, {"id": "3015088893", "price": 86352.3, "amount": 0.003, "side": "buy", "timestamp": 1765842830895}, {"id": "3015088894", "price": 86352.8, "amount": 0.003, "side": "buy", "timestamp": 1765842830899}, {"id": "3015088895", "price": 86353.0, "amount": 0.002, "side": "buy", "timestamp": 1765842830899}, {"id": "3015088896", "price": 86353.1, "amount": 0.002, "side": "buy", "timestamp": 1765842830899}, {"id": "3015088897", "price": 86353.2, "amount": 0.201, "side": "sell", "timestamp": 1765842831203}, {"id": "3015088898", "price": 86353.3, "amount": 0.02, "side": "buy", "timestamp": 1765842831965}, {"id": "3015088899", "price": 86353.2, "amount": 0.002, "side": "sell", "timestamp": 1765842833086}, {"id": "3015088900", "price": 86353.3, "amount": 0.016, "side": "buy", "timestamp": 1765842833167}, {"id": "3015088901", "price": 86353.3, "amount": 0.026, "side": "buy", "timestamp": 1765842834464}, {"id": "3015088902", "price": 86353.3, "amount": 0.007, "side": "buy", "timestamp": 1765842834802}, {"id": "3015088903", "price": 86353.3, "amount": 0.023, "side": "buy", "timestamp": 1765842836623}, {"id": "3015088904", "price": 86353.3, "amount": 0.078, "side": "buy", "timestamp": 1765842836952}, {"id": "3015088905", "price": 86353.2, "amount": 0.032, "side": "sell", "timestamp": 1765842837015}, {"id": "3015088906", "price": 86353.3, "amount": 0.018, "side": "buy", "timestamp": 1765842838085}, {"id": "3015088907", "price": 86353.2, "amount": 0.003, "side": "sell", "timestamp": 1765842838269}, {"id": "3015088908", "price": 86353.2, "amount": 0.015, "side": "sell", "timestamp": 1765842838736}, {"id": "3015088909", "price": 86353.2, "amount": 0.002, "side": "sell", "timestamp": 1765842839124}, {"id": "3015088910", "price": 86353.3, "amount": 0.072, "side": "buy", "timestamp": 1765842839672}, {"id": "3015088911", "price": 86353.3, "amount": 0.182, "side": "buy", "timestamp": 1765842839989}, {"id": "3015088912", "price": 86353.2, "amount": 0.008, "side": "sell", "timestamp": 1765842840803}, {"id": "3015088913", "price": 86353.3, "amount": 0.14, "side": "buy", "timestamp": 1765842841301}, {"id": "3015088914", "price": 86353.3, "amount": 0.284, "side": "buy", "timestamp": 1765842841735}, {"id": "3015088915", "price": 86353.2, "amount": 0.029, "side": "sell", "timestamp": 1765842842102}, {"id": "3015088916", "price": 86353.3, "amount": 0.097, "side": "buy", "timestamp": 1765842842279}, {"id": "3015088917", "price": 86353.3, "amount": 0.02, "side": "buy", "timestamp": 1765842842472}, {"id": "3015088918", "price": 86353.2, "amount": 0.049, "side": "sell", "timestamp": 1765842842611}, {"id": "3015088919", "price": 86353.3, "amount": 0.186, "side": "buy", "timestamp": 1765842842739}, {"id": "3015088920", "price": 86353.2, "amount": 0.005, "side": "sell", "timestamp": 1765842842748}, {"id": "3015088921", "price": 86353.2, "amount": 0.005, "side": "sell", "timestamp": 1765842843448}, {"id": "3015088922", "price": 86353.3, "amount": 0.006, "side": "buy", "timestamp": 1765842843593}, {"id": "3015088923", "price": 86353.2, "amount": 0.004, "side": "sell", "timestamp": 1765842843883}, {"id": "3015088924", "price": 86353.3, "amount": 0.02, "side": "buy", "timestamp": 1765842844505}, {"id": "3015088925", "price": 86353.3, "amount": 0.651, "side": "buy", "timestamp": 1765842844646}, {"id": "3015088926", "price": 86353.2, "amount": 1.005, "side": "sell", "timestamp": 1765842844979}, {"id": "3015088927", "price": 86353.2, "amount": 0.002, "side": "sell", "timestamp": 1765842845153}, {"id": "3015088928", "price": 86353.3, "amount": 0.002, "side": "buy", "timestamp": 1765842845202}, {"id": "3015088929", "price": 86353.3, "amount": 0.002, "side": "buy", "timestamp": 1765842845439}, {"id": "3015088930", "price": 86353.3, "amount": 0.008, "side": "buy", "timestamp": 1765842845892}, {"id": "3015088931", "price": 86353.2, "amount": 0.129, "side": "sell", "timestamp": 1765842846925}, {"id": "3015088932", "price": 86353.3, "amount": 0.021, "side": "buy", "timestamp": 1765842847057}, {"id": "3015088933", "price": 86353.2, "amount": 0.003, "side": "sell", "timestamp": 1765842847633}, {"id": "3015088934", "price": 86353.2, "amount": 0.003, "side": "sell", "timestamp": 1765842847754}, {"id": "3015088935", "price": 86353.3, "amount": 0.111, "side": "buy", "timestamp": 1765842847950}, {"id": "3015088936", "price": 86353.2, "amount": 0.058, "side": "sell", "timestamp": 1765842848379}, {"id": "3015088937", "price": 86353.3, "amount": 1.097, "side": "buy", "timestamp": 1765842848658}, {"id": "3015088938", "price": 86353.2, "amount": 0.019, "side": "sell", "timestamp": 1765842848713}, {"id": "3015088939", "price": 86353.3, "amount": 0.05, "side": "buy", "timestamp": 1765842848731}, {"id": "3015088940", "price": 86353.2, "amount": 0.013, "side": "sell", "timestamp": 1765842848732}, {"id": "3015088941", "price": 86353.3, "amount": 0.001, "side": "buy", "timestamp": 1765842848801}, {"id": "3015089306", "price": 86357.1, "amount": 0.004, "side": "buy", "timestamp": 1765842899114}, {"id": "3015089307", "price": 86357.8, "amount": 0.007, "side": "buy", "timestamp": 1765842899119}, {"id": "3015089308", "price": 86358.3, "amount": 0.006, "side": "buy", "timestamp": 1765842899122}, {"id": "3015089309", "price": 86358.8, "amount": 0.007, "side": "buy", "timestamp": 1765842899122}, {"id": "3015089310", "price": 86359.3, "amount": 0.051, "side": "buy", "timestamp": 1765842899126}, {"id": "3015089311", "price": 86359.2, "amount": 0.002, "side": "sell", "timestamp": 1765842899572}, {"id": "3015089312", "price": 86359.2, "amount": 0.2, "side": "sell", "timestamp": 1765842900121}, {"id": "3015089313", "price": 86359.2, "amount": 0.202, "side": "sell", "timestamp": 1765842901277}, {"id": "3015089314", "price": 86359.3, "amount": 0.011, "side": "buy", "timestamp": 1765842902074}, {"id": "3015089315", "price": 86359.3, "amount": 2.713, "side": "buy", "timestamp": 1765842902645}, {"id": "3015089316", "price": 86359.4, "amount": 0.091, "side": "buy", "timestamp": 1765842902656}, {"id": "3015089317", "price": 86359.5, "amount": 0.002, "side": "buy", "timestamp": 1765842902656}, {"id": "3015089318", "price": 86359.8, "amount": 0.003, "side": "buy", "timestamp": 1765842902656}, {"id": "3015089319", "price": 86360.0, "amount": 0.002, "side": "buy", "timestamp": 1765842902656}, {"id": "3015089320", "price": 86360.2, "amount": 0.489, "side": "buy", "timestamp": 1765842902656}, {"id": "3015089321", "price": 86360.3, "amount": 0.002, "side": "buy", "timestamp": 1765842902664}, {"id": "3015089322", "price": 86360.7, "amount": 0.004, "side": "buy", "timestamp": 1765842902683}, {"id": "3015089323", "price": 86360.8, "amount": 0.002, "side": "buy", "timestamp": 1765842902683}, {"id": "3015089324", "price": 86360.9, "amount": 0.003, "side": "buy", "timestamp": 1765842902683}, {"id": "3015089325", "price": 86361.2, "amount": 0.002, "side": "buy", "timestamp": 1765842902683}, {"id": "3015089326", "price": 86361.3, "amount": 0.464, "side": "buy", "timestamp": 1765842902704}, {"id": "3015089327", "price": 86361.2, "amount": 0.004, "side": "sell", "timestamp": 1765842902732}, {"id": "3015089328", "price": 86361.3, "amount": 0.082, "side": "buy", "timestamp": 1765842902782}, {"id": "3015089329", "price": 86361.4, "amount": 0.005, "side": "buy", "timestamp": 1765842902782}, {"id": "3015089330", "price": 86361.7, "amount": 0.005, "side": "buy", "timestamp": 1765842902782}, {"id": "3015089331", "price": 86361.8, "amount": 0.005, "side": "buy", "timestamp": 1765842902782}, {"id": "3015089332", "price": 86361.9, "amount": 0.022, "side": "buy", "timestamp": 1765842902782}, {"id": "3015089333", "price": 86362.2, "amount": 0.002, "side": "buy", "timestamp": 1765842902782}, {"id": "3015089334", "price": 86362.3, "amount": 0.003, "side": "buy", "timestamp": 1765842902782}, {"id": "3015089335", "price": 86362.4, "amount": 0.002, "side": "buy", "timestamp": 1765842902782}, {"id": "3015089336", "price": 86362.5, "amount": 0.005, "side": "buy", "timestamp": 1765842902782}, {"id": "3015089337", "price": 86362.6, "amount": 0.025, "side": "buy", "timestamp": 1765842902782}, {"id": "3015089338", "price": 86362.8, "amount": 0.003, "side": "buy", "timestamp": 1765842902783}, {"id": "3015089339", "price": 86362.9, "amount": 0.036, "side": "buy", "timestamp": 1765842902783}, {"id": "3015089340", "price": 86363.3, "amount": 0.003, "side": "buy", "timestamp": 1765842902783}, {"id": "3015089341", "price": 86363.4, "amount": 0.011, "side": "buy", "timestamp": 1765842902783}, {"id": "3015089342", "price": 86363.5, "amount": 0.004, "side": "buy", "timestamp": 1765842902783}, {"id": "3015089343", "price": 86363.6, "amount": 0.002, "side": "buy", "timestamp": 1765842902783}, {"id": "3015089344", "price": 86363.8, "amount": 0.005, "side": "buy", "timestamp": 1765842902783}, {"id": "3015089345", "price": 86364.0, "amount": 0.064, "side": "buy", "timestamp": 1765842902783}, {"id": "3015089346", "price": 86364.2, "amount": 0.002, "side": "buy", "timestamp": 1765842902783}, {"id": "3015089347", "price": 86364.3, "amount": 0.003, "side": "buy", "timestamp": 1765842902783}, {"id": "3015089348", "price": 86364.5, "amount": 0.034, "side": "buy", "timestamp": 1765842902783}, {"id": "3015089349", "price": 86364.6, "amount": 0.002, "side": "buy", "timestamp": 1765842902783}, {"id": "3015089350", "price": 86364.7, "amount": 0.004, "side": "buy", "timestamp": 1765842902783}, {"id": "3015089351", "price": 86364.8, "amount": 0.006, "side": "buy", "timestamp": 1765842903067}, {"id": "3015089352", "price": 86364.8, "amount": 0.005, "side": "buy", "timestamp": 1765842903215}, {"id": "3015089353", "price": 86364.8, "amount": 0.202, "side": "buy", "timestamp": 1765842903721}, {"id": "3015089354", "price": 86364.8, "amount": 0.013, "side": "buy", "timestamp": 1765842904279}, {"id": "3015089355", "price": 86364.7, "amount": 0.003, "side": "sell", "timestamp": 1765842904289}, {"id": "3015089704", "price": 86395.5, "amount": 0.006, "side": "sell", "timestamp": 1765842953471}, {"id": "3015089705", "price": 86395.3, "amount": 0.055, "side": "sell", "timestamp": 1765842953478}, {"id": "3015089706", "price": 86395.1, "amount": 0.003, "side": "sell", "timestamp": 1765842953480}, {"id": "3015089707", "price": 86395.0, "amount": 0.002, "side": "sell", "timestamp": 1765842953480}, {"id": "3015089708", "price": 86394.9, "amount": 0.004, "side": "sell", "timestamp": 1765842953480}, {"id": "3015089709", "price": 86394.8, "amount": 0.031, "side": "sell", "timestamp": 1765842953481}, {"id": "3015089710", "price": 86394.6, "amount": 0.022, "side": "sell", "timestamp": 1765842953485}, {"id": "3015089711", "price": 86394.2, "amount": 0.006, "side": "sell", "timestamp": 1765842953488}, {"id": "3015089712", "price": 86394.0, "amount": 0.003, "side": "sell", "timestamp": 1765842953488}, {"id": "3015089713", "price": 86393.9, "amount": 0.003, "side": "sell", "timestamp": 1765842953488}, {"id": "3015089714", "price": 86393.6, "amount": 0.002, "side": "sell", "timestamp": 1765842953488}, {"id": "3015089715", "price": 86393.3, "amount": 0.006, "side": "sell", "timestamp": 1765842953493}, {"id": "3015089716", "price": 86393.1, "amount": 0.003, "side": "sell", "timestamp": 1765842953496}, {"id": "3015089717", "price": 86392.7, "amount": 0.002, "side": "sell", "timestamp": 1765842953496}, {"id": "3015089718", "price": 86392.6, "amount": 0.005, "side": "sell", "timestamp": 1765842953496}, {"id": "3015089719", "price": 86392.1, "amount": 0.003, "side": "sell", "timestamp": 1765842953496}, {"id": "3015089720", "price": 86391.9, "amount": 0.017, "side": "sell", "timestamp": 1765842953531}, {"id": "3015089721", "price": 86391.8, "amount": 0.002, "side": "sell", "timestamp": 1765842953534}, {"id": "3015089722", "price": 86391.4, "amount": 0.003, "side": "sell", "timestamp": 1765842953534}, {"id": "3015089723", "price": 86391.3, "amount": 0.002, "side": "sell", "timestamp": 1765842953534}, {"id": "3015089724", "price": 86391.0, "amount": 0.006, "side": "sell", "timestamp": 1765842953620}, {"id": "3015089725", "price": 86391.0, "amount": 0.093, "side": "sell", "timestamp": 1765842954228}, {"id": "3015089726", "price": 86391.1, "amount": 0.138, "side": "buy", "timestamp": 1765842954764}, {"id": "3015089727", "price": 86391.0, "amount": 1.264, "side": "sell", "timestamp": 1765842955368}, {"id": "3015089728", "price": 86390.9, "amount": 0.005, "side": "sell", "timestamp": 1765842955368}, {"id": "3015089729", "price": 86390.8, "amount": 0.006, "side": "sell", "timestamp": 1765842955368}, {"id": "3015089730", "price": 86390.5, "amount": 0.002, "side": "sell", "timestamp": 1765842955368}, {"id": "3015089731", "price": 86390.2, "amount": 0.006, "side": "sell", "timestamp": 1765842955368}, {"id": "3015089732", "price": 86390.1, "amount": 0.002, "side": "sell", "timestamp": 1765842955368}, {"id": "3015089733", "price": 86389.8, "amount": 0.024, "side": "sell", "timestamp": 1765842955368}, {"id": "3015089734", "price": 86389.7, "amount": 0.005, "side": "sell", "timestamp": 1765842955368}, {"id": "3015089735", "price": 86389.3, "amount": 0.002, "side": "sell", "timestamp": 1765842955368}, {"id": "3015089736", "price": 86389.2, "amount": 0.004, "side": "sell", "timestamp": 1765842955368}, {"id": "3015089737", "price": 86389.0, "amount": 3.133, "side": "sell", "timestamp": 1765842955368}, {"id": "3015089738", "price": 86389.1, "amount": 0.057, "side": "buy", "timestamp": 1765842955370}, {"id": "3015089739", "price": 86389.0, "amount": 1.669, "side": "sell", "timestamp": 1765842955372}, {"id": "3015089740", "price": 86389.1, "amount": 0.002, "side": "buy", "timestamp": 1765842955706}, {"id": "3015089741", "price": 86389.1, "amount": 0.005, "side": "buy", "timestamp": 1765842955892}, {"id": "3015089742", "price": 86389.1, "amount": 0.002, "side": "buy", "timestamp": 1765842956175}, {"id": "3015089743", "price": 86389.1, "amount": 0.011, "side": "buy", "timestamp": 1765842956376}, {"id": "3015089744", "price": 86389.0, "amount": 1.966, "side": "sell", "timestamp": 1765842956742}, {"id": "3015089745", "price": 86389.1, "amount": 0.064, "side": "buy", "timestamp": 1765842957027}, {"id": "3015089746", "price": 86389.0, "amount": 0.003, "side": "sell", "timestamp": 1765842957266}, {"id": "3015089747", "price": 86389.1, "amount": 0.011, "side": "buy", "timestamp": 1765842957805}, {"id": "3015089748", "price": 86389.1, "amount": 0.002, "side": "buy", "timestamp": 1765842957952}, {"id": "3015089749", "price": 86389.1, "amount": 0.25, "side": "buy", "timestamp": 1765842958295}, {"id": "3015089750", "price": 86389.0, "amount": 0.003, "side": "sell", "timestamp": 1765842958489}, {"id": "3015089751", "price": 86389.1, "amount": 0.038, "side": "buy", "timestamp": 1765842958707}, {"id": "3015089752", "price": 86389.0, "amount": 0.002, "side": "sell", "timestamp": 1765842959032}, {"id": "3015089753", "price": 86389.1, "amount": 0.021, "side": "buy", "timestamp": 1765842959173}, {"id": "3015090038", "price": 86401.9, "amount": 0.002, "side": "buy", "timestamp": 1765843002804}, {"id": "3015090039", "price": 86402.1, "amount": 0.005, "side": "buy", "timestamp": 1765843002804}, {"id": "3015090040", "price": 86402.2, "amount": 0.002, "side": "buy", "timestamp": 1765843002804}, {"id": "3015090041", "price": 86402.3, "amount": 0.181, "side": "buy", "timestamp": 1765843002809}, {"id": "3015090042", "price": 86402.4, "amount": 0.002, "side": "buy", "timestamp": 1765843002813}, {"id": "3015090043", "price": 86402.5, "amount": 0.072, "side": "sell", "timestamp": 1765843002932}, {"id": "3015090044", "price": 86402.6, "amount": 0.014, "side": "buy", "timestamp": 1765843002950}, {"id": "3015090045", "price": 86402.5, "amount": 0.026, "side": "sell", "timestamp": 1765843002960}, {"id": "3015090046", "price": 86402.5, "amount": 0.1, "side": "sell", "timestamp": 1765843003120}, {"id": "3015090047", "price": 86402.5, "amount": 0.592, "side": "sell", "timestamp": 1765843004103}, {"id": "3015090048", "price": 86402.4, "amount": 0.002, "side": "sell", "timestamp": 1765843004104}, {"id": "3015090049", "price": 86402.2, "amount": 0.003, "side": "sell", "timestamp": 1765843004104}, {"id": "3015090050", "price": 86402.0, "amount": 0.004, "side": "sell", "timestamp": 1765843004104}, {"id": "3015090051", "price": 86401.7, "amount": 0.047, "side": "sell", "timestamp": 1765843004104}, {"id": "3015090052", "price": 86401.0, "amount": 0.003, "side": "sell", "timestamp": 1765843004104}, {"id": "3015090053", "price": 86400.5, "amount": 0.003, "side": "sell", "timestamp": 1765843004104}, {"id": "3015090054", "price": 86400.4, "amount": 0.002, "side": "sell", "timestamp": 1765843004104}, {"id": "3015090055", "price": 86400.2, "amount": 0.003, "side": "sell", "timestamp": 1765843004107}, {"id": "3015090056", "price": 86400.1, "amount": 0.001, "side": "sell", "timestamp": 1765843004107}, {"id": "3015090057", "price": 86400.1, "amount": 0.002, "side": "buy", "timestamp": 1765843004109}, {"id": "3015090058", "price": 86400.0, "amount": 0.006, "side": "sell", "timestamp": 1765843004114}, {"id": "3015090059", "price": 86399.9, "amount": 0.043, "side": "sell", "timestamp": 1765843004119}, {"id": "3015090060", "price": 86399.8, "amount": 0.001, "side": "sell", "timestamp": 1765843004349}, {"id": "3015090061", "price": 86399.9, "amount": 0.153, "side": "buy", "timestamp": 1765843004465}, {"id": "3015090062", "price": 86399.9, "amount": 0.007, "side": "buy", "timestamp": 1765843004991}, {"id": "3015090063", "price": 86399.9, "amount": 0.01, "side": "buy", "timestamp": 1765843005562}, {"id": "3015090064", "price": 86399.9, "amount": 0.005, "side": "buy", "timestamp": 1765843005788}, {"id": "3015090065", "price": 86399.8, "amount": 0.002, "side": "sell", "timestamp": 1765843005921}, {"id": "3015090066", "price": 86399.9, "amount": 0.058, "side": "buy", "timestamp": 1765843006162}, {"id": "3015090067", "price": 86399.8, "amount": 0.011, "side": "sell", "timestamp": 1765843006567}, {"id": "3015090068", "price": 86399.9, "amount": 0.022, "side": "buy", "timestamp": 1765843006674}, {"id": "3015090069", "price": 86399.9, "amount": 0.005, "side": "buy", "timestamp": 1765843006786}, {"id": "3015090070", "price": 86399.9, "amount": 0.002, "side": "buy", "timestamp": 1765843006923}, {"id": "3015090071", "price": 86399.8, "amount": 0.002, "side": "sell", "timestamp": 1765843007138}, {"id": "3015090072", "price": 86399.9, "amount": 0.01, "side": "buy", "timestamp": 1765843007373}, {"id": "3015090073", "price": 86399.9, "amount": 0.212, "side": "buy", "timestamp": 1765843007589}, {"id": "3015090074", "price": 86399.9, "amount": 0.134, "side": "buy", "timestamp": 1765843008001}, {"id": "3015090075", "price": 86399.9, "amount": 0.254, "side": "buy", "timestamp": 1765843008406}, {"id": "3015090076", "price": 86399.9, "amount": 0.201, "side": "buy", "timestamp": 1765843009428}, {"id": "3015090077", "price": 86399.8, "amount": 0.002, "side": "sell", "timestamp": 1765843009789}, {"id": "3015090078", "price": 86399.8, "amount": 0.012, "side": "sell", "timestamp": 1765843010217}, {"id": "3015090079", "price": 86399.9, "amount": 1.187, "side": "buy", "timestamp": 1765843010334}, {"id": "3015090080", "price": 86399.9, "amount": 0.021, "side": "buy", "timestamp": 1765843010703}, {"id": "3015090081", "price": 86399.9, "amount": 0.043, "side": "buy", "timestamp": 1765843010839}, {"id": "3015090082", "price": 86399.9, "amount": 0.144, "side": "buy", "timestamp": 1765843011273}, {"id": "3015090083", "price": 86399.8, "amount": 0.2, "side": "sell", "timestamp": 1765843012601}, {"id": "3015090084", "price": 86399.9, "amount": 1.231, "side": "buy", "timestamp": 1765843012797}, {"id": "3015090085", "price": 86399.8, "amount": 0.002, "side": "sell", "timestamp": 1765843013165}, {"id": "3015090086", "price": 86399.9, "amount": 0.601, "side": "buy", "timestamp": 1765843013705}, {"id": "3015090087", "price": 86399.8, "amount": 0.001, "side": "sell", "timestamp": 1765843013896}, {"id": "3015090299", "price": 86392.1, "amount": 0.01, "side": "sell", "timestamp": 1765843065601}, {"id": "3015090300", "price": 86392.0, "amount": 0.053, "side": "sell", "timestamp": 1765843065628}, {"id": "3015090301", "price": 86391.9, "amount": 0.002, "side": "sell", "timestamp": 1765843065628}, {"id": "3015090302", "price": 86391.8, "amount": 0.022, "side": "sell", "timestamp": 1765843065630}, {"id": "3015090303", "price": 86391.9, "amount": 0.016, "side": "buy", "timestamp": 1765843066147}, {"id": "3015090304", "price": 86391.8, "amount": 0.001, "side": "sell", "timestamp": 1765843066179}, {"id": "3015090305", "price": 86391.9, "amount": 0.002, "side": "buy", "timestamp": 1765843066883}, {"id": "3015090306", "price": 86391.8, "amount": 0.002, "side": "sell", "timestamp": 1765843067173}, {"id": "3015090307", "price": 86391.8, "amount": 0.179, "side": "sell", "timestamp": 1765843067367}, {"id": "3015090308", "price": 86391.7, "amount": 0.022, "side": "sell", "timestamp": 1765843067368}, {"id": "3015090309", "price": 86391.3, "amount": 0.002, "side": "sell", "timestamp": 1765843067368}, {"id": "3015090310", "price": 86391.0, "amount": 0.204, "side": "sell", "timestamp": 1765843067368}, {"id": "3015090311", "price": 86390.9, "amount": 0.003, "side": "sell", "timestamp": 1765843067368}, {"id": "3015090312", "price": 86390.8, "amount": 0.011, "side": "sell", "timestamp": 1765843067368}, {"id": "3015090313", "price": 86390.4, "amount": 0.003, "side": "sell", "timestamp": 1765843067368}, {"id": "3015090314", "price": 86390.0, "amount": 0.062, "side": "sell", "timestamp": 1765843067376}, {"id": "3015090315", "price": 86389.9, "amount": 0.016, "side": "sell", "timestamp": 1765843067379}, {"id": "3015090316", "price": 86389.8, "amount": 0.003, "side": "sell", "timestamp": 1765843067379}, {"id": "3015090317", "price": 86389.7, "amount": 0.003, "side": "sell", "timestamp": 1765843067382}, {"id": "3015090318", "price": 86389.3, "amount": 0.002, "side": "sell", "timestamp": 1765843067382}, {"id": "3015090319", "price": 86389.2, "amount": 0.007, "side": "sell", "timestamp": 1765843067384}, {"id": "3015090320", "price": 86389.1, "amount": 0.002, "side": "sell", "timestamp": 1765843067384}, {"id": "3015090321", "price": 86388.9, "amount": 0.003, "side": "sell", "timestamp": 1765843067384}, {"id": "3015090322", "price": 86388.7, "amount": 0.003, "side": "sell", "timestamp": 1765843067389}, {"id": "3015090323", "price": 86388.2, "amount": 0.009, "side": "sell", "timestamp": 1765843067393}, {"id": "3015090324", "price": 86388.0, "amount": 0.003, "side": "sell", "timestamp": 1765843067393}, {"id": "3015090325", "price": 86387.9, "amount": 0.002, "side": "sell", "timestamp": 1765843067393}, {"id": "3015090326", "price": 86387.7, "amount": 0.006, "side": "sell", "timestamp": 1765843067393}, {"id": "3015090327", "price": 86387.5, "amount": 0.002, "side": "sell", "timestamp": 1765843067393}, {"id": "3015090328", "price": 86387.4, "amount": 0.006, "side": "sell", "timestamp": 1765843067396}, {"id": "3015090329", "price": 86387.3, "amount": 0.011, "side": "sell", "timestamp": 1765843067398}, {"id": "3015090330", "price": 86387.2, "amount": 0.003, "side": "sell", "timestamp": 1765843067398}, {"id": "3015090331", "price": 86387.0, "amount": 0.049, "side": "sell", "timestamp": 1765843067401}, {"id": "3015090332", "price": 86386.9, "amount": 0.002, "side": "sell", "timestamp": 1765843067416}, {"id": "3015090333", "price": 86386.8, "amount": 0.048, "side": "sell", "timestamp": 1765843067421}, {"id": "3015090334", "price": 86386.7, "amount": 0.004, "side": "sell", "timestamp": 1765843067423}, {"id": "3015090335", "price": 86386.5, "amount": 0.005, "side": "sell", "timestamp": 1765843067423}, {"id": "3015090336", "price": 86386.4, "amount": 0.002, "side": "sell", "timestamp": 1765843067424}, {"id": "3015090337", "price": 86386.3, "amount": 0.003, "side": "sell", "timestamp": 1765843067424}, {"id": "3015090338", "price": 86386.2, "amount": 0.024, "side": "sell", "timestamp": 1765843067427}, {"id": "3015090339", "price": 86386.0, "amount": 0.028, "side": "sell", "timestamp": 1765843067430}, {"id": "3015090340", "price": 86386.1, "amount": 0.084, "side": "buy", "timestamp": 1765843067809}, {"id": "3015090341", "price": 86386.0, "amount": 0.002, "side": "sell", "timestamp": 1765843068208}, {"id": "3015090342", "price": 86386.1, "amount": 0.011, "side": "buy", "timestamp": 1765843068326}, {"id": "3015090343", "price": 86386.1, "amount": 0.002, "side": "buy", "timestamp": 1765843069041}, {"id": "3015090344", "price": 86386.1, "amount": 0.002, "side": "buy", "timestamp": 1765843069226}, {"id": "3015090345", "price": 86386.1, "amount": 0.007, "side": "buy", "timestamp": 1765843069492}, {"id": "3015090346", "price": 86386.0, "amount": 0.005, "side": "sell", "timestamp": 1765843069773}, {"id": "3015090347", "price": 86386.1, "amount": 0.002, "side": "buy", "timestamp": 1765843069902}, {"id": "3015090348", "price": 86386.1, "amount": 0.007, "side": "buy", "timestamp": 1765843070170}, {"id": "3015090616", "price": 86387.0, "amount": 0.002, "side": "buy", "timestamp": 1765843105836}, {"id": "3015090617", "price": 86387.0, "amount": 0.017, "side": "buy", "timestamp": 1765843106118}, {"id": "3015090618", "price": 86386.9, "amount": 0.005, "side": "sell", "timestamp": 1765843106309}, {"id": "3015090619", "price": 86386.9, "amount": 0.016, "side": "sell", "timestamp": 1765843106704}, {"id": "3015090620", "price": 86387.0, "amount": 0.057, "side": "buy", "timestamp": 1765843106704}, {"id": "3015090621", "price": 86386.9, "amount": 4.633, "side": "sell", "timestamp": 1765843106708}, {"id": "3015090622", "price": 86387.0, "amount": 0.002, "side": "buy", "timestamp": 1765843106752}, {"id": "3015090623", "price": 86386.9, "amount": 0.011, "side": "sell", "timestamp": 1765843106849}, {"id": "3015090624", "price": 86387.0, "amount": 0.003, "side": "buy", "timestamp": 1765843107577}, {"id": "3015090625", "price": 86386.9, "amount": 0.186, "side": "sell", "timestamp": 1765843107653}, {"id": "3015090626", "price": 86387.0, "amount": 0.029, "side": "buy", "timestamp": 1765843107732}, {"id": "3015090627", "price": 86387.0, "amount": 0.008, "side": "buy", "timestamp": 1765843108581}, {"id": "3015090628", "price": 86386.9, "amount": 0.083, "side": "sell", "timestamp": 1765843109113}, {"id": "3015090629", "price": 86387.0, "amount": 0.002, "side": "buy", "timestamp": 1765843110680}, {"id": "3015090630", "price": 86386.9, "amount": 0.025, "side": "sell", "timestamp": 1765843111190}, {"id": "3015090631", "price": 86386.9, "amount": 6.709, "side": "sell", "timestamp": 1765843112079}, {"id": "3015090632", "price": 86386.9, "amount": 0.011, "side": "sell", "timestamp": 1765843112380}, {"id": "3015090633", "price": 86386.9, "amount": 0.026, "side": "sell", "timestamp": 1765843112997}, {"id": "3015090634", "price": 86387.0, "amount": 0.109, "side": "buy", "timestamp": 1765843113477}, {"id": "3015090635", "price": 86387.0, "amount": 0.068, "side": "buy", "timestamp": 1765843114550}, {"id": "3015090636", "price": 86386.9, "amount": 0.002, "side": "sell", "timestamp": 1765843115202}, {"id": "3015090637", "price": 86387.0, "amount": 0.012, "side": "buy", "timestamp": 1765843115807}, {"id": "3015090638", "price": 86387.0, "amount": 0.136, "side": "buy", "timestamp": 1765843116195}, {"id": "3015090639", "price": 86386.9, "amount": 0.021, "side": "sell", "timestamp": 1765843116291}, {"id": "3015090640", "price": 86387.0, "amount": 0.5, "side": "buy", "timestamp": 1765843117367}, {"id": "3015090641", "price": 86386.9, "amount": 0.102, "side": "sell", "timestamp": 1765843118013}, {"id": "3015090642", "price": 86386.9, "amount": 0.027, "side": "sell", "timestamp": 1765843118460}, {"id": "3015090643", "price": 86387.0, "amount": 0.015, "side": "buy", "timestamp": 1765843118528}, {"id": "3015090644", "price": 86387.0, "amount": 0.018, "side": "buy", "timestamp": 1765843118688}, {"id": "3015090645", "price": 86387.0, "amount": 0.02, "side": "buy", "timestamp": 1765843118819}, {"id": "3015090646", "price": 86386.9, "amount": 0.003, "side": "sell", "timestamp": 1765843119379}, {"id": "3015090647", "price": 86386.9, "amount": 0.373, "side": "sell", "timestamp": 1765843119586}, {"id": "3015090648", "price": 86387.0, "amount": 0.002, "side": "buy", "timestamp": 1765843119687}, {"id": "3015090649", "price": 86387.0, "amount": 0.011, "side": "buy", "timestamp": 1765843120892}, {"id": "3015090650", "price": 86386.9, "amount": 0.012, "side": "sell", "timestamp": 1765843121079}, {"id": "3015090651", "price": 86386.9, "amount": 0.263, "side": "sell", "timestamp": 1765843121353}, {"id": "3015090652", "price": 86387.0, "amount": 0.52, "side": "buy", "timestamp": 1765843121957}, {"id": "3015090653", "price": 86386.9, "amount": 0.003, "side": "sell", "timestamp": 1765843122121}, {"id": "3015090654", "price": 86387.0, "amount": 0.009, "side": "buy", "timestamp": 1765843122338}, {"id": "3015090655", "price": 86386.9, "amount": 0.338, "side": "sell", "timestamp": 1765843122500}, {"id": "3015090656", "price": 86387.0, "amount": 0.002, "side": "buy", "timestamp": 1765843122545}, {"id": "3015090657", "price": 86386.9, "amount": 0.01, "side": "sell", "timestamp": 1765843123832}, {"id": "3015090658", "price": 86387.0, "amount": 0.035, "side": "buy", "timestamp": 1765843124089}, {"id": "3015090659", "price": 86387.0, "amount": 0.004, "side": "buy", "timestamp": 1765843124894}, {"id": "3015090660", "price": 86387.0, "amount": 0.01, "side": "buy", "timestamp": 1765843125321}, {"id": "3015090661", "price": 86387.0, "amount": 0.032, "side": "buy", "timestamp": 1765843125632}, {"id": "3015090662", "price": 86387.0, "amount": 0.018, "side": "buy", "timestamp": 1765843125893}, {"id": "3015090663", "price": 86386.9, "amount": 0.002, "side": "sell", "timestamp": 1765843126567}, {"id": "3015090664", "price": 86386.9, "amount": 0.002, "side": "sell", "timestamp": 1765843127142}, {"id": "3015090665", "price": 86387.0, "amount": 0.4, "side": "buy", "timestamp": 1765843127633}, {"id": "3015090944", "price": 86386.3, "amount": 0.007, "side": "buy", "timestamp": 1765843172531}, {"id": "3015090945", "price": 86386.5, "amount": 0.002, "side": "buy", "timestamp": 1765843172531}, {"id": "3015090946", "price": 86386.6, "amount": 0.002, "side": "buy", "timestamp": 1765843172531}, {"id": "3015090947", "price": 86386.8, "amount": 0.003, "side": "buy", "timestamp": 1765843172531}, {"id": "3015090948", "price": 86387.0, "amount": 0.054, "side": "buy", "timestamp": 1765843172531}, {"id": "3015090949", "price": 86387.1, "amount": 0.004, "side": "buy", "timestamp": 1765843172531}, {"id": "3015090950", "price": 86387.3, "amount": 0.003, "side": "buy", "timestamp": 1765843172531}, {"id": "3015090951", "price": 86387.4, "amount": 0.002, "side": "buy", "timestamp": 1765843172531}, {"id": "3015090952", "price": 86387.8, "amount": 0.005, "side": "buy", "timestamp": 1765843172531}, {"id": "3015090953", "price": 86388.0, "amount": 0.003, "side": "buy", "timestamp": 1765843172531}, {"id": "3015090954", "price": 86388.1, "amount": 0.002, "side": "buy", "timestamp": 1765843172531}, {"id": "3015090955", "price": 86388.3, "amount": 0.02, "side": "buy", "timestamp": 1765843172531}, {"id": "3015090956", "price": 86388.5, "amount": 0.003, "side": "buy", "timestamp": 1765843172531}, {"id": "3015090957", "price": 86388.7, "amount": 0.002, "side": "buy", "timestamp": 1765843172531}, {"id": "3015090958", "price": 86388.8, "amount": 0.051, "side": "buy", "timestamp": 1765843172531}, {"id": "3015090959", "price": 86389.0, "amount": 0.003, "side": "buy", "timestamp": 1765843172531}, {"id": "3015090960", "price": 86389.2, "amount": 0.004, "side": "buy", "timestamp": 1765843172531}, {"id": "3015090961", "price": 86389.3, "amount": 0.003, "side": "buy", "timestamp": 1765843172531}, {"id": "3015090962", "price": 86389.7, "amount": 0.005, "side": "buy", "timestamp": 1765843172531}, {"id": "3015090963", "price": 86389.8, "amount": 0.003, "side": "buy", "timestamp": 1765843172531}, {"id": "3015090964", "price": 86389.9, "amount": 0.003, "side": "buy", "timestamp": 1765843172531}, {"id": "3015090965", "price": 86389.9, "amount": 0.011, "side": "sell", "timestamp": 1765843172926}, {"id": "3015090966", "price": 86389.9, "amount": 0.532, "side": "sell", "timestamp": 1765843173045}, {"id": "3015090967", "price": 86389.9, "amount": 0.004, "side": "sell", "timestamp": 1765843173929}, {"id": "3015090968", "price": 86389.9, "amount": 0.785, "side": "sell", "timestamp": 1765843174033}, {"id": "3015090969", "price": 86390.0, "amount": 0.01, "side": "buy", "timestamp": 1765843174039}, {"id": "3015090970", "price": 86390.0, "amount": 0.004, "side": "buy", "timestamp": 1765843174727}, {"id": "3015090971", "price": 86390.0, "amount": 0.007, "side": "buy", "timestamp": 1765843175010}, {"id": "3015090972", "price": 86389.9, "amount": 0.002, "side": "sell", "timestamp": 1765843175084}, {"id": "3015090973", "price": 86390.0, "amount": 0.008, "side": "buy", "timestamp": 1765843175726}, {"id": "3015090974", "price": 86390.0, "amount": 0.004, "side": "buy", "timestamp": 1765843176140}, {"id": "3015090975", "price": 86390.0, "amount": 0.057, "side": "buy", "timestamp": 1765843176294}, {"id": "3015090976", "price": 86390.0, "amount": 0.002, "side": "buy", "timestamp": 1765843176559}, {"id": "3015090977", "price": 86390.0, "amount": 0.323, "side": "buy", "timestamp": 1765843176796}, {"id": "3015090978", "price": 86390.0, "amount": 0.006, "side": "buy", "timestamp": 1765843177061}, {"id": "3015090979", "price": 86390.0, "amount": 0.002, "side": "buy", "timestamp": 1765843177755}, {"id": "3015090980", "price": 86389.9, "amount": 0.002, "side": "sell", "timestamp": 1765843178668}, {"id": "3015090981", "price": 86390.0, "amount": 0.002, "side": "buy", "timestamp": 1765843179049}, {"id": "3015090982", "price": 86389.9, "amount": 0.002, "side": "sell", "timestamp": 1765843179065}, {"id": "3015090983", "price": 86390.0, "amount": 0.802, "side": "buy", "timestamp": 1765843179187}, {"id": "3015090984", "price": 86390.0, "amount": 0.01, "side": "buy", "timestamp": 1765843179707}, {"id": "3015090985", "price": 86390.0, "amount": 0.057, "side": "buy", "timestamp": 1765843179810}, {"id": "3015090986", "price": 86390.0, "amount": 0.002, "side": "buy", "timestamp": 1765843180341}, {"id": "3015090987", "price": 86389.9, "amount": 0.009, "side": "sell", "timestamp": 1765843180689}, {"id": "3015090988", "price": 86389.9, "amount": 0.003, "side": "sell", "timestamp": 1765843180866}