[{"symbol": "AVAXUSDT", "bids": [[13.387, 715.0], [13.386, 72.0], [13.385, 955.0], [13.384, 3418.0], [13.383, 237.0], [13.382, 767.0], [13.381, 1116.0], [13.38, 1826.0], [13.379, 2196.0], [13.378, 5303.0], [13.377, 324.0], [13.376, 448.0], [13.375, 1130.0], [13.374, 3931.0], [13.373, 871.0], [13.372, 1314.0], [13.371, 1971.0], [13.37, 487.0], [13.369, 1185.0], [13.368, 946.0]], "asks": [[13.388, 1289.0], [13.389, 1454.0], [13.39, 1286.0], [13.391, 1614.0], [13.392, 1715.0], [13.393, 2247.0], [13.394, 2206.0], [13.395, 3175.0], [13.396, 1495.0], [13.397, 1964.0], [13.398, 1161.0], [13.399, 445.0], [13.4, 516.0], [13.401, 1168.0], [13.402, 868.0], [13.403, 1111.0], [13.404, 2038.0], [13.405, 1092.0], [13.406, 1185.0], [13.407, 1338.0]], "timestamp": "2025-12-13T08:59:36.530710+00:00"}, {"symbol": "AVAXUSDT", "bids": [[13.388, 117.0], [13.387, 611.0], [13.386, 941.0], [13.385, 5833.0], [13.384, 143.0], [13.383, 821.0], [13.382, 1791.0], [13.381, 5909.0], [13.38, 660.0], [13.379, 1148.0], [13.378, 805.0], [13.377, 3742.0], [13.376, 505.0], [13.375, 652.0], [13.374, 837.0], [13.373, 533.0], [13.372, 1105.0], [13.371, 1937.0], [13.37, 638.0], [13.369, 1247.0]], "asks": [[13.389, 1307.0], [13.39, 648.0], [13.391, 929.0], [13.392, 2297.0], [13.393, 1552.0], [13.394, 2165.0], [13.395, 2610.0], [13.396, 1166.0], [13.397, 1167.0], [13.398, 1612.0], [13.399, 2237.0], [13.4, 793.0], [13.401, 1216.0], [13.402, 1013.0], [13.403, 1044.0], [13.404, 1445.0], [13.405, 516.0], [13.406, 1127.0], [13.407, 1342.0], [13.408, 754.0]], "timestamp": "2025-12-13T09:00:31.119819+00:00"}, {"symbol": "AVAXUSDT", "bids": [[13.39, 6136.0], [13.389, 1074.0], [13.388, 1241.0], [13.387, 1087.0], [13.386, 218.0], [13.385, 1648.0], [13.384, 5535.0], [13.383, 878.0], [13.382, 745.0], [13.381, 923.0], [13.38, 5106.0], [13.379, 605.0], [13.378, 276.0], [13.377, 334.0], [13.376, 855.0], [13.375, 1274.0], [13.374, 2520.0], [13.373, 521.0], [13.372, 782.0], [13.371, 1521.0]], "asks": [[13.391, 51.0], [13.392, 639.0], [13.393, 1368.0], [13.394, 498.0], [13.395, 1783.0], [13.396, 1782.0], [13.397, 2087.0], [13.398, 1368.0], [13.399, 1555.0], [13.4, 2997.0], [13.401, 1094.0], [13.402, 1151.0], [13.403, 573.0], [13.404, 640.0], [13.405, 1288.0], [13.406, 1393.0], [13.407, 2449.0], [13.408, 755.0], [13.409, 873.0], [13.41, 1209.0]], "timestamp": "2025-12-13T09:01:25.484727+00:00"}, {"symbol": "AVAXUSDT", "bids": [[13.4, 710.0], [13.399, 5649.0], [13.398, 1280.0], [13.397, 1112.0], [13.396, 957.0], [13.395, 529.0], [13.394, 820.0], [13.393, 1824.0], [13.392, 6678.0], [13.391, 1505.0], [13.39, 707.0], [13.389, 428.0], [13.388, 698.0], [13.387, 664.0], [13.386, 683.0], [13.385, 1320.0], [13.384, 756.0], [13.383, 1080.0], [13.382, 947.0], [13.381, 1205.0]], "asks": [[13.401, 389.0], [13.402, 408.0], [13.403, 252.0], [13.404, 1049.0], [13.405, 1400.0], [13.406, 1599.0], [13.407, 1827.0], [13.408, 4901.0], [13.409, 1809.0], [13.41, 1951.0], [13.411, 945.0], [13.412, 2050.0], [13.413, 937.0], [13.414, 1187.0], [13.415, 1773.0], [13.416, 1224.0], [13.417, 646.0], [13.418, 881.0], [13.419, 902.0], [13.42, 2975.0]], "timestamp": "2025-12-13T09:02:19.654796+00:00"}, {"symbol": "AVAXUSDT", "bids": [[13.405, 498.0], [13.404, 1827.0], [13.403, 5977.0], [13.402, 612.0], [13.401, 623.0], [13.4, 2448.0], [13.399, 6301.0], [13.398, 1463.0], [13.397, 1457.0], [13.396, 1341.0], [13.395, 882.0], [13.394, 890.0], [13.393, 454.0], [13.392, 558.0], [13.391, 545.0], [13.39, 1191.0], [13.389, 1638.0], [13.388, 685.0], [13.387, 866.0], [13.386, 925.0]], "asks": [[13.406, 208.0], [13.407, 75.0], [13.408, 370.0], [13.409, 818.0], [13.41, 1114.0], [13.411, 1519.0], [13.412, 867.0], [13.413, 854.0], [13.414, 2219.0], [13.415, 1569.0], [13.416, 732.0], [13.417, 770.0], [13.418, 1131.0], [13.419, 1273.0], [13.42, 1827.0], [13.421, 1382.0], [13.422, 1430.0], [13.423, 1341.0], [13.424, 853.0], [13.425, 1200.0]], "timestamp": "2025-12-13T09:03:14.337593+00:00"}, {"symbol": "AVAXUSDT", "bids": [[13.396, 98.0], [13.395, 359.0], [13.394, 122.0], [13.393, 105.0], [13.392, 190.0], [13.391, 746.0], [13.39, 1195.0], [13.389, 886.0], [13.388, 873.0], [13.387, 1041.0], [13.386, 956.0], [13.385, 974.0], [13.384, 868.0], [13.383, 1393.0], [13.382, 905.0], [13.381, 1437.0], [13.38, 1345.0], [13.379, 1568.0], [13.378, 989.0], [13.377, 676.0]], "asks": [[13.397, 1175.0], [13.398, 1363.0], [13.399, 1468.0], [13.4, 1610.0], [13.401, 2099.0], [13.402, 1474.0], [13.403, 2805.0], [13.404, 1356.0], [13.405, 1959.0], [13.406, 1183.0], [13.407, 882.0], [13.408, 853.0], [13.409, 1425.0], [13.41, 1533.0], [13.411, 936.0], [13.412, 1687.0], [13.413, 1794.0], [13.414, 4924.0], [13.415, 1990.0], [13.416, 1248.0]], "timestamp": "2025-12-13T09:04:08.668637+00:00"}, {"symbol": "AVAXUSDT", "bids": [[13.395, 5309.0], [13.394, 83.0], [13.393, 276.0], [13.392, 516.0], [13.391, 416.0], [13.39, 1147.0], [13.389, 710.0], [13.388, 1204.0], [13.387, 1682.0], [13.386, 1099.0], [13.385, 1163.0], [13.384, 751.0], [13.383, 802.0], [13.382, 846.0], [13.381, 1377.0], [13.38, 1245.0], [13.379, 1254.0], [13.378, 988.0], [13.377, 1150.0], [13.376, 770.0]], "asks": [[13.396, 407.0], [13.397, 908.0], [13.398, 571.0], [13.399, 804.0], [13.4, 1323.0], [13.401, 2353.0], [13.402, 1552.0], [13.403, 2149.0], [13.404, 1546.0], [13.405, 1973.0], [13.406, 3675.0], [13.407, 1457.0], [13.408, 1170.0], [13.409, 1479.0], [13.41, 1726.0], [13.411, 688.0], [13.412, 1073.0], [13.413, 1955.0], [13.414, 1887.0], [13.415, 1888.0]], "timestamp": "2025-12-13T09:05:02.375573+00:00"}, {"symbol": "AVAXUSDT", "bids": [[13.395, 5288.0], [13.394, 256.0], [13.393, 331.0], [13.392, 771.0], [13.391, 432.0], [13.39, 1109.0], [13.389, 772.0], [13.388, 1034.0], [13.387, 1329.0], [13.386, 764.0], [13.385, 796.0], [13.384, 799.0], [13.383, 797.0], [13.382, 1055.0], [13.381, 1228.0], [13.38, 1246.0], [13.379, 1503.0], [13.378, 1561.0], [13.377, 2474.0], [13.376, 1476.0]], "asks": [[13.396, 527.0], [13.397, 705.0], [13.398, 786.0], [13.399, 989.0], [13.4, 1319.0], [13.401, 2335.0], [13.402, 1476.0], [13.403, 2072.0], [13.404, 1543.0], [13.405, 2331.0], [13.406, 3699.0], [13.407, 1609.0], [13.408, 1188.0], [13.409, 1010.0], [13.41, 1528.0], [13.411, 1242.0], [13.412, 1470.0], [13.413, 1609.0], [13.414, 3200.0], [13.415, 2046.0]], "timestamp": "2025-12-13T09:05:56.982884+00:00"}, {"symbol": "AVAXUSDT", "bids": [[13.402, 944.0], [13.401, 814.0], [13.4, 2542.0], [13.399, 6748.0], [13.398, 2822.0], [13.397, 1515.0], [13.396, 2343.0], [13.395, 933.0], [13.394, 497.0], [13.393, 747.0], [13.392, 682.0], [13.391, 398.0], [13.39, 623.0], [13.389, 490.0], [13.388, 985.0], [13.387, 1562.0], [13.386, 802.0], [13.385, 1827.0], [13.384, 1185.0], [13.383, 1665.0]], "asks": [[13.403, 192.0], [13.404, 467.0], [13.405, 2458.0], [13.406, 1015.0], [13.407, 367.0], [13.408, 2051.0], [13.409, 1482.0], [13.41, 1131.0], [13.411, 943.0], [13.412, 2383.0], [13.413, 1598.0], [13.414, 1698.0], [13.415, 1570.0], [13.416, 1324.0], [13.417, 726.0], [13.418, 1170.0], [13.419, 2572.0], [13.42, 2896.0], [13.421, 1261.0], [13.422, 1090.0]], "timestamp": "2025-12-13T09:06:51.348268+00:00"}, {"symbol": "AVAXUSDT", "bids": [[13.402, 5431.0], [13.401, 521.0], [13.4, 1037.0], [13.399, 1654.0], [13.398, 2155.0], [13.397, 1501.0], [13.396, 2255.0], [13.395, 1105.0], [13.394, 554.0], [13.393, 581.0], [13.392, 563.0], [13.391, 491.0], [13.39, 877.0], [13.389, 931.0], [13.388, 1112.0], [13.387, 1758.0], [13.386, 1805.0], [13.385, 762.0], [13.384, 1187.0], [13.383, 2019.0]], "asks": [[13.403, 644.0], [13.404, 732.0], [13.405, 1028.0], [13.406, 954.0], [13.407, 420.0], [13.408, 1741.0], [13.409, 1289.0], [13.41, 1452.0], [13.411, 1841.0], [13.412, 1744.0], [13.413, 1710.0], [13.414, 2449.0], [13.415, 1554.0], [13.416, 1195.0], [13.417, 726.0], [13.418, 653.0], [13.419, 1524.0], [13.42, 2116.0], [13.421, 1299.0], [13.422, 1089.0]], "timestamp": "2025-12-13T09:07:45.700604+00:00"}, {"symbol": "AVAXUSDT", "bids": [[13.404, 818.0], [13.403, 1089.0], [13.402, 6537.0], [13.401, 1272.0], [13.4, 1643.0], [13.399, 1656.0], [13.398, 941.0], [13.397, 1634.0], [13.396, 2151.0], [13.395, 965.0], [13.394, 595.0], [13.393, 406.0], [13.392, 571.0], [13.391, 470.0], [13.39, 1025.0], [13.389, 1161.0], [13.388, 1368.0], [13.387, 1379.0], [13.386, 1049.0], [13.385, 2767.0]], "asks": [[13.405, 708.0], [13.406, 428.0], [13.407, 235.0], [13.408, 769.0], [13.409, 1171.0], [13.41, 2760.0], [13.411, 657.0], [13.412, 1254.0], [13.413, 1589.0], [13.414, 2013.0], [13.415, 1039.0], [13.416, 1489.0], [13.417, 1232.0], [13.418, 655.0], [13.419, 1338.0], [13.42, 1069.0], [13.421, 1359.0], [13.422, 1380.0], [13.423, 1759.0], [13.424, 2222.0]], "timestamp": "2025-12-13T09:08:39.897396+00:00"}, {"symbol": "AVAXUSDT", "bids": [[13.407, 733.0], [13.406, 1181.0], [13.405, 2519.0], [13.404, 6015.0], [13.403, 1389.0], [13.402, 1883.0], [13.401, 2215.0], [13.4, 2379.0], [13.399, 1588.0], [13.398, 859.0], [13.397, 975.0], [13.396, 943.0], [13.395, 733.0], [13.394, 902.0], [13.393, 796.0], [13.392, 882.0], [13.391, 1154.0], [13.39, 946.0], [13.389, 1523.0], [13.388, 2807.0]], "asks": [[13.408, 166.0], [13.409, 80.0], [13.41, 286.0], [13.411, 309.0], [13.412, 1143.0], [13.413, 1006.0], [13.414, 1193.0], [13.415, 1464.0], [13.416, 1031.0], [13.417, 1496.0], [13.418, 1500.0], [13.419, 961.0], [13.42, 1377.0], [13.421, 1668.0], [13.422, 1381.0], [13.423, 1510.0], [13.424, 1897.0], [13.425, 1750.0], [13.426, 3678.0], [13.427, 2759.0]], "timestamp": "2025-12-13T09:09:34.042345+00:00"}, {"symbol": "AVAXUSDT", "bids": [[13.401, 78.0], [13.4, 39.0], [13.399, 565.0], [13.398, 298.0], [13.397, 740.0], [13.396, 830.0], [13.395, 1324.0], [13.394, 1019.0], [13.393, 949.0], [13.392, 782.0], [13.391, 677.0], [13.39, 1256.0], [13.389, 1239.0], [13.388, 1378.0], [13.387, 1498.0], [13.386, 771.0], [13.385, 1098.0], [13.384, 1792.0], [13.383, 1600.0], [13.382, 1651.0]], "asks": [[13.402, 1541.0], [13.403, 1862.0], [13.404, 956.0], [13.405, 2231.0], [13.406, 1538.0], [13.407, 1682.0], [13.408, 1671.0], [13.409, 969.0], [13.41, 1065.0], [13.411, 1247.0], [13.412, 1771.0], [13.413, 2694.0], [13.414, 2047.0], [13.415, 1184.0], [13.416, 1267.0], [13.417, 742.0], [13.418, 1277.0], [13.419, 863.0], [13.42, 1089.0], [13.421, 1697.0]], "timestamp": "2025-12-13T09:10:28.211370+00:00"}, {"symbol": "AVAXUSDT", "bids": [[13.397, 2918.0], [13.396, 5384.0], [13.395, 722.0], [13.394, 421.0], [13.393, 184.0], [13.392, 665.0], [13.391, 955.0], [13.39, 1326.0], [13.389, 1055.0], [13.388, 1064.0], [13.387, 1373.0], [13.386, 945.0], [13.385, 969.0], [13.384, 910.0], [13.383, 793.0], [13.382, 723.0], [13.381, 1563.0], [13.38, 984.0], [13.379, 2510.0], [13.378, 1332.0]], "asks": [[13.398, 385.0], [13.399, 173.0], [13.4, 1026.0], [13.401, 1732.0], [13.402, 1286.0], [13.403, 1417.0], [13.404, 1054.0], [13.405, 1643.0], [13.406, 1756.0], [13.407, 2283.0], [13.408, 1901.0], [13.409, 1096.0], [13.41, 1054.0], [13.411, 727.0], [13.412, 1379.0], [13.413, 1736.0], [13.414, 2671.0], [13.415, 2251.0], [13.416, 1267.0], [13.417, 811.0]], "timestamp": "2025-12-13T09:11:22.586578+00:00"}, {"symbol": "AVAXUSDT", "bids": [[13.4, 397.0], [13.399, 3199.0], [13.398, 6482.0], [13.397, 1555.0], [13.396, 586.0], [13.395, 567.0], [13.394, 700.0], [13.393, 550.0], [13.392, 583.0], [13.391, 941.0], [13.39, 1193.0], [13.389, 927.0], [13.388, 1322.0], [13.387, 1220.0], [13.386, 910.0], [13.385, 1301.0], [13.384, 1052.0], [13.383, 2412.0], [13.382, 1520.0], [13.381, 966.0]], "asks": [[13.401, 819.0], [13.402, 628.0], [13.403, 433.0], [13.404, 676.0], [13.405, 1502.0], [13.406, 2217.0], [13.407, 1555.0], [13.408, 1061.0], [13.409, 1269.0], [13.41, 2077.0], [13.411, 1078.0], [13.412, 1769.0], [13.413, 2005.0], [13.414, 2734.0], [13.415, 1157.0], [13.416, 1477.0], [13.417, 1914.0], [13.418, 633.0], [13.419, 859.0], [13.42, 1075.0]], "timestamp": "2025-12-13T09:12:16.872184+00:00"}, {"symbol": "AVAXUSDT", "bids": [[13.408, 2476.0], [13.407, 5354.0], [13.406, 1681.0], [13.405, 1848.0], [13.404, 1710.0], [13.403, 1137.0], [13.402, 980.0], [13.401, 1617.0], [13.4, 986.0], [13.399, 1201.0], [13.398, 895.0], [13.397, 873.0], [13.396, 1158.0], [13.395, 1423.0], [13.394, 1977.0], [13.393, 1287.0], [13.392, 1216.0], [13.391, 1044.0], [13.39, 1357.0], [13.389, 765.0]], "asks": [[13.409, 534.0], [13.41, 848.0], [13.411, 10.0], [13.412, 302.0], [13.413, 1265.0], [13.414, 1270.0], [13.415, 623.0], [13.416, 842.0], [13.417, 1318.0], [13.418, 1464.0], [13.419, 1690.0], [13.42, 1822.0], [13.421, 1714.0], [13.422, 784.0], [13.423, 1328.0], [13.424, 1227.0], [13.425, 1597.0], [13.426, 1946.0], [13.427, 1671.0], [13.428, 1964.0]], "timestamp": "2025-12-13T09:13:10.415142+00:00"}, {"symbol": "AVAXUSDT", "bids": [[13.404, 575.0], [13.403, 1298.0], [13.402, 5305.0], [13.401, 320.0], [13.4, 348.0], [13.399, 1435.0], [13.398, 1379.0], [13.397, 1358.0], [13.396, 1273.0], [13.395, 1195.0], [13.394, 1198.0], [13.393, 974.0], [13.392, 1043.0], [13.391, 997.0], [13.39, 1259.0], [13.389, 704.0], [13.388, 1132.0], [13.387, 899.0], [13.386, 1132.0], [13.385, 1310.0]], "asks": [[13.405, 318.0], [13.406, 7.0], [13.407, 319.0], [13.408, 1110.0], [13.409, 1488.0], [13.41, 1709.0], [13.411, 1825.0], [13.412, 2377.0], [13.413, 2026.0], [13.414, 3225.0], [13.415, 970.0], [13.416, 810.0], [13.417, 1214.0], [13.418, 1556.0], [13.419, 1054.0], [13.42, 1204.0], [13.421, 1379.0], [13.422, 1399.0], [13.423, 1730.0], [13.424, 1927.0]], "timestamp": "2025-12-13T09:14:04.688539+00:00"}, {"symbol": "AVAXUSDT", "bids": [[13.399, 574.0], [13.398, 5545.0], [13.397, 19.0], [13.396, 289.0], [13.395, 732.0], [13.394, 730.0], [13.393, 1092.0], [13.392, 1390.0], [13.391, 1206.0], [13.39, 813.0], [13.389, 986.0], [13.388, 1352.0], [13.387, 1335.0], [13.386, 981.0], [13.385, 1285.0], [13.384, 1282.0], [13.383, 961.0], [13.382, 1220.0], [13.381, 987.0], [13.38, 913.0]], "asks": [[13.4, 602.0], [13.401, 154.0], [13.402, 555.0], [13.403, 1124.0], [13.404, 1169.0], [13.405, 1117.0], [13.406, 803.0], [13.407, 1245.0], [13.408, 1661.0], [13.409, 1767.0], [13.41, 1457.0], [13.411, 1403.0], [13.412, 1599.0], [13.413, 2440.0], [13.414, 2245.0], [13.415, 1750.0], [13.416, 1030.0], [13.417, 884.0], [13.418, 866.0], [13.419, 1051.0]], "timestamp": "2025-12-13T09:14:58.960581+00:00"}, {"symbol": "AVAXUSDT", "bids": [[13.395, 602.0], [13.394, 827.0], [13.393, 5142.0], [13.392, 660.0], [13.391, 478.0], [13.39, 576.0], [13.389, 646.0], [13.388, 1698.0], [13.387, 1332.0], [13.386, 772.0], [13.385, 943.0], [13.384, 835.0], [13.383, 1112.0], [13.382, 1281.0], [13.381, 1087.0], [13.38, 1128.0], [13.379, 1753.0], [13.378, 859.0], [13.377, 1480.0], [13.376, 1148.0]], "asks": [[13.396, 384.0], [13.397, 332.0], [13.398, 415.0], [13.399, 1118.0], [13.4, 870.0], [13.401, 1185.0], [13.402, 995.0], [13.403, 1400.0], [13.404, 1382.0], [13.405, 1533.0], [13.406, 1401.0], [13.407, 1879.0], [13.408, 1956.0], [13.409, 4492.0], [13.41, 1344.0], [13.411, 1970.0], [13.412, 1913.0], [13.413, 1647.0], [13.414, 1446.0], [13.415, 2353.0]], "timestamp": "2025-12-13T09:15:52.814375+00:00"}, {"symbol": "AVAXUSDT", "bids": [[13.398, 432.0], [13.397, 5910.0], [13.396, 1073.0], [13.395, 1486.0], [13.394, 907.0], [13.393, 1602.0], [13.392, 2836.0], [13.391, 6574.0], [13.39, 1481.0], [13.389, 2872.0], [13.388, 552.0], [13.387, 619.0], [13.386, 406.0], [13.385, 1068.0], [13.384, 1092.0], [13.383, 711.0], [13.382, 836.0], [13.381, 1463.0], [13.38, 782.0], [13.379, 1389.0]], "asks": [[13.399, 457.0], [13.4, 460.0], [13.401, 253.0], [13.402, 528.0], [13.403, 1040.0], [13.404, 1310.0], [13.405, 1056.0], [13.406, 1784.0], [13.407, 3702.0], [13.408, 1214.0], [13.409, 976.0], [13.41, 1597.0], [13.411, 2758.0], [13.412, 1499.0], [13.413, 853.0], [13.414, 874.0], [13.415, 1615.0], [13.416, 1107.0], [13.417, 1294.0], [13.418, 1047.0]], "timestamp": "2025-12-13T09:16:47.100974+00:00"}, {"symbol": "AVAXUSDT", "bids": [[13.403, 468.0], [13.402, 440.0], [13.401, 1362.0], [13.4, 3767.0], [13.399, 536.0], [13.398, 788.0], [13.397, 877.0], [13.396, 1041.0], [13.395, 795.0], [13.394, 699.0], [13.393, 1221.0], [13.392, 863.0], [13.391, 979.0], [13.39, 953.0], [13.389, 1064.0], [13.388, 1270.0], [13.387, 1282.0], [13.386, 852.0], [13.385, 1746.0], [13.384, 1192.0]], "asks": [[13.404, 97.0], [13.405, 317.0], [13.406, 348.0], [13.407, 644.0], [13.408, 1784.0], [13.409, 1542.0], [13.41, 2563.0], [13.411, 1691.0], [13.412, 1191.0], [13.413, 1288.0], [13.414, 1057.0], [13.415, 1341.0], [13.416, 1689.0], [13.417, 1044.0], [13.418, 849.0], [13.419, 1316.0], [13.42, 1147.0], [13.421, 1357.0], [13.422, 1299.0], [13.423, 963.0]], "timestamp": "2025-12-13T09:17:40.754677+00:00"}, {"symbol": "AVAXUSDT", "bids": [[13.408, 116.0], [13.407, 1612.0], [13.406, 547.0], [13.405, 597.0], [13.404, 838.0], [13.403, 1090.0], [13.402, 1025.0], [13.401, 1250.0], [13.4, 1002.0], [13.399, 1681.0], [13.398, 1469.0], [13.397, 1207.0], [13.396, 1596.0], [13.395, 1222.0], [13.394, 960.0], [13.393, 985.0], [13.392, 1032.0], [13.391, 1218.0], [13.39, 1624.0], [13.389, 974.0]], "asks": [[13.409, 403.0], [13.41, 226.0], [13.411, 716.0], [13.412, 1207.0], [13.413, 1208.0], [13.414, 1133.0], [13.415, 1110.0], [13.416, 1639.0], [13.417, 1772.0], [13.418, 1691.0], [13.419, 923.0], [13.42, 1390.0], [13.421, 783.0], [13.422, 1056.0], [13.423, 1548.0], [13.424, 1228.0], [13.425, 1632.0], [13.426, 3626.0], [13.427, 2723.0], [13.428, 1748.0]], "timestamp": "2025-12-13T09:18:34.005872+00:00"}, {"symbol": "AVAXUSDT", "bids": [[13.406, 552.0], [13.405, 280.0], [13.404, 928.0], [13.403, 978.0], [13.402, 644.0], [13.401, 820.0], [13.4, 828.0], [13.399, 906.0], [13.398, 1520.0], [13.397, 1399.0], [13.396, 1291.0], [13.395, 1276.0], [13.394, 1090.0], [13.393, 1006.0], [13.392, 1034.0], [13.391, 1385.0], [13.39, 1633.0], [13.389, 939.0], [13.388, 849.0], [13.387, 994.0]], "asks": [[13.407, 605.0], [13.408, 105.0], [13.409, 456.0], [13.41, 758.0], [13.411, 353.0], [13.412, 779.0], [13.413, 1341.0], [13.414, 878.0], [13.415, 978.0], [13.416, 914.0], [13.417, 1553.0], [13.418, 1810.0], [13.419, 1306.0], [13.42, 1310.0], [13.421, 1162.0], [13.422, 1279.0], [13.423, 1778.0], [13.424, 2486.0], [13.425, 1533.0], [13.426, 1331.0]], "timestamp": "2025-12-13T09:19:27.569716+00:00"}, {"symbol": "AVAXUSDT", "bids": [[13.394, 227.0], [13.393, 279.0], [13.392, 266.0], [13.391, 734.0], [13.39, 435.0], [13.389, 1323.0], [13.388, 1546.0], [13.387, 1980.0], [13.386, 1094.0], [13.385, 1608.0], [13.384, 1042.0], [13.383, 804.0], [13.382, 950.0], [13.381, 1688.0], [13.38, 1512.0], [13.379, 1409.0], [13.378, 626.0], [13.377, 1329.0], [13.376, 1349.0], [13.375, 3210.0]], "asks": [[13.395, 754.0], [13.396, 1041.0], [13.397, 1214.0], [13.398, 825.0], [13.399, 725.0], [13.4, 1702.0], [13.401, 575.0], [13.402, 1057.0], [13.403, 1784.0], [13.404, 1244.0], [13.405, 637.0], [13.406, 1096.0], [13.407, 1351.0], [13.408, 1613.0], [13.409, 1180.0], [13.41, 1194.0], [13.411, 1795.0], [13.412, 2744.0], [13.413, 2815.0], [13.414, 928.0]], "timestamp": "2025-12-13T09:20:21.217726+00:00"}, {"symbol": "AVAXUSDT", "bids": [[13.382, 663.0], [13.381, 5094.0], [13.38, 923.0], [13.379, 1047.0], [13.378, 587.0], [13.377, 736.0], [13.376, 1079.0], [13.375, 1309.0], [13.374, 711.0], [13.373, 545.0], [13.372, 640.0], [13.371, 740.0], [13.37, 486.0], [13.369, 943.0], [13.368, 1153.0], [13.367, 1672.0], [13.366, 1212.0], [13.365, 1516.0], [13.364, 925.0], [13.363, 2050.0]], "asks": [[13.383, 215.0], [13.384, 334.0], [13.385, 690.0], [13.386, 1028.0], [13.387, 1971.0], [13.388, 2221.0], [13.389, 2141.0], [13.39, 1543.0], [13.391, 1007.0], [13.392, 1028.0], [13.393, 1167.0], [13.394, 485.0], [13.395, 674.0], [13.396, 1325.0], [13.397, 1056.0], [13.398, 1336.0], [13.399, 1766.0], [13.4, 3006.0], [13.401, 2012.0], [13.402, 629.0]], "timestamp": "2025-12-13T09:21:15.799125+00:00"}, {"symbol": "AVAXUSDT", "bids": [[13.377, 4889.0], [13.376, 221.0], [13.375, 463.0], [13.374, 730.0], [13.373, 351.0], [13.372, 939.0], [13.371, 1111.0], [13.37, 543.0], [13.369, 834.0], [13.368, 1241.0], [13.367, 1370.0], [13.366, 748.0], [13.365, 770.0], [13.364, 706.0], [13.363, 1609.0], [13.362, 1089.0], [13.361, 869.0], [13.36, 1503.0], [13.359, 2805.0], [13.358, 767.0]], "asks": [[13.378, 338.0], [13.379, 547.0], [13.38, 534.0], [13.381, 529.0], [13.382, 517.0], [13.383, 945.0], [13.384, 1206.0], [13.385, 1560.0], [13.386, 1802.0], [13.387, 2525.0], [13.388, 1408.0], [13.389, 2274.0], [13.39, 1093.0], [13.391, 716.0], [13.392, 1136.0], [13.393, 783.0], [13.394, 1490.0], [13.395, 671.0], [13.396, 866.0], [13.397, 766.0]], "timestamp": "2025-12-13T09:22:10.479268+00:00"}, {"symbol": "AVAXUSDT", "bids": [[13.388, 1290.0], [13.387, 825.0], [13.386, 6181.0], [13.385, 608.0], [13.384, 302.0], [13.383, 741.0], [13.382, 827.0], [13.381, 1622.0], [13.38, 1632.0], [13.379, 1517.0], [13.378, 869.0], [13.377, 1351.0], [13.376, 997.0], [13.375, 802.0], [13.374, 607.0], [13.373, 386.0], [13.372, 598.0], [13.371, 865.0], [13.37, 1242.0], [13.369, 593.0]], "asks": [[13.389, 188.0], [13.39, 97.0], [13.391, 197.0], [13.392, 462.0], [13.393, 535.0], [13.394, 1501.0], [13.395, 941.0], [13.396, 837.0], [13.397, 2082.0], [13.398, 1723.0], [13.399, 1795.0], [13.4, 2000.0], [13.401, 1694.0], [13.402, 1238.0], [13.403, 703.0], [13.404, 911.0], [13.405, 1286.0], [13.406, 2095.0], [13.407, 687.0], [13.408, 911.0]], "timestamp": "2025-12-13T09:23:05.194538+00:00"}, {"symbol": "AVAXUSDT", "bids": [[13.389, 91.0], [13.388, 491.0], [13.387, 560.0], [13.386, 5771.0], [13.385, 1291.0], [13.384, 485.0], [13.383, 922.0], [13.382, 799.0], [13.381, 1030.0], [13.38, 1618.0], [13.379, 1342.0], [13.378, 812.0], [13.377, 1081.0], [13.376, 577.0], [13.375, 801.0], [13.374, 656.0], [13.373, 890.0], [13.372, 824.0], [13.371, 1578.0], [13.37, 959.0]], "asks": [[13.39, 515.0], [13.391, 294.0], [13.392, 542.0], [13.393, 837.0], [13.394, 949.0], [13.395, 2026.0], [13.396, 1680.0], [13.397, 1701.0], [13.398, 1923.0], [13.399, 1132.0], [13.4, 1562.0], [13.401, 1304.0], [13.402, 1845.0], [13.403, 1963.0], [13.404, 910.0], [13.405, 1206.0], [13.406, 2172.0], [13.407, 847.0], [13.408, 974.0], [13.409, 865.0]], "timestamp": "2025-12-13T09:24:00.253572+00:00"}, {"symbol": "AVAXUSDT", "bids": [[13.377, 72.0], [13.376, 22.0], [13.375, 129.0], [13.374, 604.0], [13.373, 1037.0], [13.372, 816.0], [13.371, 642.0], [13.37, 844.0], [13.369, 1138.0], [13.368, 1657.0], [13.367, 1416.0], [13.366, 1052.0], [13.365, 1160.0], [13.364, 1170.0], [13.363, 801.0], [13.362, 1150.0], [13.361, 1147.0], [13.36, 1010.0], [13.359, 1003.0], [13.358, 1229.0]], "asks": [[13.378, 622.0], [13.379, 917.0], [13.38, 983.0], [13.381, 1338.0], [13.382, 876.0], [13.383, 1104.0], [13.384, 2225.0], [13.385, 1527.0], [13.386, 1179.0], [13.387, 2245.0], [13.388, 1139.0], [13.389, 1136.0], [13.39, 1221.0], [13.391, 1148.0], [13.392, 833.0], [13.393, 1614.0], [13.394, 1711.0], [13.395, 1484.0], [13.396, 1568.0], [13.397, 2158.0]], "timestamp": "2025-12-13T09:24:55.172461+00:00"}, {"symbol": "AVAXUSDT", "bids": [[13.373, 214.0], [13.372, 642.0], [13.371, 124.0], [13.37, 538.0], [13.369, 434.0], [13.368, 675.0], [13.367, 781.0], [13.366, 505.0], [13.365, 792.0], [13.364, 686.0], [13.363, 1042.0], [13.362, 827.0], [13.361, 600.0], [13.36, 950.0], [13.359, 1258.0], [13.358, 1798.0], [13.357, 1331.0], [13.356, 1476.0], [13.355, 939.0], [13.354, 1267.0]], "asks": [[13.374, 497.0], [13.375, 197.0], [13.376, 787.0], [13.377, 1857.0], [13.378, 2147.0], [13.379, 2306.0], [13.38, 1691.0], [13.381, 1607.0], [13.382, 1153.0], [13.383, 1108.0], [13.384, 2252.0], [13.385, 463.0], [13.386, 661.0], [13.387, 843.0], [13.388, 954.0], [13.389, 906.0], [13.39, 1431.0], [13.391, 2570.0], [13.392, 1993.0], [13.393, 1250.0]], "timestamp": "2025-12-13T09:25:49.823590+00:00"}, {"symbol": "AVAXUSDT", "bids": [[13.376, 578.0], [13.375, 873.0], [13.374, 1430.0], [13.373, 1564.0], [13.372, 391.0], [13.371, 660.0], [13.37, 852.0], [13.369, 1011.0], [13.368, 1101.0], [13.367, 1082.0], [13.366, 1069.0], [13.365, 950.0], [13.364, 1084.0], [13.363, 1244.0], [13.362, 1591.0], [13.361, 1264.0], [13.36, 1087.0], [13.359, 1173.0], [13.358, 1030.0], [13.357, 2360.0]], "asks": [[13.377, 108.0], [13.378, 485.0], [13.379, 509.0], [13.38, 364.0], [13.381, 563.0], [13.382, 1405.0], [13.383, 905.0], [13.384, 958.0], [13.385, 694.0], [13.386, 584.0], [13.387, 1265.0], [13.388, 1594.0], [13.389, 1657.0], [13.39, 1209.0], [13.391, 3076.0], [13.392, 1452.0], [13.393, 1472.0], [13.394, 2355.0], [13.395, 1803.0], [13.396, 1834.0]], "timestamp": "2025-12-13T09:26:44.416183+00:00"}, {"symbol": "AVAXUSDT", "bids": [[13.366, 104.0], [13.365, 214.0], [13.364, 3095.0], [13.363, 195.0], [13.362, 908.0], [13.361, 884.0], [13.36, 775.0], [13.359, 824.0], [13.358, 1379.0], [13.357, 924.0], [13.356, 1238.0], [13.355, 954.0], [13.354, 684.0], [13.353, 1117.0], [13.352, 1172.0], [13.351, 759.0], [13.35, 2596.0], [13.349, 10704.0], [13.348, 1876.0], [13.347, 1207.0]], "asks": [[13.367, 428.0], [13.368, 202.0], [13.369, 536.0], [13.37, 891.0], [13.371, 929.0], [13.372, 2056.0], [13.373, 1565.0], [13.374, 1601.0], [13.375, 2397.0], [13.376, 723.0], [13.377, 1125.0], [13.378, 877.0], [13.379, 1285.0], [13.38, 2322.0], [13.381, 984.0], [13.382, 1239.0], [13.383, 1471.0], [13.384, 2345.0], [13.385, 866.0], [13.386, 1027.0]], "timestamp": "2025-12-13T09:27:39.189475+00:00"}, {"symbol": "AVAXUSDT", "bids": [[13.368, 657.0], [13.367, 1067.0], [13.366, 3551.0], [13.365, 864.0], [13.364, 1580.0], [13.363, 934.0], [13.362, 899.0], [13.361, 700.0], [13.36, 823.0], [13.359, 1074.0], [13.358, 1274.0], [13.357, 1203.0], [13.356, 1126.0], [13.355, 799.0], [13.354, 655.0], [13.353, 597.0], [13.352, 921.0], [13.351, 1656.0], [13.35, 2087.0], [13.349, 11579.0]], "asks": [[13.369, 257.0], [13.37, 152.0], [13.371, 803.0], [13.372, 1344.0], [13.373, 995.0], [13.374, 1230.0], [13.375, 765.0], [13.376, 636.0], [13.377, 2033.0], [13.378, 1028.0], [13.379, 1450.0], [13.38, 1890.0], [13.381, 1784.0], [13.382, 1450.0], [13.383, 2648.0], [13.384, 2553.0], [13.385, 1054.0], [13.386, 932.0], [13.387, 969.0], [13.388, 854.0]], "timestamp": "2025-12-13T09:28:33.255212+00:00"}, {"symbol": "AVAXUSDT", "bids": [[13.367, 781.0], [13.366, 3825.0], [13.365, 835.0], [13.364, 1592.0], [13.363, 1118.0], [13.362, 941.0], [13.361, 863.0], [13.36, 937.0], [13.359, 950.0], [13.358, 1147.0], [13.357, 1023.0], [13.356, 1103.0], [13.355, 633.0], [13.354, 613.0], [13.353, 769.0], [13.352, 1130.0], [13.351, 1595.0], [13.35, 2094.0], [13.349, 11579.0], [13.348, 1167.0]], "asks": [[13.368, 162.0], [13.369, 304.0], [13.37, 598.0], [13.371, 511.0], [13.372, 1429.0], [13.373, 841.0], [13.374, 1230.0], [13.375, 707.0], [13.376, 1172.0], [13.377, 1035.0], [13.378, 1437.0], [13.379, 1898.0], [13.38, 2162.0], [13.381, 1154.0], [13.382, 2335.0], [13.383, 2545.0], [13.384, 1364.0], [13.385, 987.0], [13.386, 788.0], [13.387, 967.0]], "timestamp": "2025-12-13T09:29:27.208542+00:00"}, {"symbol": "AVAXUSDT", "bids": [[13.373, 411.0], [13.372, 310.0], [13.371, 3353.0], [13.37, 1819.0], [13.369, 1591.0], [13.368, 1035.0], [13.367, 1037.0], [13.366, 997.0], [13.365, 1587.0], [13.364, 1756.0], [13.363, 1144.0], [13.362, 477.0], [13.361, 500.0], [13.36, 517.0], [13.359, 812.0], [13.358, 1060.0], [13.357, 1200.0], [13.356, 1333.0], [13.355, 2093.0], [13.354, 614.0]], "asks": [[13.374, 746.0], [13.375, 246.0], [13.376, 621.0], [13.377, 753.0], [13.378, 1346.0], [13.379, 909.0], [13.38, 605.0], [13.381, 1350.0], [13.382, 2224.0], [13.383, 1651.0], [13.384, 911.0], [13.385, 1398.0], [13.386, 984.0], [13.387, 749.0], [13.388, 2110.0], [13.389, 799.0], [13.39, 952.0], [13.391, 953.0], [13.392, 1020.0], [13.393, 1005.0]], "timestamp": "2025-12-13T09:30:20.880012+00:00"}, {"symbol": "AVAXUSDT", "bids": [[13.375, 4028.0], [13.374, 1345.0], [13.373, 1679.0], [13.372, 1251.0], [13.371, 756.0], [13.37, 1802.0], [13.369, 1601.0], [13.368, 1356.0], [13.367, 1180.0], [13.366, 1096.0], [13.365, 1142.0], [13.364, 669.0], [13.363, 1224.0], [13.362, 477.0], [13.361, 649.0], [13.36, 1813.0], [13.359, 857.0], [13.358, 1322.0], [13.357, 2012.0], [13.356, 1846.0]], "asks": [[13.376, 272.0], [13.377, 8.0], [13.378, 168.0], [13.379, 331.0], [13.38, 413.0], [13.381, 1045.0], [13.382, 664.0], [13.383, 1031.0], [13.384, 1662.0], [13.385, 1349.0], [13.386, 567.0], [13.387, 990.0], [13.388, 1465.0], [13.389, 1602.0], [13.39, 1385.0], [13.391, 2059.0], [13.392, 852.0], [13.393, 1116.0], [13.394, 1582.0], [13.395, 2808.0]], "timestamp": "2025-12-13T09:31:14.741958+00:00"}, {"symbol": "AVAXUSDT", "bids": [[13.377, 1168.0], [13.376, 1199.0], [13.375, 968.0], [13.374, 4558.0], [13.373, 1288.0], [13.372, 578.0], [13.371, 1050.0], [13.37, 1894.0], [13.369, 1465.0], [13.368, 1647.0], [13.367, 1267.0], [13.366, 1081.0], [13.365, 1173.0], [13.364, 606.0], [13.363, 393.0], [13.362, 528.0], [13.361, 788.0], [13.36, 1477.0], [13.359, 1775.0], [13.358, 1244.0]], "asks": [[13.378, 236.0], [13.379, 599.0], [13.38, 1120.0], [13.381, 256.0], [13.382, 618.0], [13.383, 1190.0], [13.384, 1187.0], [13.385, 447.0], [13.386, 1268.0], [13.387, 1742.0], [13.388, 1114.0], [13.389, 1193.0], [13.39, 2388.0], [13.391, 2074.0], [13.392, 850.0], [13.393, 1086.0], [13.394, 1133.0], [13.395, 2822.0], [13.396, 998.0], [13.397, 1148.0]], "timestamp": "2025-12-13T09:32:07.991004+00:00"}, {"symbol": "AVAXUSDT", "bids": [[13.369, 142.0], [13.368, 200.0], [13.367, 3669.0], [13.366, 537.0], [13.365, 365.0], [13.364, 1323.0], [13.363, 452.0], [13.362, 948.0], [13.361, 757.0], [13.36, 601.0], [13.359, 858.0], [13.358, 1780.0], [13.357, 1474.0], [13.356, 1212.0], [13.355, 1052.0], [13.354, 1903.0], [13.353, 992.0], [13.352, 2434.0], [13.351, 1449.0], [13.35, 2312.0]], "asks": [[13.37, 1180.0], [13.371, 1357.0], [13.372, 867.0], [13.373, 1556.0], [13.374, 1516.0], [13.375, 1641.0], [13.376, 1381.0], [13.377, 1724.0], [13.378, 1979.0], [13.379, 1537.0], [13.38, 1781.0], [13.381, 1389.0], [13.382, 2401.0], [13.383, 2193.0], [13.384, 2129.0], [13.385, 1183.0], [13.386, 2370.0], [13.387, 987.0], [13.388, 985.0], [13.389, 891.0]], "timestamp": "2025-12-13T09:33:01.649270+00:00"}, {"symbol": "AVAXUSDT", "bids": [[13.365, 1040.0], [13.364, 1293.0], [13.363, 1878.0], [13.362, 1596.0], [13.361, 1281.0], [13.36, 1998.0], [13.359, 2410.0], [13.358, 1914.0], [13.357, 2200.0], [13.356, 1750.0], [13.355, 1162.0], [13.354, 568.0], [13.353, 411.0], [13.352, 779.0], [13.351, 1052.0], [13.35, 2765.0], [13.349, 10456.0], [13.348, 931.0], [13.347, 688.0], [13.346, 1582.0]], "asks": [[13.366, 73.0], [13.367, 42.0], [13.368, 180.0], [13.369, 382.0], [13.37, 741.0], [13.371, 1186.0], [13.372, 1061.0], [13.373, 1770.0], [13.374, 923.0], [13.375, 1707.0], [13.376, 1237.0], [13.377, 1460.0], [13.378, 1146.0], [13.379, 1824.0], [13.38, 2051.0], [13.381, 1723.0], [13.382, 2980.0], [13.383, 2455.0], [13.384, 1278.0], [13.385, 1081.0]], "timestamp": "2025-12-13T09:33:55.870161+00:00"}, {"symbol": "AVAXUSDT", "bids": [[13.366, 638.0], [13.365, 729.0], [13.364, 658.0], [13.363, 667.0], [13.362, 674.0], [13.361, 803.0], [13.36, 856.0], [13.359, 1195.0], [13.358, 1195.0], [13.357, 1462.0], [13.356, 1583.0], [13.355, 842.0], [13.354, 621.0], [13.353, 648.0], [13.352, 885.0], [13.351, 1394.0], [13.35, 2873.0], [13.349, 10884.0], [13.348, 491.0], [13.347, 668.0]], "asks": [[13.367, 77.0], [13.368, 71.0], [13.369, 466.0], [13.37, 1286.0], [13.371, 1539.0], [13.372, 1313.0], [13.373, 1592.0], [13.374, 561.0], [13.375, 761.0], [13.376, 2284.0], [13.377, 1544.0], [13.378, 1219.0], [13.379, 1797.0], [13.38, 3105.0], [13.381, 1709.0], [13.382, 1778.0], [13.383, 1475.0], [13.384, 2357.0], [13.385, 796.0], [13.386, 1275.0]], "timestamp": "2025-12-13T09:34:49.494940+00:00"}, {"symbol": "AVAXUSDT", "bids": [[13.371, 1202.0], [13.37, 1155.0], [13.369, 1366.0], [13.368, 858.0], [13.367, 655.0], [13.366, 414.0], [13.365, 946.0], [13.364, 1045.0], [13.363, 1039.0], [13.362, 834.0], [13.361, 766.0], [13.36, 710.0], [13.359, 500.0], [13.358, 899.0], [13.357, 1156.0], [13.356, 1586.0], [13.355, 995.0], [13.354, 1267.0], [13.353, 1505.0], [13.352, 1928.0]], "asks": [[13.372, 46.0], [13.373, 836.0], [13.374, 309.0], [13.375, 385.0], [13.376, 930.0], [13.377, 2163.0], [13.378, 2050.0], [13.379, 1648.0], [13.38, 2661.0], [13.381, 1917.0], [13.382, 2098.0], [13.383, 1084.0], [13.384, 1068.0], [13.385, 981.0], [13.386, 2312.0], [13.387, 991.0], [13.388, 935.0], [13.389, 1398.0], [13.39, 1006.0], [13.391, 1263.0]], "timestamp": "2025-12-13T09:35:42.931119+00:00"}, {"symbol": "AVAXUSDT", "bids": [[13.376, 373.0], [13.375, 48.0], [13.374, 336.0], [13.373, 841.0], [13.372, 1322.0], [13.371, 1723.0], [13.37, 1680.0], [13.369, 1189.0], [13.368, 903.0], [13.367, 785.0], [13.366, 764.0], [13.365, 943.0], [13.364, 515.0], [13.363, 1439.0], [13.362, 904.0], [13.361, 1233.0], [13.36, 1737.0], [13.359, 1185.0], [13.358, 1214.0], [13.357, 2109.0]], "asks": [[13.377, 744.0], [13.378, 876.0], [13.379, 1485.0], [13.38, 599.0], [13.381, 621.0], [13.382, 831.0], [13.383, 718.0], [13.384, 1219.0], [13.385, 1032.0], [13.386, 1159.0], [13.387, 1015.0], [13.388, 1293.0], [13.389, 2194.0], [13.39, 1563.0], [13.391, 1551.0], [13.392, 2742.0], [13.393, 2007.0], [13.394, 1049.0], [13.395, 1055.0], [13.396, 1721.0]], "timestamp": "2025-12-13T09:36:36.487901+00:00"}, {"symbol": "AVAXUSDT", "bids": [[13.381, 802.0], [13.38, 608.0], [13.379, 742.0], [13.378, 764.0], [13.377, 973.0], [13.376, 745.0], [13.375, 630.0], [13.374, 792.0], [13.373, 1082.0], [13.372, 1226.0], [13.371, 962.0], [13.37, 1053.0], [13.369, 1100.0], [13.368, 1157.0], [13.367, 1245.0], [13.366, 846.0], [13.365, 917.0], [13.364, 1059.0], [13.363, 2056.0], [13.362, 1059.0]], "asks": [[13.382, 41.0], [13.383, 86.0], [13.384, 946.0], [13.385, 587.0], [13.386, 1009.0], [13.387, 1587.0], [13.388, 934.0], [13.389, 947.0], [13.39, 1276.0], [13.391, 1707.0], [13.392, 2087.0], [13.393, 1848.0], [13.394, 1161.0], [13.395, 1289.0], [13.396, 1985.0], [13.397, 2469.0], [13.398, 918.0], [13.399, 1561.0], [13.4, 2754.0], [13.401, 864.0]], "timestamp": "2025-12-13T09:37:29.735706+00:00"}, {"symbol": "AVAXUSDT", "bids": [[13.388, 602.0], [13.387, 211.0], [13.386, 1076.0], [13.385, 470.0], [13.384, 2066.0], [13.383, 974.0], [13.382, 937.0], [13.381, 1021.0], [13.38, 1103.0], [13.379, 735.0], [13.378, 1137.0], [13.377, 1348.0], [13.376, 1509.0], [13.375, 1305.0], [13.374, 711.0], [13.373, 827.0], [13.372, 808.0], [13.371, 2018.0], [13.37, 740.0], [13.369, 775.0]], "asks": [[13.389, 693.0], [13.39, 484.0], [13.391, 1218.0], [13.392, 1227.0], [13.393, 983.0], [13.394, 1032.0], [13.395, 671.0], [13.396, 1056.0], [13.397, 1539.0], [13.398, 1430.0], [13.399, 1644.0], [13.4, 648.0], [13.401, 1226.0], [13.402, 1144.0], [13.403, 1947.0], [13.404, 2601.0], [13.405, 2254.0], [13.406, 986.0], [13.407, 819.0], [13.408, 804.0]], "timestamp": "2025-12-13T09:38:23.087531+00:00"}, {"symbol": "AVAXUSDT", "bids": [[13.392, 1230.0], [13.391, 262.0], [13.39, 443.0], [13.389, 427.0], [13.388, 985.0], [13.387, 716.0], [13.386, 1428.0], [13.385, 1055.0], [13.384, 2224.0], [13.383, 913.0], [13.382, 729.0], [13.381, 626.0], [13.38, 809.0], [13.379, 455.0], [13.378, 1136.0], [13.377, 1588.0], [13.376, 1109.0], [13.375, 2056.0], [13.374, 1158.0], [13.373, 753.0]], "asks": [[13.393, 776.0], [13.394, 276.0], [13.395, 533.0], [13.396, 462.0], [13.397, 1377.0], [13.398, 1735.0], [13.399, 1316.0], [13.4, 1244.0], [13.401, 1098.0], [13.402, 959.0], [13.403, 1708.0], [13.404, 2284.0], [13.405, 2017.0], [13.406, 690.0], [13.407, 1922.0], [13.408, 805.0], [13.409, 784.0], [13.41, 856.0], [13.411, 971.0], [13.412, 2406.0]], "timestamp": "2025-12-13T09:39:16.437873+00:00"}, {"symbol": "AVAXUSDT", "bids": [[13.396, 1411.0], [13.395, 509.0], [13.394, 1363.0], [13.393, 1764.0], [13.392, 1223.0], [13.391, 931.0], [13.39, 888.0], [13.389, 1605.0], [13.388, 1101.0], [13.387, 550.0], [13.386, 643.0], [13.385, 558.0], [13.384, 821.0], [13.383, 1048.0], [13.382, 879.0], [13.381, 1389.0], [13.38, 1037.0], [13.379, 1569.0], [13.378, 1118.0], [13.377, 1041.0]], "asks": [[13.397, 102.0], [13.398, 87.0], [13.399, 226.0], [13.4, 794.0], [13.401, 421.0], [13.402, 626.0], [13.403, 703.0], [13.404, 734.0], [13.405, 1200.0], [13.406, 1436.0], [13.407, 825.0], [13.408, 1197.0], [13.409, 1072.0], [13.41, 1518.0], [13.411, 2481.0], [13.412, 402.0], [13.413, 591.0], [13.414, 1033.0], [13.415, 1133.0], [13.416, 1541.0]], "timestamp": "2025-12-13T09:40:10.414272+00:00"}, {"symbol": "AVAXUSDT", "bids": [[13.39, 110.0], [13.389, 57.0], [13.388, 400.0], [13.387, 408.0], [13.386, 571.0], [13.385, 697.0], [13.384, 1171.0], [13.383, 679.0], [13.382, 518.0], [13.381, 555.0], [13.38, 770.0], [13.379, 885.0], [13.378, 1531.0], [13.377, 1697.0], [13.376, 1227.0], [13.375, 1951.0], [13.374, 1603.0], [13.373, 2230.0], [13.372, 824.0], [13.371, 817.0]], "asks": [[13.391, 1020.0], [13.392, 1137.0], [13.393, 1989.0], [13.394, 5586.0], [13.395, 1741.0], [13.396, 1460.0], [13.397, 2498.0], [13.398, 1030.0], [13.399, 1085.0], [13.4, 1179.0], [13.401, 1032.0], [13.402, 1491.0], [13.403, 1671.0], [13.404, 1947.0], [13.405, 2739.0], [13.406, 808.0], [13.407, 489.0], [13.408, 546.0], [13.409, 730.0], [13.41, 1167.0]], "timestamp": "2025-12-13T09:41:04.201377+00:00"}, {"symbol": "AVAXUSDT", "bids": [[13.389, 571.0], [13.388, 269.0], [13.387, 280.0], [13.386, 287.0], [13.385, 644.0], [13.384, 1549.0], [13.383, 682.0], [13.382, 500.0], [13.381, 623.0], [13.38, 1071.0], [13.379, 830.0], [13.378, 1330.0], [13.377, 1890.0], [13.376, 1398.0], [13.375, 1679.0], [13.374, 1307.0], [13.373, 1159.0], [13.372, 955.0], [13.371, 2244.0], [13.37, 1084.0]], "asks": [[13.39, 1209.0], [13.391, 4482.0], [13.392, 625.0], [13.393, 359.0], [13.394, 734.0], [13.395, 2211.0], [13.396, 1572.0], [13.397, 2411.0], [13.398, 1269.0], [13.399, 1303.0], [13.4, 1068.0], [13.401, 1118.0], [13.402, 1314.0], [13.403, 1527.0], [13.404, 3951.0], [13.405, 1032.0], [13.406, 809.0], [13.407, 489.0], [13.408, 542.0], [13.409, 635.0]], "timestamp": "2025-12-13T09:41:58.436585+00:00"}, {"symbol": "AVAXUSDT", "bids": [[13.385, 458.0], [13.384, 464.0], [13.383, 231.0], [13.382, 535.0], [13.381, 617.0], [13.38, 1181.0], [13.379, 1148.0], [13.378, 1228.0], [13.377, 1535.0], [13.376, 1589.0], [13.375, 1193.0], [13.374, 1320.0], [13.373, 1167.0], [13.372, 1163.0], [13.371, 677.0], [13.37, 1146.0], [13.369, 1319.0], [13.368, 1279.0], [13.367, 2745.0], [13.366, 707.0]], "asks": [[13.386, 1119.0], [13.387, 598.0], [13.388, 1762.0], [13.389, 4807.0], [13.39, 726.0], [13.391, 1049.0], [13.392, 905.0], [13.393, 1030.0], [13.394, 1319.0], [13.395, 2306.0], [13.396, 460.0], [13.397, 951.0], [13.398, 1188.0], [13.399, 1379.0], [13.4, 1394.0], [13.401, 2213.0], [13.402, 874.0], [13.403, 1480.0], [13.404, 2341.0], [13.405, 1014.0]], "timestamp": "2025-12-13T09:42:52.402198+00:00"}, {"symbol": "AVAXUSDT", "bids": [[13.385, 1248.0], [13.384, 373.0], [13.383, 166.0], [13.382, 668.0], [13.381, 267.0], [13.38, 1250.0], [13.379, 1165.0], [13.378, 1077.0], [13.377, 1363.0], [13.376, 1478.0], [13.375, 1192.0], [13.374, 1020.0], [13.373, 870.0], [13.372, 1226.0], [13.371, 1125.0], [13.37, 948.0], [13.369, 973.0], [13.368, 1279.0], [13.367, 2789.0], [13.366, 1207.0]], "asks": [[13.386, 1985.0], [13.387, 310.0], [13.388, 1340.0], [13.389, 5050.0], [13.39, 723.0], [13.391, 952.0], [13.392, 914.0], [13.393, 697.0], [13.394, 1270.0], [13.395, 2305.0], [13.396, 907.0], [13.397, 953.0], [13.398, 1266.0], [13.399, 853.0], [13.4, 1991.0], [13.401, 1713.0], [13.402, 796.0], [13.403, 1479.0], [13.404, 2348.0], [13.405, 1014.0]], "timestamp": "2025-12-13T09:43:46.930578+00:00"}, {"symbol": "AVAXUSDT", "bids": [[13.383, 16.0], [13.382, 276.0], [13.381, 259.0], [13.38, 665.0], [13.379, 524.0], [13.378, 711.0], [13.377, 1577.0], [13.376, 1343.0], [13.375, 976.0], [13.374, 1156.0], [13.373, 1168.0], [13.372, 1454.0], [13.371, 867.0], [13.37, 975.0], [13.369, 1272.0], [13.368, 1882.0], [13.367, 2322.0], [13.366, 1058.0], [13.365, 1801.0], [13.364, 949.0]], "asks": [[13.384, 1938.0], [13.385, 5028.0], [13.386, 1478.0], [13.387, 752.0], [13.388, 1698.0], [13.389, 921.0], [13.39, 1100.0], [13.391, 831.0], [13.392, 686.0], [13.393, 627.0], [13.394, 662.0], [13.395, 1469.0], [13.396, 1280.0], [13.397, 1024.0], [13.398, 1641.0], [13.399, 2256.0], [13.4, 1894.0], [13.401, 930.0], [13.402, 1058.0], [13.403, 1768.0]], "timestamp": "2025-12-13T09:44:40.845437+00:00"}, {"symbol": "AVAXUSDT", "bids": [[13.383, 824.0], [13.382, 894.0], [13.381, 305.0], [13.38, 380.0], [13.379, 567.0], [13.378, 954.0], [13.377, 1449.0], [13.376, 1725.0], [13.375, 1048.0], [13.374, 1179.0], [13.373, 1242.0], [13.372, 1247.0], [13.371, 834.0], [13.37, 1113.0], [13.369, 1974.0], [13.368, 976.0], [13.367, 830.0], [13.366, 1584.0], [13.365, 2180.0], [13.364, 2059.0]], "asks": [[13.384, 1084.0], [13.385, 853.0], [13.386, 4981.0], [13.387, 1404.0], [13.388, 868.0], [13.389, 943.0], [13.39, 1149.0], [13.391, 785.0], [13.392, 1228.0], [13.393, 1626.0], [13.394, 566.0], [13.395, 784.0], [13.396, 964.0], [13.397, 1700.0], [13.398, 2018.0], [13.399, 2495.0], [13.4, 2757.0], [13.401, 1062.0], [13.402, 1468.0], [13.403, 1325.0]], "timestamp": "2025-12-13T09:45:34.914167+00:00"}, {"symbol": "AVAXUSDT", "bids": [[13.382, 173.0], [13.381, 301.0], [13.38, 609.0], [13.379, 430.0], [13.378, 699.0], [13.377, 1242.0], [13.376, 1734.0], [13.375, 1010.0], [13.374, 1044.0], [13.373, 1381.0], [13.372, 1077.0], [13.371, 913.0], [13.37, 1212.0], [13.369, 1975.0], [13.368, 1037.0], [13.367, 1051.0], [13.366, 1548.0], [13.365, 2697.0], [13.364, 1396.0], [13.363, 785.0]], "asks": [[13.383, 804.0], [13.384, 416.0], [13.385, 1105.0], [13.386, 4965.0], [13.387, 1402.0], [13.388, 1553.0], [13.389, 1344.0], [13.39, 843.0], [13.391, 890.0], [13.392, 1108.0], [13.393, 1318.0], [13.394, 1013.0], [13.395, 988.0], [13.396, 1082.0], [13.397, 2116.0], [13.398, 1733.0], [13.399, 1351.0], [13.4, 2228.0], [13.401, 1062.0], [13.402, 1691.0]], "timestamp": "2025-12-13T09:46:29.185634+00:00"}, {"symbol": "AVAXUSDT", "bids": [[13.378, 445.0], [13.377, 66.0], [13.376, 282.0], [13.375, 236.0], [13.374, 425.0], [13.373, 1016.0], [13.372, 1370.0], [13.371, 887.0], [13.37, 934.0], [13.369, 1521.0], [13.368, 918.0], [13.367, 1111.0], [13.366, 863.0], [13.365, 1146.0], [13.364, 2275.0], [13.363, 1373.0], [13.362, 915.0], [13.361, 1650.0], [13.36, 2297.0], [13.359, 785.0]], "asks": [[13.379, 988.0], [13.38, 1150.0], [13.381, 1178.0], [13.382, 709.0], [13.383, 1225.0], [13.384, 1522.0], [13.385, 1227.0], [13.386, 2684.0], [13.387, 2248.0], [13.388, 1277.0], [13.389, 1681.0], [13.39, 867.0], [13.391, 1067.0], [13.392, 613.0], [13.393, 1259.0], [13.394, 2023.0], [13.395, 2338.0], [13.396, 1496.0], [13.397, 1547.0], [13.398, 910.0]], "timestamp": "2025-12-13T09:47:23.355668+00:00"}, {"symbol": "AVAXUSDT", "bids": [[13.376, 625.0], [13.375, 194.0], [13.374, 288.0], [13.373, 271.0], [13.372, 610.0], [13.371, 927.0], [13.37, 1106.0], [13.369, 1055.0], [13.368, 1383.0], [13.367, 1122.0], [13.366, 1016.0], [13.365, 1079.0], [13.364, 1334.0], [13.363, 929.0], [13.362, 1429.0], [13.361, 1538.0], [13.36, 2380.0], [13.359, 1319.0], [13.358, 1538.0], [13.357, 1395.0]], "asks": [[13.377, 763.0], [13.378, 329.0], [13.379, 448.0], [13.38, 1520.0], [13.381, 261.0], [13.382, 1740.0], [13.383, 1599.0], [13.384, 1466.0], [13.385, 1452.0], [13.386, 2835.0], [13.387, 2159.0], [13.388, 2118.0], [13.389, 1574.0], [13.39, 793.0], [13.391, 1961.0], [13.392, 1332.0], [13.393, 814.0], [13.394, 1048.0], [13.395, 1350.0], [13.396, 1319.0]], "timestamp": "2025-12-13T09:48:17.219110+00:00"}, {"symbol": "AVAXUSDT", "bids": [[13.382, 805.0], [13.381, 1298.0], [13.38, 960.0], [13.379, 872.0], [13.378, 1922.0], [13.377, 930.0], [13.376, 1032.0], [13.375, 657.0], [13.374, 676.0], [13.373, 1343.0], [13.372, 844.0], [13.371, 715.0], [13.37, 983.0], [13.369, 1134.0], [13.368, 1282.0], [13.367, 1153.0], [13.366, 1314.0], [13.365, 2109.0], [13.364, 1171.0], [13.363, 1005.0]], "asks": [[13.383, 85.0], [13.384, 551.0], [13.385, 992.0], [13.386, 2546.0], [13.387, 1552.0], [13.388, 1129.0], [13.389, 828.0], [13.39, 911.0], [13.391, 1214.0], [13.392, 1267.0], [13.393, 1058.0], [13.394, 1011.0], [13.395, 1157.0], [13.396, 1407.0], [13.397, 2331.0], [13.398, 1335.0], [13.399, 1109.0], [13.4, 1017.0], [13.401, 1337.0], [13.402, 1997.0]], "timestamp": "2025-12-13T09:49:10.980105+00:00"}, {"symbol": "AVAXUSDT", "bids": [[13.381, 927.0], [13.38, 865.0], [13.379, 917.0], [13.378, 1098.0], [13.377, 318.0], [13.376, 667.0], [13.375, 588.0], [13.374, 815.0], [13.373, 1115.0], [13.372, 801.0], [13.371, 719.0], [13.37, 1064.0], [13.369, 1092.0], [13.368, 1370.0], [13.367, 1017.0], [13.366, 782.0], [13.365, 1559.0], [13.364, 1315.0], [13.363, 2115.0], [13.362, 1927.0]], "asks": [[13.382, 118.0], [13.383, 222.0], [13.384, 1094.0], [13.385, 1084.0], [13.386, 1876.0], [13.387, 1961.0], [13.388, 1200.0], [13.389, 1455.0], [13.39, 1664.0], [13.391, 1979.0], [13.392, 1733.0], [13.393, 1253.0], [13.394, 1316.0], [13.395, 2258.0], [13.396, 1690.0], [13.397, 1273.0], [13.398, 964.0], [13.399, 1241.0], [13.4, 1185.0], [13.401, 1039.0]], "timestamp": "2025-12-13T09:50:05.047552+00:00"}, {"symbol": "AVAXUSDT", "bids": [[13.393, 272.0], [13.392, 577.0], [13.391, 1085.0], [13.39, 358.0], [13.389, 600.0], [13.388, 549.0], [13.387, 1231.0], [13.386, 1935.0], [13.385, 1566.0], [13.384, 1157.0], [13.383, 1295.0], [13.382, 473.0], [13.381, 770.0], [13.38, 957.0], [13.379, 603.0], [13.378, 983.0], [13.377, 1144.0], [13.376, 1393.0], [13.375, 1337.0], [13.374, 2495.0]], "asks": [[13.394, 449.0], [13.395, 364.0], [13.396, 309.0], [13.397, 1151.0], [13.398, 575.0], [13.399, 847.0], [13.4, 1044.0], [13.401, 1004.0], [13.402, 1908.0], [13.403, 1021.0], [13.404, 1690.0], [13.405, 1529.0], [13.406, 848.0], [13.407, 961.0], [13.408, 1097.0], [13.409, 1109.0], [13.41, 2568.0], [13.411, 1535.0], [13.412, 2462.0], [13.413, 2662.0]], "timestamp": "2025-12-13T09:50:58.603528+00:00"}, {"symbol": "AVAXUSDT", "bids": [[13.389, 408.0], [13.388, 351.0], [13.387, 1104.0], [13.386, 1211.0], [13.385, 1463.0], [13.384, 1469.0], [13.383, 1351.0], [13.382, 431.0], [13.381, 716.0], [13.38, 958.0], [13.379, 920.0], [13.378, 1356.0], [13.377, 1070.0], [13.376, 1157.0], [13.375, 1256.0], [13.374, 1446.0], [13.373, 1141.0], [13.372, 1278.0], [13.371, 722.0], [13.37, 1347.0]], "asks": [[13.39, 224.0], [13.391, 816.0], [13.392, 1105.0], [13.393, 860.0], [13.394, 889.0], [13.395, 915.0], [13.396, 949.0], [13.397, 1470.0], [13.398, 1447.0], [13.399, 1704.0], [13.4, 1246.0], [13.401, 1171.0], [13.402, 1176.0], [13.403, 1499.0], [13.404, 2216.0], [13.405, 1273.0], [13.406, 903.0], [13.407, 1952.0], [13.408, 621.0], [13.409, 870.0]], "timestamp": "2025-12-13T09:51:53.080827+00:00"}, {"symbol": "AVAXUSDT", "bids": [[13.381, 858.0], [13.38, 640.0], [13.379, 117.0], [13.378, 324.0], [13.377, 700.0], [13.376, 628.0], [13.375, 898.0], [13.374, 791.0], [13.373, 562.0], [13.372, 926.0], [13.371, 641.0], [13.37, 580.0], [13.369, 836.0], [13.368, 1247.0], [13.367, 1104.0], [13.366, 2148.0], [13.365, 1066.0], [13.364, 1104.0], [13.363, 1526.0], [13.362, 561.0]], "asks": [[13.382, 561.0], [13.383, 949.0], [13.384, 768.0], [13.385, 1122.0], [13.386, 1281.0], [13.387, 2319.0], [13.388, 1428.0], [13.389, 2161.0], [13.39, 2394.0], [13.391, 2103.0], [13.392, 1760.0], [13.393, 1226.0], [13.394, 1041.0], [13.395, 1109.0], [13.396, 1243.0], [13.397, 1133.0], [13.398, 1003.0], [13.399, 1222.0], [13.4, 2330.0], [13.401, 2353.0]], "timestamp": "2025-12-13T09:52:47.148950+00:00"}, {"symbol": "AVAXUSDT", "bids": [[13.38, 499.0], [13.379, 77.0], [13.378, 151.0], [13.377, 381.0], [13.376, 440.0], [13.375, 744.0], [13.374, 681.0], [13.373, 595.0], [13.372, 1394.0], [13.371, 607.0], [13.37, 961.0], [13.369, 1226.0], [13.368, 1711.0], [13.367, 1380.0], [13.366, 2050.0], [13.365, 1400.0], [13.364, 911.0], [13.363, 1639.0], [13.362, 1053.0], [13.361, 2249.0]], "asks": [[13.381, 612.0], [13.382, 772.0], [13.383, 808.0], [13.384, 998.0], [13.385, 1076.0], [13.386, 1293.0], [13.387, 2278.0], [13.388, 1511.0], [13.389, 2559.0], [13.39, 1916.0], [13.391, 617.0], [13.392, 1177.0], [13.393, 1414.0], [13.394, 1307.0], [13.395, 2086.0], [13.396, 1546.0], [13.397, 1126.0], [13.398, 1817.0], [13.399, 939.0], [13.4, 821.0]], "timestamp": "2025-12-13T09:53:41.626359+00:00"}, {"symbol": "AVAXUSDT", "bids": [[13.376, 547.0], [13.375, 115.0], [13.374, 312.0], [13.373, 559.0], [13.372, 737.0], [13.371, 1109.0], [13.37, 1123.0], [13.369, 1412.0], [13.368, 1423.0], [13.367, 1933.0], [13.366, 1092.0], [13.365, 957.0], [13.364, 600.0], [13.363, 1186.0], [13.362, 1721.0], [13.361, 1090.0], [13.36, 849.0], [13.359, 843.0], [13.358, 1452.0], [13.357, 2481.0]], "asks": [[13.377, 349.0], [13.378, 338.0], [13.379, 1247.0], [13.38, 593.0], [13.381, 1028.0], [13.382, 1506.0], [13.383, 857.0], [13.384, 1256.0], [13.385, 1313.0], [13.386, 1209.0], [13.387, 1971.0], [13.388, 1448.0], [13.389, 706.0], [13.39, 1078.0], [13.391, 1101.0], [13.392, 1435.0], [13.393, 2408.0], [13.394, 1464.0], [13.395, 1831.0], [13.396, 1528.0]], "timestamp": "2025-12-13T09:54:35.694840+00:00"}, {"symbol": "AVAXUSDT", "bids": [[13.376, 26.0], [13.375, 174.0], [13.374, 248.0], [13.373, 466.0], [13.372, 384.0], [13.371, 885.0], [13.37, 1036.0], [13.369, 1600.0], [13.368, 1094.0], [13.367, 1437.0], [13.366, 1320.0], [13.365, 902.0], [13.364, 1058.0], [13.363, 1604.0], [13.362, 1348.0], [13.361, 1151.0], [13.36, 1146.0], [13.359, 1218.0], [13.358, 1146.0], [13.357, 2056.0]], "asks": [[13.377, 572.0], [13.378, 460.0], [13.379, 454.0], [13.38, 789.0], [13.381, 920.0], [13.382, 1360.0], [13.383, 937.0], [13.384, 1062.0], [13.385, 1516.0], [13.386, 1383.0], [13.387, 2119.0], [13.388, 995.0], [13.389, 724.0], [13.39, 1114.0], [13.391, 852.0], [13.392, 2629.0], [13.393, 1592.0], [13.394, 1464.0], [13.395, 1727.0], [13.396, 977.0]], "timestamp": "2025-12-13T09:55:30.084807+00:00"}, {"symbol": "AVAXUSDT", "bids": [[13.376, 469.0], [13.375, 180.0], [13.374, 1013.0], [13.373, 821.0], [13.372, 1163.0], [13.371, 902.0], [13.37, 1079.0], [13.369, 1653.0], [13.368, 988.0], [13.367, 1052.0], [13.366, 943.0], [13.365, 1037.0], [13.364, 1259.0], [13.363, 941.0], [13.362, 1195.0], [13.361, 526.0], [13.36, 1254.0], [13.359, 2143.0], [13.358, 967.0], [13.357, 1793.0]], "asks": [[13.377, 6.0], [13.378, 159.0], [13.379, 366.0], [13.38, 1000.0], [13.381, 1048.0], [13.382, 1180.0], [13.383, 607.0], [13.384, 955.0], [13.385, 1010.0], [13.386, 932.0], [13.387, 1636.0], [13.388, 1719.0], [13.389, 1274.0], [13.39, 1231.0], [13.391, 1027.0], [13.392, 1623.0], [13.393, 2805.0], [13.394, 1587.0], [13.395, 1118.0], [13.396, 685.0]], "timestamp": "2025-12-13T09:56:23.625531+00:00"}, {"symbol": "AVAXUSDT", "bids": [[13.379, 80.0], [13.378, 57.0], [13.377, 402.0], [13.376, 533.0], [13.375, 1332.0], [13.374, 1287.0], [13.373, 670.0], [13.372, 721.0], [13.371, 629.0], [13.37, 805.0], [13.369, 771.0], [13.368, 936.0], [13.367, 830.0], [13.366, 980.0], [13.365, 1779.0], [13.364, 1037.0], [13.363, 1192.0], [13.362, 1084.0], [13.361, 1682.0], [13.36, 1443.0]], "asks": [[13.38, 709.0], [13.381, 875.0], [13.382, 1435.0], [13.383, 1179.0], [13.384, 761.0], [13.385, 787.0], [13.386, 782.0], [13.387, 1185.0], [13.388, 933.0], [13.389, 1144.0], [13.39, 1976.0], [13.391, 1894.0], [13.392, 1628.0], [13.393, 1416.0], [13.394, 2387.0], [13.395, 656.0], [13.396, 900.0], [13.397, 1903.0], [13.398, 782.0], [13.399, 944.0]], "timestamp": "2025-12-13T09:57:16.873820+00:00"}, {"symbol": "AVAXUSDT", "bids": [[13.375, 421.0], [13.374, 293.0], [13.373, 509.0], [13.372, 408.0], [13.371, 643.0], [13.37, 1014.0], [13.369, 987.0], [13.368, 834.0], [13.367, 1054.0], [13.366, 1249.0], [13.365, 1278.0], [13.364, 719.0], [13.363, 832.0], [13.362, 1150.0], [13.361, 1021.0], [13.36, 970.0], [13.359, 1014.0], [13.358, 1271.0], [13.357, 3113.0], [13.356, 1305.0]], "asks": [[13.376, 237.0], [13.377, 382.0], [13.378, 320.0], [13.379, 724.0], [13.38, 1005.0], [13.381, 1995.0], [13.382, 1317.0], [13.383, 499.0], [13.384, 1072.0], [13.385, 1157.0], [13.386, 3738.0], [13.387, 2199.0], [13.388, 1140.0], [13.389, 732.0], [13.39, 1658.0], [13.391, 2561.0], [13.392, 803.0], [13.393, 1321.0], [13.394, 1158.0], [13.395, 628.0]], "timestamp": "2025-12-13T09:58:11.044156+00:00"}, {"symbol": "AVAXUSDT", "bids": [[13.374, 257.0], [13.373, 150.0], [13.372, 439.0], [13.371, 240.0], [13.37, 788.0], [13.369, 764.0], [13.368, 909.0], [13.367, 1118.0], [13.366, 1154.0], [13.365, 960.0], [13.364, 839.0], [13.363, 883.0], [13.362, 1202.0], [13.361, 1087.0], [13.36, 930.0], [13.359, 1251.0], [13.358, 1553.0], [13.357, 2634.0], [13.356, 1414.0], [13.355, 1162.0]], "asks": [[13.375, 1225.0], [13.376, 409.0], [13.377, 957.0], [13.378, 1052.0], [13.379, 792.0], [13.38, 730.0], [13.381, 1841.0], [13.382, 1230.0], [13.383, 930.0], [13.384, 3916.0], [13.385, 740.0], [13.386, 1452.0], [13.387, 1401.0], [13.388, 1588.0], [13.389, 2386.0], [13.39, 1284.0], [13.391, 1895.0], [13.392, 708.0], [13.393, 935.0], [13.394, 905.0]], "timestamp": "2025-12-13T09:59:05.521772+00:00"}, {"symbol": "AVAXUSDT", "bids": [[13.375, 1014.0], [13.374, 322.0], [13.373, 189.0], [13.372, 258.0], [13.371, 417.0], [13.37, 826.0], [13.369, 838.0], [13.368, 984.0], [13.367, 1051.0], [13.366, 1216.0], [13.365, 960.0], [13.364, 849.0], [13.363, 882.0], [13.362, 995.0], [13.361, 1087.0], [13.36, 930.0], [13.359, 1251.0], [13.358, 1553.0], [13.357, 2634.0], [13.356, 1892.0]], "asks": [[13.376, 339.0], [13.377, 275.0], [13.378, 655.0], [13.379, 818.0], [13.38, 1068.0], [13.381, 1752.0], [13.382, 1317.0], [13.383, 1048.0], [13.384, 3418.0], [13.385, 676.0], [13.386, 1479.0], [13.387, 1342.0], [13.388, 2175.0], [13.389, 3083.0], [13.39, 1293.0], [13.391, 1243.0], [13.392, 708.0], [13.393, 802.0], [13.394, 673.0], [13.395, 991.0]], "timestamp": "2025-12-13T09:59:59.350664+00:00"}, {"symbol": "AVAXUSDT", "bids": [[13.37, 641.0], [13.369, 340.0], [13.368, 268.0], [13.367, 354.0], [13.366, 458.0], [13.365, 1189.0], [13.364, 627.0], [13.363, 493.0], [13.362, 658.0], [13.361, 531.0], [13.36, 849.0], [13.359, 830.0], [13.358, 1161.0], [13.357, 1257.0], [13.356, 986.0], [13.355, 1263.0], [13.354, 932.0], [13.353, 1511.0], [13.352, 914.0], [13.351, 1801.0]], "asks": [[13.371, 550.0], [13.372, 239.0], [13.373, 508.0], [13.374, 1067.0], [13.375, 1450.0], [13.376, 1501.0], [13.377, 2083.0], [13.378, 1582.0], [13.379, 1995.0], [13.38, 1721.0], [13.381, 882.0], [13.382, 880.0], [13.383, 933.0], [13.384, 1256.0], [13.385, 2885.0], [13.386, 678.0], [13.387, 1125.0], [13.388, 1784.0], [13.389, 1765.0], [13.39, 1496.0]], "timestamp": "2025-12-13T10:00:53.554683+00:00"}, {"symbol": "AVAXUSDT", "bids": [[13.377, 764.0], [13.376, 292.0], [13.375, 613.0], [13.374, 1237.0], [13.373, 456.0], [13.372, 979.0], [13.371, 1542.0], [13.37, 782.0], [13.369, 851.0], [13.368, 597.0], [13.367, 814.0], [13.366, 968.0], [13.365, 1451.0], [13.364, 913.0], [13.363, 576.0], [13.362, 636.0], [13.361, 1469.0], [13.36, 2350.0], [13.359, 1463.0], [13.358, 945.0]], "asks": [[13.378, 711.0], [13.379, 621.0], [13.38, 1603.0], [13.381, 5109.0], [13.382, 640.0], [13.383, 462.0], [13.384, 1097.0], [13.385, 882.0], [13.386, 2041.0], [13.387, 1604.0], [13.388, 1868.0], [13.389, 1331.0], [13.39, 856.0], [13.391, 1658.0], [13.392, 2581.0], [13.393, 564.0], [13.394, 677.0], [13.395, 599.0], [13.396, 687.0], [13.397, 1377.0]], "timestamp": "2025-12-13T10:01:48.032434+00:00"}, {"symbol": "AVAXUSDT", "bids": [[13.378, 1201.0], [13.377, 1140.0], [13.376, 1973.0], [13.375, 937.0], [13.374, 481.0], [13.373, 954.0], [13.372, 1357.0], [13.371, 1592.0], [13.37, 1168.0], [13.369, 937.0], [13.368, 700.0], [13.367, 1003.0], [13.366, 908.0], [13.365, 777.0], [13.364, 1120.0], [13.363, 1025.0], [13.362, 872.0], [13.361, 1595.0], [13.36, 2666.0], [13.359, 774.0]], "asks": [[13.379, 182.0], [13.38, 65.0], [13.381, 272.0], [13.382, 833.0], [13.383, 620.0], [13.384, 1593.0], [13.385, 2037.0], [13.386, 4860.0], [13.387, 1763.0], [13.388, 2174.0], [13.389, 835.0], [13.39, 852.0], [13.391, 1512.0], [13.392, 3356.0], [13.393, 554.0], [13.394, 599.0], [13.395, 754.0], [13.396, 646.0], [13.397, 634.0], [13.398, 912.0]], "timestamp": "2025-12-13T10:02:41.997989+00:00"}, {"symbol": "AVAXUSDT", "bids": [[13.379, 512.0], [13.378, 362.0], [13.377, 1375.0], [13.376, 1475.0], [13.375, 190.0], [13.374, 693.0], [13.373, 697.0], [13.372, 782.0], [13.371, 675.0], [13.37, 1181.0], [13.369, 904.0], [13.368, 1136.0], [13.367, 1136.0], [13.366, 1645.0], [13.365, 755.0], [13.364, 1075.0], [13.363, 1206.0], [13.362, 2416.0], [13.361, 1704.0], [13.36, 1001.0]], "asks": [[13.38, 281.0], [13.381, 966.0], [13.382, 1591.0], [13.383, 1047.0], [13.384, 831.0], [13.385, 897.0], [13.386, 594.0], [13.387, 1519.0], [13.388, 917.0], [13.389, 715.0], [13.39, 1363.0], [13.391, 1862.0], [13.392, 2452.0], [13.393, 4245.0], [13.394, 1016.0], [13.395, 1913.0], [13.396, 1459.0], [13.397, 501.0], [13.398, 908.0], [13.399, 2544.0]], "timestamp": "2025-12-13T10:03:36.786660+00:00"}, {"symbol": "AVAXUSDT", "bids": [[13.379, 768.0], [13.378, 417.0], [13.377, 1122.0], [13.376, 1712.0], [13.375, 157.0], [13.374, 693.0], [13.373, 699.0], [13.372, 689.0], [13.371, 787.0], [13.37, 1181.0], [13.369, 899.0], [13.368, 876.0], [13.367, 1142.0], [13.366, 1477.0], [13.365, 754.0], [13.364, 948.0], [13.363, 1359.0], [13.362, 2510.0], [13.361, 1506.0], [13.36, 1003.0]], "asks": [[13.38, 436.0], [13.381, 214.0], [13.382, 1061.0], [13.383, 900.0], [13.384, 884.0], [13.385, 873.0], [13.386, 706.0], [13.387, 1417.0], [13.388, 915.0], [13.389, 1370.0], [13.39, 4953.0], [13.391, 1862.0], [13.392, 2115.0], [13.393, 1888.0], [13.394, 1007.0], [13.395, 1852.0], [13.396, 1088.0], [13.397, 501.0], [13.398, 1036.0], [13.399, 2544.0]], "timestamp": "2025-12-13T10:04:31.567698+00:00"}, {"symbol": "AVAXUSDT", "bids": [[13.375, 678.0], [13.374, 456.0], [13.373, 885.0], [13.372, 528.0], [13.371, 403.0], [13.37, 1061.0], [13.369, 931.0], [13.368, 744.0], [13.367, 1031.0], [13.366, 1031.0], [13.365, 953.0], [13.364, 1021.0], [13.363, 1632.0], [13.362, 970.0], [13.361, 1085.0], [13.36, 1605.0], [13.359, 2188.0], [13.358, 900.0], [13.357, 1285.0], [13.356, 1743.0]], "asks": [[13.376, 2409.0], [13.377, 178.0], [13.378, 697.0], [13.379, 1361.0], [13.38, 529.0], [13.381, 923.0], [13.382, 1599.0], [13.383, 1059.0], [13.384, 1699.0], [13.385, 3237.0], [13.386, 7618.0], [13.387, 1567.0], [13.388, 1059.0], [13.389, 872.0], [13.39, 1413.0], [13.391, 2362.0], [13.392, 1842.0], [13.393, 1405.0], [13.394, 721.0], [13.395, 744.0]], "timestamp": "2025-12-13T10:05:25.847881+00:00"}, {"symbol": "AVAXUSDT", "bids": [[13.376, 946.0], [13.375, 408.0], [13.374, 629.0], [13.373, 340.0], [13.372, 322.0], [13.371, 741.0], [13.37, 930.0], [13.369, 1065.0], [13.368, 734.0], [13.367, 1004.0], [13.366, 1133.0], [13.365, 1332.0], [13.364, 1355.0], [13.363, 1648.0], [13.362, 963.0], [13.361, 971.0], [13.36, 1686.0], [13.359, 1872.0], [13.358, 900.0], [13.357, 1369.0]], "asks": [[13.377, 649.0], [13.378, 272.0], [13.379, 870.0], [13.38, 710.0], [13.381, 538.0], [13.382, 1865.0], [13.383, 1312.0], [13.384, 2413.0], [13.385, 8124.0], [13.386, 1573.0], [13.387, 2412.0], [13.388, 962.0], [13.389, 941.0], [13.39, 1585.0], [13.391, 3028.0], [13.392, 2286.0], [13.393, 634.0], [13.394, 499.0], [13.395, 774.0], [13.396, 771.0]], "timestamp": "2025-12-13T10:06:19.600794+00:00"}, {"symbol": "AVAXUSDT", "bids": [[13.379, 312.0], [13.378, 294.0], [13.377, 821.0], [13.376, 897.0], [13.375, 1832.0], [13.374, 1152.0], [13.373, 1068.0], [13.372, 754.0], [13.371, 764.0], [13.37, 1201.0], [13.369, 664.0], [13.368, 883.0], [13.367, 965.0], [13.366, 1378.0], [13.365, 1138.0], [13.364, 1290.0], [13.363, 2147.0], [13.362, 2078.0], [13.361, 1040.0], [13.36, 1107.0]], "asks": [[13.38, 398.0], [13.381, 371.0], [13.382, 1233.0], [13.383, 768.0], [13.384, 921.0], [13.385, 1468.0], [13.386, 1401.0], [13.387, 2119.0], [13.388, 4872.0], [13.389, 1171.0], [13.39, 1322.0], [13.391, 1977.0], [13.392, 1969.0], [13.393, 1563.0], [13.394, 721.0], [13.395, 1479.0], [13.396, 631.0], [13.397, 591.0], [13.398, 1290.0], [13.399, 2596.0]], "timestamp": "2025-12-13T10:07:13.771295+00:00"}, {"symbol": "AVAXUSDT", "bids": [[13.368, 568.0], [13.367, 181.0], [13.366, 214.0], [13.365, 509.0], [13.364, 463.0], [13.363, 393.0], [13.362, 958.0], [13.361, 573.0], [13.36, 1152.0], [13.359, 633.0], [13.358, 1103.0], [13.357, 1159.0], [13.356, 1475.0], [13.355, 1148.0], [13.354, 1564.0], [13.353, 1423.0], [13.352, 1434.0], [13.351, 2028.0], [13.35, 1317.0], [13.349, 1315.0]], "asks": [[13.369, 763.0], [13.37, 388.0], [13.371, 1100.0], [13.372, 1503.0], [13.373, 1476.0], [13.374, 1844.0], [13.375, 1632.0], [13.376, 1593.0], [13.377, 3392.0], [13.378, 9809.0], [13.379, 1705.0], [13.38, 1985.0], [13.381, 866.0], [13.382, 835.0], [13.383, 999.0], [13.384, 2279.0], [13.385, 650.0], [13.386, 928.0], [13.387, 958.0], [13.388, 521.0]], "timestamp": "2025-12-13T10:08:08.023154+00:00"}, {"symbol": "AVAXUSDT", "bids": [[13.365, 486.0], [13.364, 4089.0], [13.363, 372.0], [13.362, 611.0], [13.361, 372.0], [13.36, 1132.0], [13.359, 919.0], [13.358, 1082.0], [13.357, 1177.0], [13.356, 1216.0], [13.355, 425.0], [13.354, 887.0], [13.353, 1020.0], [13.352, 1422.0], [13.351, 1049.0], [13.35, 1077.0], [13.349, 2176.0], [13.348, 720.0], [13.347, 1543.0], [13.346, 490.0]], "asks": [[13.366, 399.0], [13.367, 328.0], [13.368, 133.0], [13.369, 848.0], [13.37, 1015.0], [13.371, 1578.0], [13.372, 1934.0], [13.373, 1620.0], [13.374, 1965.0], [13.375, 1227.0], [13.376, 886.0], [13.377, 1482.0], [13.378, 2083.0], [13.379, 2083.0], [13.38, 2125.0], [13.381, 1405.0], [13.382, 1631.0], [13.383, 1004.0], [13.384, 608.0], [13.385, 648.0]], "timestamp": "2025-12-13T10:09:02.828597+00:00"}, {"symbol": "AVAXUSDT", "bids": [[13.362, 24.0], [13.361, 1543.0], [13.36, 5480.0], [13.359, 480.0], [13.358, 686.0], [13.357, 819.0], [13.356, 938.0], [13.355, 835.0], [13.354, 716.0], [13.353, 986.0], [13.352, 1333.0], [13.351, 494.0], [13.35, 742.0], [13.349, 521.0], [13.348, 991.0], [13.347, 1093.0], [13.346, 716.0], [13.345, 1890.0], [13.344, 1642.0], [13.343, 2391.0]], "asks": [[13.363, 1210.0], [13.364, 1368.0], [13.365, 922.0], [13.366, 480.0], [13.367, 544.0], [13.368, 895.0], [13.369, 1177.0], [13.37, 1644.0], [13.371, 2388.0], [13.372, 2527.0], [13.373, 902.0], [13.374, 1641.0], [13.375, 4693.0], [13.376, 597.0], [13.377, 787.0], [13.378, 2427.0], [13.379, 3140.0], [13.38, 2390.0], [13.381, 1136.0], [13.382, 715.0]], "timestamp": "2025-12-13T10:09:56.897484+00:00"}, {"symbol": "AVAXUSDT", "bids": [[13.36, 303.0], [13.359, 1207.0], [13.358, 5737.0], [13.357, 495.0], [13.356, 711.0], [13.355, 973.0], [13.354, 603.0], [13.353, 461.0], [13.352, 780.0], [13.351, 474.0], [13.35, 811.0], [13.349, 940.0], [13.348, 970.0], [13.347, 1336.0], [13.346, 831.0], [13.345, 972.0], [13.344, 1302.0], [13.343, 2386.0], [13.342, 925.0], [13.341, 1443.0]], "asks": [[13.361, 1362.0], [13.362, 2225.0], [13.363, 641.0], [13.364, 1137.0], [13.365, 850.0], [13.366, 1297.0], [13.367, 1124.0], [13.368, 1013.0], [13.369, 1143.0], [13.37, 1441.0], [13.371, 1461.0], [13.372, 2870.0], [13.373, 651.0], [13.374, 1160.0], [13.375, 1259.0], [13.376, 2206.0], [13.377, 1126.0], [13.378, 1388.0], [13.379, 2329.0], [13.38, 1826.0]], "timestamp": "2025-12-13T10:10:51.477237+00:00"}, {"symbol": "AVAXUSDT", "bids": [[13.355, 53.0], [13.354, 189.0], [13.353, 253.0], [13.352, 1152.0], [13.351, 818.0], [13.35, 757.0], [13.349, 428.0], [13.348, 788.0], [13.347, 693.0], [13.346, 903.0], [13.345, 660.0], [13.344, 1060.0], [13.343, 646.0], [13.342, 1404.0], [13.341, 1597.0], [13.34, 1323.0], [13.339, 1025.0], [13.338, 984.0], [13.337, 1229.0], [13.336, 1024.0]], "asks": [[13.356, 1873.0], [13.357, 1951.0], [13.358, 2123.0], [13.359, 1291.0], [13.36, 1621.0], [13.361, 1744.0], [13.362, 480.0], [13.363, 1375.0], [13.364, 1414.0], [13.365, 1796.0], [13.366, 1371.0], [13.367, 1597.0], [13.368, 1684.0], [13.369, 2338.0], [13.37, 1702.0], [13.371, 2335.0], [13.372, 1350.0], [13.373, 1172.0], [13.374, 1157.0], [13.375, 1345.0]], "timestamp": "2025-12-13T10:11:44.930032+00:00"}, {"symbol": "AVAXUSDT", "bids": [[13.351, 266.0], [13.35, 64.0], [13.349, 1039.0], [13.348, 4361.0], [13.347, 189.0], [13.346, 900.0], [13.345, 689.0], [13.344, 746.0], [13.343, 940.0], [13.342, 1034.0], [13.341, 1011.0], [13.34, 877.0], [13.339, 801.0], [13.338, 1685.0], [13.337, 1646.0], [13.336, 1823.0], [13.335, 800.0], [13.334, 1131.0], [13.333, 2425.0], [13.332, 1066.0]], "asks": [[13.352, 669.0], [13.353, 760.0], [13.354, 1344.0], [13.355, 673.0], [13.356, 1351.0], [13.357, 1583.0], [13.358, 2937.0], [13.359, 2970.0], [13.36, 3486.0], [13.361, 3127.0], [13.362, 1564.0], [13.363, 2296.0], [13.364, 1467.0], [13.365, 1901.0], [13.366, 1074.0], [13.367, 1660.0], [13.368, 1517.0], [13.369, 1378.0], [13.37, 1784.0], [13.371, 3069.0]], "timestamp": "2025-12-13T10:12:38.722188+00:00"}, {"symbol": "AVAXUSDT", "bids": [[13.35, 430.0], [13.349, 134.0], [13.348, 1293.0], [13.347, 4972.0], [13.346, 726.0], [13.345, 895.0], [13.344, 542.0], [13.343, 671.0], [13.342, 1309.0], [13.341, 813.0], [13.34, 1373.0], [13.339, 946.0], [13.338, 1393.0], [13.337, 1538.0], [13.336, 1690.0], [13.335, 1254.0], [13.334, 1105.0], [13.333, 1422.0], [13.332, 1469.0], [13.331, 1513.0]], "asks": [[13.351, 582.0], [13.352, 84.0], [13.353, 884.0], [13.354, 1118.0], [13.355, 1325.0], [13.356, 1686.0], [13.357, 2149.0], [13.358, 2594.0], [13.359, 2932.0], [13.36, 2645.0], [13.361, 1218.0], [13.362, 1282.0], [13.363, 2169.0], [13.364, 2020.0], [13.365, 1953.0], [13.366, 1050.0], [13.367, 899.0], [13.368, 944.0], [13.369, 1390.0], [13.37, 2759.0]], "timestamp": "2025-12-13T10:13:33.577647+00:00"}, {"symbol": "AVAXUSDT", "bids": [[13.349, 281.0], [13.348, 992.0], [13.347, 5068.0], [13.346, 694.0], [13.345, 621.0], [13.344, 542.0], [13.343, 627.0], [13.342, 1403.0], [13.341, 783.0], [13.34, 1039.0], [13.339, 1175.0], [13.338, 1395.0], [13.337, 1477.0], [13.336, 1056.0], [13.335, 881.0], [13.334, 1697.0], [13.333, 897.0], [13.332, 1630.0], [13.331, 3074.0], [13.33, 985.0]], "asks": [[13.35, 690.0], [13.351, 162.0], [13.352, 367.0], [13.353, 1109.0], [13.354, 1622.0], [13.355, 1245.0], [13.356, 1459.0], [13.357, 2158.0], [13.358, 2727.0], [13.359, 3582.0], [13.36, 2293.0], [13.361, 1928.0], [13.362, 1726.0], [13.363, 1358.0], [13.364, 2658.0], [13.365, 1740.0], [13.366, 2164.0], [13.367, 900.0], [13.368, 942.0], [13.369, 1194.0]], "timestamp": "2025-12-13T10:14:27.497178+00:00"}, {"symbol": "AVAXUSDT", "bids": [[13.372, 293.0], [13.371, 3565.0], [13.37, 854.0], [13.369, 317.0], [13.368, 459.0], [13.367, 879.0], [13.366, 886.0], [13.365, 914.0], [13.364, 1245.0], [13.363, 1083.0], [13.362, 1279.0], [13.361, 949.0], [13.36, 1420.0], [13.359, 1281.0], [13.358, 1661.0], [13.357, 1326.0], [13.356, 872.0], [13.355, 793.0], [13.354, 815.0], [13.353, 806.0]], "asks": [[13.373, 175.0], [13.374, 668.0], [13.375, 256.0], [13.376, 390.0], [13.377, 1551.0], [13.378, 1661.0], [13.379, 920.0], [13.38, 1085.0], [13.381, 1871.0], [13.382, 2377.0], [13.383, 1065.0], [13.384, 1670.0], [13.385, 1096.0], [13.386, 1882.0], [13.387, 956.0], [13.388, 1227.0], [13.389, 1601.0], [13.39, 1429.0], [13.391, 1635.0], [13.392, 3325.0]], "timestamp": "2025-12-13T10:15:21.499003+00:00"}, {"symbol": "AVAXUSDT", "bids": [[13.391, 107.0], [13.39, 63.0], [13.389, 80.0], [13.388, 777.0], [13.387, 704.0], [13.386, 1063.0], [13.385, 1373.0], [13.384, 1151.0], [13.383, 1444.0], [13.382, 1385.0], [13.381, 1302.0], [13.38, 1451.0], [13.379, 993.0], [13.378, 1146.0], [13.377, 1069.0], [13.376, 1269.0], [13.375, 781.0], [13.374, 1243.0], [13.373, 1954.0], [13.372, 2556.0]], "asks": [[13.392, 357.0], [13.393, 5484.0], [13.394, 565.0], [13.395, 220.0], [13.396, 1372.0], [13.397, 3701.0], [13.398, 777.0], [13.399, 1169.0], [13.4, 2196.0], [13.401, 1995.0], [13.402, 1792.0], [13.403, 798.0], [13.404, 670.0], [13.405, 1029.0], [13.406, 850.0], [13.407, 1015.0], [13.408, 1520.0], [13.409, 1295.0], [13.41, 1449.0], [13.411, 1775.0]], "timestamp": "2025-12-13T10:16:15.199787+00:00"}, {"symbol": "AVAXUSDT", "bids": [[13.4, 734.0], [13.399, 23.0], [13.398, 482.0], [13.397, 121.0], [13.396, 791.0], [13.395, 887.0], [13.394, 1133.0], [13.393, 1421.0], [13.392, 1552.0], [13.391, 1259.0], [13.39, 1085.0], [13.389, 1000.0], [13.388, 1366.0], [13.387, 1501.0], [13.386, 920.0], [13.385, 1220.0], [13.384, 1586.0], [13.383, 1119.0], [13.382, 1515.0], [13.381, 824.0]], "asks": [[13.401, 274.0], [13.402, 5300.0], [13.403, 721.0], [13.404, 950.0], [13.405, 4640.0], [13.406, 1760.0], [13.407, 1421.0], [13.408, 4353.0], [13.409, 1260.0], [13.41, 1635.0], [13.411, 1448.0], [13.412, 843.0], [13.413, 1225.0], [13.414, 595.0], [13.415, 850.0], [13.416, 1164.0], [13.417, 1029.0], [13.418, 1643.0], [13.419, 1680.0], [13.42, 1765.0]], "timestamp": "2025-12-13T10:17:09.358048+00:00"}, {"symbol": "AVAXUSDT", "bids": [[13.414, 479.0], [13.413, 609.0], [13.412, 669.0], [13.411, 1193.0], [13.41, 701.0], [13.409, 1868.0], [13.408, 1193.0], [13.407, 1443.0], [13.406, 1452.0], [13.405, 1770.0], [13.404, 845.0], [13.403, 828.0], [13.402, 1324.0], [13.401, 832.0], [13.4, 911.0], [13.399, 1756.0], [13.398, 877.0], [13.397, 1065.0], [13.396, 1378.0], [13.395, 1686.0]], "asks": [[13.415, 19.0], [13.416, 583.0], [13.417, 313.0], [13.418, 447.0], [13.419, 886.0], [13.42, 2081.0], [13.421, 6028.0], [13.422, 1177.0], [13.423, 1429.0], [13.424, 1712.0], [13.425, 5979.0], [13.426, 1496.0], [13.427, 1499.0], [13.428, 1501.0], [13.429, 1585.0], [13.43, 807.0], [13.431, 918.0], [13.432, 893.0], [13.433, 1297.0], [13.434, 1234.0]], "timestamp": "2025-12-13T10:18:03.099107+00:00"}, {"symbol": "AVAXUSDT", "bids": [[13.41, 489.0], [13.409, 65.0], [13.408, 513.0], [13.407, 1096.0], [13.406, 349.0], [13.405, 816.0], [13.404, 466.0], [13.403, 448.0], [13.402, 1039.0], [13.401, 837.0], [13.4, 918.0], [13.399, 1430.0], [13.398, 1189.0], [13.397, 1539.0], [13.396, 1308.0], [13.395, 1756.0], [13.394, 1172.0], [13.393, 1492.0], [13.392, 1227.0], [13.391, 1253.0]], "asks": [[13.411, 41.0], [13.412, 55.0], [13.413, 1039.0], [13.414, 5792.0], [13.415, 1160.0], [13.416, 1311.0], [13.417, 2592.0], [13.418, 5757.0], [13.419, 858.0], [13.42, 1485.0], [13.421, 1744.0], [13.422, 5403.0], [13.423, 1986.0], [13.424, 1117.0], [13.425, 1028.0], [13.426, 448.0], [13.427, 652.0], [13.428, 768.0], [13.429, 1630.0], [13.43, 2810.0]], "timestamp": "2025-12-13T10:18:57.268488+00:00"}, {"symbol": "AVAXUSDT", "bids": [[13.407, 742.0], [13.406, 474.0], [13.405, 190.0], [13.404, 503.0], [13.403, 771.0], [13.402, 1227.0], [13.401, 752.0], [13.4, 937.0], [13.399, 1209.0], [13.398, 1066.0], [13.397, 1626.0], [13.396, 1647.0], [13.395, 1443.0], [13.394, 1662.0], [13.393, 1362.0], [13.392, 1408.0], [13.391, 745.0], [13.39, 874.0], [13.389, 1783.0], [13.388, 1148.0]], "asks": [[13.408, 264.0], [13.409, 153.0], [13.41, 1196.0], [13.411, 5594.0], [13.412, 1055.0], [13.413, 2140.0], [13.414, 1195.0], [13.415, 2026.0], [13.416, 6568.0], [13.417, 1947.0], [13.418, 1083.0], [13.419, 1175.0], [13.42, 2024.0], [13.421, 1818.0], [13.422, 1382.0], [13.423, 2249.0], [13.424, 2794.0], [13.425, 1172.0], [13.426, 1746.0], [13.427, 707.0]], "timestamp": "2025-12-13T10:19:51.741678+00:00"}, {"symbol": "AVAXUSDT", "bids": [[13.408, 1121.0], [13.407, 710.0], [13.406, 376.0], [13.405, 239.0], [13.404, 1086.0], [13.403, 851.0], [13.402, 1285.0], [13.401, 1081.0], [13.4, 836.0], [13.399, 1162.0], [13.398, 1107.0], [13.397, 1232.0], [13.396, 1279.0], [13.395, 1531.0], [13.394, 1513.0], [13.393, 1914.0], [13.392, 781.0], [13.391, 1346.0], [13.39, 847.0], [13.389, 1340.0]], "asks": [[13.409, 66.0], [13.41, 425.0], [13.411, 5230.0], [13.412, 745.0], [13.413, 659.0], [13.414, 1986.0], [13.415, 6053.0], [13.416, 1242.0], [13.417, 2327.0], [13.418, 4333.0], [13.419, 1389.0], [13.42, 2213.0], [13.421, 2786.0], [13.422, 1044.0], [13.423, 2063.0], [13.424, 857.0], [13.425, 1027.0], [13.426, 572.0], [13.427, 1862.0], [13.428, 1037.0]], "timestamp": "2025-12-13T10:20:45.916342+00:00"}, {"symbol": "AVAXUSDT", "bids": [[13.409, 81.0], [13.408, 57.0], [13.407, 270.0], [13.406, 185.0], [13.405, 624.0], [13.404, 1480.0], [13.403, 815.0], [13.402, 1051.0], [13.401, 810.0], [13.4, 852.0], [13.399, 956.0], [13.398, 989.0], [13.397, 1270.0], [13.396, 1118.0], [13.395, 1816.0], [13.394, 2148.0], [13.393, 3343.0], [13.392, 782.0], [13.391, 755.0], [13.39, 853.0]], "asks": [[13.41, 956.0], [13.411, 1084.0], [13.412, 5036.0], [13.413, 531.0], [13.414, 1132.0], [13.415, 818.0], [13.416, 2593.0], [13.417, 6777.0], [13.418, 1156.0], [13.419, 1011.0], [13.42, 2438.0], [13.421, 2514.0], [13.422, 2672.0], [13.423, 2271.0], [13.424, 1203.0], [13.425, 1272.0], [13.426, 1636.0], [13.427, 757.0], [13.428, 1044.0], [13.429, 1174.0]], "timestamp": "2025-12-13T10:21:40.495618+00:00"}, {"symbol": "AVAXUSDT", "bids": [[13.405, 125.0], [13.404, 125.0], [13.403, 237.0], [13.402, 718.0], [13.401, 381.0], [13.4, 887.0], [13.399, 806.0], [13.398, 1707.0], [13.397, 1195.0], [13.396, 1484.0], [13.395, 1459.0], [13.394, 1364.0], [13.393, 1397.0], [13.392, 908.0], [13.391, 1150.0], [13.39, 1222.0], [13.389, 2391.0], [13.388, 1152.0], [13.387, 1023.0], [13.386, 2243.0]], "asks": [[13.406, 988.0], [13.407, 3786.0], [13.408, 6485.0], [13.409, 314.0], [13.41, 585.0], [13.411, 1361.0], [13.412, 5487.0], [13.413, 1151.0], [13.414, 1588.0], [13.415, 610.0], [13.416, 900.0], [13.417, 1632.0], [13.418, 1549.0], [13.419, 3417.0], [13.42, 2370.0], [13.421, 2162.0], [13.422, 1878.0], [13.423, 1268.0], [13.424, 702.0], [13.425, 1149.0]], "timestamp": "2025-12-13T10:22:34.703288+00:00"}, {"symbol": "AVAXUSDT", "bids": [[13.404, 760.0], [13.403, 418.0], [13.402, 663.0], [13.401, 742.0], [13.4, 397.0], [13.399, 785.0], [13.398, 1113.0], [13.397, 799.0], [13.396, 869.0], [13.395, 1370.0], [13.394, 1167.0], [13.393, 1378.0], [13.392, 1588.0], [13.391, 1229.0], [13.39, 1101.0], [13.389, 1541.0], [13.388, 1211.0], [13.387, 2286.0], [13.386, 1223.0], [13.385, 1570.0]], "asks": [[13.405, 48.0], [13.406, 183.0], [13.407, 5159.0], [13.408, 748.0], [13.409, 410.0], [13.41, 998.0], [13.411, 1562.0], [13.412, 6702.0], [13.413, 5652.0], [13.414, 721.0], [13.415, 1348.0], [13.416, 710.0], [13.417, 1163.0], [13.418, 2289.0], [13.419, 1152.0], [13.42, 2542.0], [13.421, 1693.0], [13.422, 1163.0], [13.423, 1130.0], [13.424, 1139.0]], "timestamp": "2025-12-13T10:23:28.836451+00:00"}, {"symbol": "AVAXUSDT", "bids": [[13.403, 481.0], [13.402, 73.0], [13.401, 469.0], [13.4, 484.0], [13.399, 378.0], [13.398, 607.0], [13.397, 1089.0], [13.396, 1010.0], [13.395, 1219.0], [13.394, 854.0], [13.393, 949.0], [13.392, 1050.0], [13.391, 1229.0], [13.39, 951.0], [13.389, 1541.0], [13.388, 1152.0], [13.387, 1527.0], [13.386, 2794.0], [13.385, 1191.0], [13.384, 1456.0]], "asks": [[13.404, 1590.0], [13.405, 609.0], [13.406, 5192.0], [13.407, 986.0], [13.408, 299.0], [13.409, 878.0], [13.41, 1172.0], [13.411, 1541.0], [13.412, 1869.0], [13.413, 6005.0], [13.414, 948.0], [13.415, 1612.0], [13.416, 1048.0], [13.417, 1632.0], [13.418, 2029.0], [13.419, 1413.0], [13.42, 2538.0], [13.421, 1954.0], [13.422, 1493.0], [13.423, 1645.0]], "timestamp": "2025-12-13T10:24:23.520411+00:00"}, {"symbol": "AVAXUSDT", "bids": [[13.406, 385.0], [13.405, 167.0], [13.404, 580.0], [13.403, 659.0], [13.402, 624.0], [13.401, 677.0], [13.4, 919.0], [13.399, 724.0], [13.398, 839.0], [13.397, 1509.0], [13.396, 1330.0], [13.395, 1204.0], [13.394, 777.0], [13.393, 1100.0], [13.392, 1160.0], [13.391, 1227.0], [13.39, 953.0], [13.389, 1687.0], [13.388, 2127.0], [13.387, 1797.0]], "asks": [[13.407, 101.0], [13.408, 5038.0], [13.409, 284.0], [13.41, 200.0], [13.411, 1052.0], [13.412, 1301.0], [13.413, 773.0], [13.414, 1483.0], [13.415, 1363.0], [13.416, 1625.0], [13.417, 4158.0], [13.418, 1134.0], [13.419, 1410.0], [13.42, 4220.0], [13.421, 636.0], [13.422, 1041.0], [13.423, 1512.0], [13.424, 1217.0], [13.425, 1687.0], [13.426, 2712.0]], "timestamp": "2025-12-13T10:25:17.718168+00:00"}, {"symbol": "AVAXUSDT", "bids": [[13.42, 299.0], [13.419, 601.0], [13.418, 551.0], [13.417, 1287.0], [13.416, 442.0], [13.415, 778.0], [13.414, 1218.0], [13.413, 1369.0], [13.412, 2035.0], [13.411, 953.0], [13.41, 1112.0], [13.409, 1282.0], [13.408, 1075.0], [13.407, 1425.0], [13.406, 1201.0], [13.405, 1243.0], [13.404, 1228.0], [13.403, 1612.0], [13.402, 832.0], [13.401, 1182.0]], "asks": [[13.421, 357.0], [13.422, 2295.0], [13.423, 1751.0], [13.424, 5663.0], [13.425, 896.0], [13.426, 1735.0], [13.427, 1412.0], [13.428, 1196.0], [13.429, 1152.0], [13.43, 2633.0], [13.431, 1524.0], [13.432, 1109.0], [13.433, 1300.0], [13.434, 923.0], [13.435, 693.0], [13.436, 649.0], [13.437, 1530.0], [13.438, 2037.0], [13.439, 1437.0], [13.44, 4216.0]], "timestamp": "2025-12-13T10:26:12.412215+00:00"}, {"symbol": "AVAXUSDT", "bids": [[13.418, 582.0], [13.417, 513.0], [13.416, 450.0], [13.415, 398.0], [13.414, 784.0], [13.413, 1534.0], [13.412, 2252.0], [13.411, 848.0], [13.41, 1194.0], [13.409, 1281.0], [13.408, 1070.0], [13.407, 1414.0], [13.406, 1177.0], [13.405, 1371.0], [13.404, 1354.0], [13.403, 1612.0], [13.402, 1137.0], [13.401, 2223.0], [13.4, 1182.0], [13.399, 923.0]], "asks": [[13.419, 717.0], [13.42, 1188.0], [13.421, 1256.0], [13.422, 1913.0], [13.423, 6090.0], [13.424, 1230.0], [13.425, 1027.0], [13.426, 927.0], [13.427, 1604.0], [13.428, 1479.0], [13.429, 1279.0], [13.43, 3289.0], [13.431, 3575.0], [13.432, 1386.0], [13.433, 2905.0], [13.434, 1097.0], [13.435, 1335.0], [13.436, 908.0], [13.437, 1082.0], [13.438, 1134.0]], "timestamp": "2025-12-13T10:27:06.848993+00:00"}, {"symbol": "AVAXUSDT", "bids": [[13.42, 884.0], [13.419, 1750.0], [13.418, 801.0], [13.417, 1158.0], [13.416, 1063.0], [13.415, 536.0], [13.414, 1071.0], [13.413, 1448.0], [13.412, 1773.0], [13.411, 904.0], [13.41, 1323.0], [13.409, 1199.0], [13.408, 1468.0], [13.407, 1168.0], [13.406, 1177.0], [13.405, 1902.0], [13.404, 1775.0], [13.403, 1333.0], [13.402, 2489.0], [13.401, 1103.0]], "asks": [[13.421, 121.0], [13.422, 5276.0], [13.423, 599.0], [13.424, 663.0], [13.425, 780.0], [13.426, 1425.0], [13.427, 1484.0], [13.428, 1810.0], [13.429, 1696.0], [13.43, 2463.0], [13.431, 1196.0], [13.432, 1179.0], [13.433, 2165.0], [13.434, 2383.0], [13.435, 691.0], [13.436, 716.0], [13.437, 1018.0], [13.438, 910.0], [13.439, 1538.0], [13.44, 4582.0]], "timestamp": "2025-12-13T10:28:00.814558+00:00"}, {"symbol": "AVAXUSDT", "bids": [[13.421, 175.0], [13.42, 280.0], [13.419, 520.0], [13.418, 110.0], [13.417, 763.0], [13.416, 532.0], [13.415, 529.0], [13.414, 965.0], [13.413, 1243.0], [13.412, 876.0], [13.411, 771.0], [13.41, 955.0], [13.409, 1136.0], [13.408, 1286.0], [13.407, 1579.0], [13.406, 1403.0], [13.405, 1953.0], [13.404, 2694.0], [13.403, 1418.0], [13.402, 1753.0]], "asks": [[13.422, 478.0], [13.423, 5731.0], [13.424, 1055.0], [13.425, 806.0], [13.426, 838.0], [13.427, 1693.0], [13.428, 1523.0], [13.429, 1217.0], [13.43, 2007.0], [13.431, 3085.0], [13.432, 1818.0], [13.433, 2422.0], [13.434, 2339.0], [13.435, 971.0], [13.436, 983.0], [13.437, 2332.0], [13.438, 1178.0], [13.439, 858.0], [13.44, 1053.0], [13.441, 2096.0]], "timestamp": "2025-12-13T10:28:54.676921+00:00"}, {"symbol": "AVAXUSDT", "bids": [[13.417, 295.0], [13.416, 22.0], [13.415, 287.0], [13.414, 443.0], [13.413, 739.0], [13.412, 605.0], [13.411, 884.0], [13.41, 1102.0], [13.409, 1240.0], [13.408, 1180.0], [13.407, 1035.0], [13.406, 1014.0], [13.405, 1364.0], [13.404, 1955.0], [13.403, 1911.0], [13.402, 1235.0], [13.401, 1093.0], [13.4, 2236.0], [13.399, 942.0], [13.398, 1169.0]], "asks": [[13.418, 2566.0], [13.419, 5365.0], [13.42, 831.0], [13.421, 481.0], [13.422, 589.0], [13.423, 1282.0], [13.424, 1327.0], [13.425, 1377.0], [13.426, 1184.0], [13.427, 1764.0], [13.428, 1728.0], [13.429, 2063.0], [13.43, 3067.0], [13.431, 1192.0], [13.432, 2149.0], [13.433, 4116.0], [13.434, 1645.0], [13.435, 1518.0], [13.436, 996.0], [13.437, 1148.0]], "timestamp": "2025-12-13T10:29:48.354914+00:00"}, {"symbol": "AVAXUSDT", "bids": [[13.417, 829.0], [13.416, 132.0], [13.415, 525.0], [13.414, 432.0], [13.413, 742.0], [13.412, 538.0], [13.411, 887.0], [13.41, 916.0], [13.409, 1240.0], [13.408, 1180.0], [13.407, 1035.0], [13.406, 1016.0], [13.405, 1366.0], [13.404, 1828.0], [13.403, 1912.0], [13.402, 1055.0], [13.401, 1242.0], [13.4, 2236.0], [13.399, 907.0], [13.398, 1170.0]], "asks": [[13.418, 2914.0], [13.419, 5422.0], [13.42, 475.0], [13.421, 705.0], [13.422, 628.0], [13.423, 1529.0], [13.424, 1343.0], [13.425, 1128.0], [13.426, 1216.0], [13.427, 2659.0], [13.428, 6073.0], [13.429, 1422.0], [13.43, 1068.0], [13.431, 1787.0], [13.432, 2226.0], [13.433, 4221.0], [13.434, 1152.0], [13.435, 1026.0], [13.436, 998.0], [13.437, 1149.0]], "timestamp": "2025-12-13T10:30:42.812999+00:00"}, {"symbol": "AVAXUSDT", "bids": [[13.418, 1142.0], [13.417, 2177.0], [13.416, 2296.0], [13.415, 1081.0], [13.414, 1205.0], [13.413, 1996.0], [13.412, 1621.0], [13.411, 2055.0], [13.41, 1217.0], [13.409, 710.0], [13.408, 1024.0], [13.407, 1501.0], [13.406, 1335.0], [13.405, 1590.0], [13.404, 929.0], [13.403, 1161.0], [13.402, 766.0], [13.401, 1055.0], [13.4, 1318.0], [13.399, 2212.0]], "asks": [[13.419, 58.0], [13.42, 33.0], [13.421, 680.0], [13.422, 418.0], [13.423, 921.0], [13.424, 1767.0], [13.425, 1928.0], [13.426, 2001.0], [13.427, 2694.0], [13.428, 5666.0], [13.429, 963.0], [13.43, 1257.0], [13.431, 1375.0], [13.432, 2602.0], [13.433, 3055.0], [13.434, 1550.0], [13.435, 1035.0], [13.436, 985.0], [13.437, 1192.0], [13.438, 1530.0]], "timestamp": "2025-12-13T10:31:38.862664+00:00"}, {"symbol": "AVAXUSDT", "bids": [[13.429, 552.0], [13.428, 476.0], [13.427, 227.0], [13.426, 798.0], [13.425, 313.0], [13.424, 650.0], [13.423, 1009.0], [13.422, 650.0], [13.421, 1201.0], [13.42, 1204.0], [13.419, 949.0], [13.418, 1157.0], [13.417, 1280.0], [13.416, 1778.0], [13.415, 1164.0], [13.414, 1990.0], [13.413, 1268.0], [13.412, 1324.0], [13.411, 1098.0], [13.41, 2268.0]], "asks": [[13.43, 5677.0], [13.431, 809.0], [13.432, 1043.0], [13.433, 1524.0], [13.434, 1916.0], [13.435, 2403.0], [13.436, 4196.0], [13.437, 1492.0], [13.438, 1850.0], [13.439, 1430.0], [13.44, 2355.0], [13.441, 1640.0], [13.442, 1368.0], [13.443, 2052.0], [13.444, 824.0], [13.445, 921.0], [13.446, 951.0], [13.447, 2156.0], [13.448, 1401.0], [13.449, 1424.0]], "timestamp": "2025-12-13T10:32:33.202075+00:00"}, {"symbol": "AVAXUSDT", "bids": [[13.427, 1186.0], [13.426, 1616.0], [13.425, 1477.0], [13.424, 1132.0], [13.423, 564.0], [13.422, 1233.0], [13.421, 800.0], [13.42, 1313.0], [13.419, 836.0], [13.418, 946.0], [13.417, 1190.0], [13.416, 1149.0], [13.415, 900.0], [13.414, 1148.0], [13.413, 1672.0], [13.412, 1379.0], [13.411, 1208.0], [13.41, 1564.0], [13.409, 1946.0], [13.408, 1167.0]], "asks": [[13.428, 505.0], [13.429, 4989.0], [13.43, 416.0], [13.431, 817.0], [13.432, 1281.0], [13.433, 2191.0], [13.434, 2173.0], [13.435, 1560.0], [13.436, 1593.0], [13.437, 1783.0], [13.438, 2053.0], [13.439, 1191.0], [13.44, 1212.0], [13.441, 2202.0], [13.442, 842.0], [13.443, 1701.0], [13.444, 2057.0], [13.445, 1310.0], [13.446, 944.0], [13.447, 1044.0]], "timestamp": "2025-12-13T10:33:27.297323+00:00"}, {"symbol": "AVAXUSDT", "bids": [[13.434, 76.0], [13.433, 88.0], [13.432, 907.0], [13.431, 1063.0], [13.43, 1242.0], [13.429, 778.0], [13.428, 1039.0], [13.427, 1447.0], [13.426, 1227.0], [13.425, 884.0], [13.424, 809.0], [13.423, 1009.0], [13.422, 947.0], [13.421, 1101.0], [13.42, 1135.0], [13.419, 1253.0], [13.418, 1441.0], [13.417, 1910.0], [13.416, 1323.0], [13.415, 898.0]], "asks": [[13.435, 8159.0], [13.436, 1342.0], [13.437, 1323.0], [13.438, 625.0], [13.439, 960.0], [13.44, 1723.0], [13.441, 742.0], [13.442, 908.0], [13.443, 1846.0], [13.444, 2584.0], [13.445, 1438.0], [13.446, 1916.0], [13.447, 1798.0], [13.448, 1411.0], [13.449, 1158.0], [13.45, 3820.0], [13.451, 1724.0], [13.452, 730.0], [13.453, 1270.0], [13.454, 1298.0]], "timestamp": "2025-12-13T10:34:21.951799+00:00"}, {"symbol": "AVAXUSDT", "bids": [[13.435, 685.0], [13.434, 699.0], [13.433, 99.0], [13.432, 958.0], [13.431, 1192.0], [13.43, 1789.0], [13.429, 902.0], [13.428, 877.0], [13.427, 1594.0], [13.426, 1078.0], [13.425, 882.0], [13.424, 762.0], [13.423, 1191.0], [13.422, 796.0], [13.421, 1413.0], [13.42, 941.0], [13.419, 1379.0], [13.418, 1613.0], [13.417, 2106.0], [13.416, 1410.0]], "asks": [[13.436, 2093.0], [13.437, 554.0], [13.438, 5692.0], [13.439, 892.0], [13.44, 770.0], [13.441, 690.0], [13.442, 923.0], [13.443, 2088.0], [13.444, 1058.0], [13.445, 1182.0], [13.446, 2524.0], [13.447, 1563.0], [13.448, 1358.0], [13.449, 2129.0], [13.45, 3214.0], [13.451, 2274.0], [13.452, 605.0], [13.453, 1270.0], [13.454, 1503.0], [13.455, 2168.0]], "timestamp": "2025-12-13T10:35:16.531679+00:00"}, {"symbol": "AVAXUSDT", "bids": [[13.437, 14.0], [13.436, 577.0], [13.435, 580.0], [13.434, 837.0], [13.433, 391.0], [13.432, 1838.0], [13.431, 759.0], [13.43, 741.0], [13.429, 457.0], [13.428, 1090.0], [13.427, 1434.0], [13.426, 1411.0], [13.425, 1367.0], [13.424, 830.0], [13.423, 833.0], [13.422, 1240.0], [13.421, 1336.0], [13.42, 1151.0], [13.419, 2498.0], [13.418, 993.0]], "asks": [[13.438, 1171.0], [13.439, 1213.0], [13.44, 2185.0], [13.441, 6677.0], [13.442, 1512.0], [13.443, 1324.0], [13.444, 1381.0], [13.445, 1747.0], [13.446, 1545.0], [13.447, 1481.0], [13.448, 1351.0], [13.449, 1669.0], [13.45, 3927.0], [13.451, 1901.0], [13.452, 932.0], [13.453, 2120.0], [13.454, 973.0], [13.455, 1424.0], [13.456, 1234.0], [13.457, 925.0]], "timestamp": "2025-12-13T10:36:11.316734+00:00"}, {"symbol": "AVAXUSDT", "bids": [[13.437, 756.0], [13.436, 1077.0], [13.435, 1388.0], [13.434, 1791.0], [13.433, 1074.0], [13.432, 1018.0], [13.431, 958.0], [13.43, 961.0], [13.429, 1249.0], [13.428, 1540.0], [13.427, 1141.0], [13.426, 1248.0], [13.425, 1194.0], [13.424, 1026.0], [13.423, 1067.0], [13.422, 1132.0], [13.421, 1325.0], [13.42, 1385.0], [13.419, 1160.0], [13.418, 2212.0]], "asks": [[13.438, 74.0], [13.439, 801.0], [13.44, 515.0], [13.441, 648.0], [13.442, 420.0], [13.443, 970.0], [13.444, 1014.0], [13.445, 1329.0], [13.446, 1483.0], [13.447, 2554.0], [13.448, 2570.0], [13.449, 1652.0], [13.45, 2229.0], [13.451, 1566.0], [13.452, 849.0], [13.453, 1924.0], [13.454, 2255.0], [13.455, 1754.0], [13.456, 1054.0], [13.457, 1296.0]], "timestamp": "2025-12-13T10:37:05.077450+00:00"}, {"symbol": "AVAXUSDT", "bids": [[13.428, 526.0], [13.427, 92.0], [13.426, 294.0], [13.425, 377.0], [13.424, 360.0], [13.423, 1243.0], [13.422, 1403.0], [13.421, 1040.0], [13.42, 1088.0], [13.419, 1561.0], [13.418, 1828.0], [13.417, 1694.0], [13.416, 1715.0], [13.415, 1210.0], [13.414, 1588.0], [13.413, 949.0], [13.412, 1541.0], [13.411, 2299.0], [13.41, 1187.0], [13.409, 1569.0]], "asks": [[13.429, 705.0], [13.43, 5247.0], [13.431, 1148.0], [13.432, 1322.0], [13.433, 984.0], [13.434, 1923.0], [13.435, 1618.0], [13.436, 1933.0], [13.437, 1829.0], [13.438, 2418.0], [13.439, 1121.0], [13.44, 1427.0], [13.441, 691.0], [13.442, 1173.0], [13.443, 2296.0], [13.444, 1893.0], [13.445, 1521.0], [13.446, 1405.0], [13.447, 1743.0], [13.448, 1728.0]], "timestamp": "2025-12-13T10:37:59.656884+00:00"}, {"symbol": "AVAXUSDT", "bids": [[13.432, 226.0], [13.431, 366.0], [13.43, 709.0], [13.429, 1114.0], [13.428, 734.0], [13.427, 1382.0], [13.426, 1268.0], [13.425, 1228.0], [13.424, 742.0], [13.423, 851.0], [13.422, 1535.0], [13.421, 1209.0], [13.42, 1366.0], [13.419, 1138.0], [13.418, 1145.0], [13.417, 909.0], [13.416, 2619.0], [13.415, 1674.0], [13.414, 1535.0], [13.413, 1177.0]], "asks": [[13.433, 3107.0], [13.434, 1125.0], [13.435, 1193.0], [13.436, 768.0], [13.437, 1543.0], [13.438, 4054.0], [13.439, 627.0], [13.44, 815.0], [13.441, 2390.0], [13.442, 1254.0], [13.443, 1578.0], [13.444, 1610.0], [13.445, 1273.0], [13.446, 1609.0], [13.447, 1127.0], [13.448, 1885.0], [13.449, 2976.0], [13.45, 3008.0], [13.451, 1609.0], [13.452, 1230.0]], "timestamp": "2025-12-13T10:38:53.520377+00:00"}, {"symbol": "AVAXUSDT", "bids": [[13.431, 1574.0], [13.43, 978.0], [13.429, 1908.0], [13.428, 633.0], [13.427, 1054.0], [13.426, 1429.0], [13.425, 1422.0], [13.424, 797.0], [13.423, 740.0], [13.422, 1265.0], [13.421, 1327.0], [13.42, 1360.0], [13.419, 1255.0], [13.418, 2133.0], [13.417, 1124.0], [13.416, 1419.0], [13.415, 1073.0], [13.414, 1901.0], [13.413, 1093.0], [13.412, 1446.0]], "asks": [[13.432, 103.0], [13.433, 46.0], [13.434, 323.0], [13.435, 920.0], [13.436, 1080.0], [13.437, 1729.0], [13.438, 2375.0], [13.439, 1415.0], [13.44, 1541.0], [13.441, 5996.0], [13.442, 1324.0], [13.443, 1158.0], [13.444, 1419.0], [13.445, 1536.0], [13.446, 1045.0], [13.447, 2032.0], [13.448, 1737.0], [13.449, 1858.0], [13.45, 2754.0], [13.451, 1519.0]], "timestamp": "2025-12-13T10:39:47.383148+00:00"}, {"symbol": "AVAXUSDT", "bids": [[13.442, 963.0], [13.441, 1471.0], [13.44, 684.0], [13.439, 917.0], [13.438, 1315.0], [13.437, 2279.0], [13.436, 2330.0], [13.435, 2789.0], [13.434, 1678.0], [13.433, 1263.0], [13.432, 1337.0], [13.431, 1087.0], [13.43, 1001.0], [13.429, 2228.0], [13.428, 1256.0], [13.427, 1280.0], [13.426, 988.0], [13.425, 1117.0], [13.424, 1292.0], [13.423, 1180.0]], "asks": [[13.443, 825.0], [13.444, 1253.0], [13.445, 194.0], [13.446, 678.0], [13.447, 648.0], [13.448, 1090.0], [13.449, 1655.0], [13.45, 2060.0], [13.451, 2966.0], [13.452, 1649.0], [13.453, 1430.0], [13.454, 1212.0], [13.455, 898.0], [13.456, 1018.0], [13.457, 1030.0], [13.458, 735.0], [13.459, 1535.0], [13.46, 762.0], [13.461, 1286.0], [13.462, 928.0]], "timestamp": "2025-12-13T10:40:41.144885+00:00"}, {"symbol": "AVAXUSDT", "bids": [[13.453, 380.0], [13.452, 1088.0], [13.451, 1336.0], [13.45, 1431.0], [13.449, 762.0], [13.448, 1259.0], [13.447, 1411.0], [13.446, 2007.0], [13.445, 1328.0], [13.444, 1002.0], [13.443, 918.0], [13.442, 1144.0], [13.441, 1076.0], [13.44, 1058.0], [13.439, 698.0], [13.438, 884.0], [13.437, 1296.0], [13.436, 1127.0], [13.435, 1449.0], [13.434, 1762.0]], "asks": [[13.454, 587.0], [13.455, 528.0], [13.456, 139.0], [13.457, 215.0], [13.458, 417.0], [13.459, 1090.0], [13.46, 1263.0], [13.461, 1369.0], [13.462, 1510.0], [13.463, 1764.0], [13.464, 1874.0], [13.465, 1428.0], [13.466, 962.0], [13.467, 925.0], [13.468, 713.0], [13.469, 1135.0], [13.47, 1607.0], [13.471, 3150.0], [13.472, 1099.0], [13.473, 1383.0]], "timestamp": "2025-12-13T10:41:34.699823+00:00"}, {"symbol": "AVAXUSDT", "bids": [[13.449, 265.0], [13.448, 383.0], [13.447, 236.0], [13.446, 545.0], [13.445, 676.0], [13.444, 944.0], [13.443, 1068.0], [13.442, 1387.0], [13.441, 859.0], [13.44, 1353.0], [13.439, 914.0], [13.438, 1674.0], [13.437, 2155.0], [13.436, 2075.0], [13.435, 1406.0], [13.434, 1346.0], [13.433, 787.0], [13.432, 811.0], [13.431, 1646.0], [13.43, 1951.0]], "asks": [[13.45, 728.0], [13.451, 499.0], [13.452, 1326.0], [13.453, 1310.0], [13.454, 1637.0], [13.455, 2453.0], [13.456, 1777.0], [13.457, 1518.0], [13.458, 2246.0], [13.459, 2367.0], [13.46, 1189.0], [13.461, 1477.0], [13.462, 1978.0], [13.463, 2589.0], [13.464, 2117.0], [13.465, 1191.0], [13.466, 1190.0], [13.467, 1010.0], [13.468, 1204.0], [13.469, 2345.0]], "timestamp": "2025-12-13T10:42:28.460023+00:00"}, {"symbol": "AVAXUSDT", "bids": [[13.444, 463.0], [13.443, 432.0], [13.442, 458.0], [13.441, 340.0], [13.44, 1083.0], [13.439, 1185.0], [13.438, 1284.0], [13.437, 1684.0], [13.436, 1825.0], [13.435, 1271.0], [13.434, 1216.0], [13.433, 1420.0], [13.432, 1650.0], [13.431, 1333.0], [13.43, 1954.0], [13.429, 1914.0], [13.428, 1261.0], [13.427, 941.0], [13.426, 1241.0], [13.425, 796.0]], "asks": [[13.445, 817.0], [13.446, 1030.0], [13.447, 1319.0], [13.448, 357.0], [13.449, 700.0], [13.45, 471.0], [13.451, 978.0], [13.452, 1736.0], [13.453, 1896.0], [13.454, 1898.0], [13.455, 1346.0], [13.456, 893.0], [13.457, 1527.0], [13.458, 2169.0], [13.459, 1447.0], [13.46, 1243.0], [13.461, 1359.0], [13.462, 3350.0], [13.463, 2454.0], [13.464, 2223.0]], "timestamp": "2025-12-13T10:43:22.323237+00:00"}, {"symbol": "AVAXUSDT", "bids": [[13.446, 139.0], [13.445, 524.0], [13.444, 538.0], [13.443, 766.0], [13.442, 580.0], [13.441, 649.0], [13.44, 1214.0], [13.439, 701.0], [13.438, 1883.0], [13.437, 1476.0], [13.436, 1197.0], [13.435, 1043.0], [13.434, 1445.0], [13.433, 1474.0], [13.432, 1739.0], [13.431, 2582.0], [13.43, 965.0], [13.429, 1570.0], [13.428, 1615.0], [13.427, 1354.0]], "asks": [[13.447, 677.0], [13.448, 976.0], [13.449, 560.0], [13.45, 667.0], [13.451, 1084.0], [13.452, 1439.0], [13.453, 1656.0], [13.454, 1421.0], [13.455, 534.0], [13.456, 895.0], [13.457, 1224.0], [13.458, 1191.0], [13.459, 1241.0], [13.46, 1720.0], [13.461, 1526.0], [13.462, 4027.0], [13.463, 2310.0], [13.464, 1551.0], [13.465, 1538.0], [13.466, 802.0]], "timestamp": "2025-12-13T10:44:16.800766+00:00"}, {"symbol": "AVAXUSDT", "bids": [[13.443, 140.0], [13.442, 453.0], [13.441, 634.0], [13.44, 749.0], [13.439, 664.0], [13.438, 770.0], [13.437, 1496.0], [13.436, 1078.0], [13.435, 1068.0], [13.434, 1146.0], [13.433, 1481.0], [13.432, 1729.0], [13.431, 933.0], [13.43, 1225.0], [13.429, 2014.0], [13.428, 1710.0], [13.427, 2096.0], [13.426, 1496.0], [13.425, 888.0], [13.424, 985.0]], "asks": [[13.444, 874.0], [13.445, 2622.0], [13.446, 1126.0], [13.447, 672.0], [13.448, 894.0], [13.449, 1037.0], [13.45, 1027.0], [13.451, 1037.0], [13.452, 1426.0], [13.453, 1578.0], [13.454, 1274.0], [13.455, 859.0], [13.456, 1045.0], [13.457, 1223.0], [13.458, 1402.0], [13.459, 1501.0], [13.46, 2861.0], [13.461, 1002.0], [13.462, 1657.0], [13.463, 2851.0]], "timestamp": "2025-12-13T10:45:11.995331+00:00"}, {"symbol": "AVAXUSDT", "bids": [[13.448, 288.0], [13.447, 596.0], [13.446, 1057.0], [13.445, 1337.0], [13.444, 465.0], [13.443, 982.0], [13.442, 1984.0], [13.441, 2095.0], [13.44, 2005.0], [13.439, 2526.0], [13.438, 846.0], [13.437, 1047.0], [13.436, 1262.0], [13.435, 1041.0], [13.434, 1389.0], [13.433, 997.0], [13.432, 1041.0], [13.431, 1993.0], [13.43, 1106.0], [13.429, 1916.0]], "asks": [[13.449, 263.0], [13.45, 17.0], [13.451, 435.0], [13.452, 842.0], [13.453, 1027.0], [13.454, 1857.0], [13.455, 1176.0], [13.456, 1733.0], [13.457, 883.0], [13.458, 1468.0], [13.459, 1604.0], [13.46, 1519.0], [13.461, 1426.0], [13.462, 1494.0], [13.463, 1657.0], [13.464, 2441.0], [13.465, 1437.0], [13.466, 748.0], [13.467, 1160.0], [13.468, 722.0]], "timestamp": "2025-12-13T10:46:06.267621+00:00"}, {"symbol": "AVAXUSDT", "bids": [[13.437, 205.0], [13.436, 800.0], [13.435, 2227.0], [13.434, 4886.0], [13.433, 1995.0], [13.432, 1849.0], [13.431, 1817.0], [13.43, 1082.0], [13.429, 1470.0], [13.428, 1332.0], [13.427, 1349.0], [13.426, 1041.0], [13.425, 519.0], [13.424, 731.0], [13.423, 665.0], [13.422, 1107.0], [13.421, 3305.0], [13.42, 559.0], [13.419, 708.0], [13.418, 797.0]], "asks": [[13.438, 438.0], [13.439, 1069.0], [13.44, 1351.0], [13.441, 995.0], [13.442, 454.0], [13.443, 767.0], [13.444, 1030.0], [13.445, 1317.0], [13.446, 1077.0], [13.447, 1463.0], [13.448, 1508.0], [13.449, 883.0], [13.45, 1548.0], [13.451, 2824.0], [13.452, 1050.0], [13.453, 1027.0], [13.454, 1237.0], [13.455, 1280.0], [13.456, 1167.0], [13.457, 1384.0]], "timestamp": "2025-12-13T10:47:00.438217+00:00"}, {"symbol": "AVAXUSDT", "bids": [[13.441, 1060.0], [13.44, 841.0], [13.439, 1226.0], [13.438, 4562.0], [13.437, 955.0], [13.436, 865.0], [13.435, 1090.0], [13.434, 2224.0], [13.433, 2307.0], [13.432, 1894.0], [13.431, 919.0], [13.43, 1078.0], [13.429, 1466.0], [13.428, 1281.0], [13.427, 1082.0], [13.426, 638.0], [13.425, 599.0], [13.424, 1050.0], [13.423, 449.0], [13.422, 1271.0]], "asks": [[13.442, 358.0], [13.443, 480.0], [13.444, 610.0], [13.445, 459.0], [13.446, 660.0], [13.447, 1148.0], [13.448, 1771.0], [13.449, 1063.0], [13.45, 2092.0], [13.451, 2072.0], [13.452, 1573.0], [13.453, 1385.0], [13.454, 1161.0], [13.455, 1455.0], [13.456, 1169.0], [13.457, 1614.0], [13.458, 1805.0], [13.459, 1594.0], [13.46, 2265.0], [13.461, 1092.0]], "timestamp": "2025-12-13T10:47:55.222057+00:00"}, {"symbol": "AVAXUSDT", "bids": [[13.438, 762.0], [13.437, 389.0], [13.436, 163.0], [13.435, 343.0], [13.434, 541.0], [13.433, 874.0], [13.432, 1360.0], [13.431, 929.0], [13.43, 982.0], [13.429, 1417.0], [13.428, 1321.0], [13.427, 1223.0], [13.426, 572.0], [13.425, 1102.0], [13.424, 689.0], [13.423, 968.0], [13.422, 1525.0], [13.421, 992.0], [13.42, 1444.0], [13.419, 3341.0]], "asks": [[13.439, 194.0], [13.44, 411.0], [13.441, 510.0], [13.442, 1054.0], [13.443, 1427.0], [13.444, 2063.0], [13.445, 1533.0], [13.446, 2045.0], [13.447, 2669.0], [13.448, 2007.0], [13.449, 819.0], [13.45, 1568.0], [13.451, 1188.0], [13.452, 1138.0], [13.453, 1434.0], [13.454, 2451.0], [13.455, 1522.0], [13.456, 830.0], [13.457, 1323.0], [13.458, 1934.0]], "timestamp": "2025-12-13T10:48:49.629988+00:00"}, {"symbol": "AVAXUSDT", "bids": [[13.435, 707.0], [13.434, 212.0], [13.433, 367.0], [13.432, 327.0], [13.431, 446.0], [13.43, 904.0], [13.429, 1857.0], [13.428, 1310.0], [13.427, 1460.0], [13.426, 1034.0], [13.425, 1022.0], [13.424, 1105.0], [13.423, 1306.0], [13.422, 1382.0], [13.421, 841.0], [13.42, 1213.0], [13.419, 1332.0], [13.418, 1372.0], [13.417, 2498.0], [13.416, 1217.0]], "asks": [[13.436, 2534.0], [13.437, 426.0], [13.438, 1820.0], [13.439, 539.0], [13.44, 412.0], [13.441, 1090.0], [13.442, 1347.0], [13.443, 2256.0], [13.444, 2655.0], [13.445, 2113.0], [13.446, 798.0], [13.447, 1803.0], [13.448, 1638.0], [13.449, 1143.0], [13.45, 964.0], [13.451, 1500.0], [13.452, 2358.0], [13.453, 1301.0], [13.454, 2357.0], [13.455, 982.0]], "timestamp": "2025-12-13T10:49:43.153828+00:00"}, {"symbol": "AVAXUSDT", "bids": [[13.44, 41.0], [13.439, 61.0], [13.438, 137.0], [13.437, 458.0], [13.436, 1321.0], [13.435, 598.0], [13.434, 977.0], [13.433, 810.0], [13.432, 1042.0], [13.431, 516.0], [13.43, 868.0], [13.429, 1829.0], [13.428, 1283.0], [13.427, 1396.0], [13.426, 956.0], [13.425, 1226.0], [13.424, 2176.0], [13.423, 806.0], [13.422, 1927.0], [13.421, 840.0]], "asks": [[13.441, 1015.0], [13.442, 910.0], [13.443, 1279.0], [13.444, 1747.0], [13.445, 1702.0], [13.446, 965.0], [13.447, 1217.0], [13.448, 1594.0], [13.449, 1130.0], [13.45, 1551.0], [13.451, 1388.0], [13.452, 1632.0], [13.453, 2231.0], [13.454, 2925.0], [13.455, 2139.0], [13.456, 1001.0], [13.457, 1145.0], [13.458, 823.0], [13.459, 898.0], [13.46, 1313.0]], "timestamp": "2025-12-13T10:50:36.958926+00:00"}, {"symbol": "AVAXUSDT", "bids": [[13.44, 755.0], [13.439, 631.0], [13.438, 501.0], [13.437, 562.0], [13.436, 1284.0], [13.435, 532.0], [13.434, 868.0], [13.433, 615.0], [13.432, 912.0], [13.431, 739.0], [13.43, 903.0], [13.429, 1794.0], [13.428, 1282.0], [13.427, 1405.0], [13.426, 866.0], [13.425, 1099.0], [13.424, 2194.0], [13.423, 806.0], [13.422, 1802.0], [13.421, 805.0]], "asks": [[13.441, 65.0], [13.442, 445.0], [13.443, 804.0], [13.444, 1986.0], [13.445, 1269.0], [13.446, 499.0], [13.447, 1401.0], [13.448, 2510.0], [13.449, 1065.0], [13.45, 1233.0], [13.451, 1388.0], [13.452, 1258.0], [13.453, 2350.0], [13.454, 2500.0], [13.455, 897.0], [13.456, 1043.0], [13.457, 2136.0], [13.458, 823.0], [13.459, 771.0], [13.46, 1318.0]], "timestamp": "2025-12-13T10:51:31.494680+00:00"}, {"symbol": "AVAXUSDT", "bids": [[13.45, 17.0], [13.449, 98.0], [13.448, 316.0], [13.447, 616.0], [13.446, 844.0], [13.445, 1342.0], [13.444, 1397.0], [13.443, 2128.0], [13.442, 1044.0], [13.441, 520.0], [13.44, 738.0], [13.439, 966.0], [13.438, 1768.0], [13.437, 1371.0], [13.436, 893.0], [13.435, 1260.0], [13.434, 561.0], [13.433, 2156.0], [13.432, 3357.0], [13.431, 503.0]], "asks": [[13.451, 1333.0], [13.452, 1374.0], [13.453, 885.0], [13.454, 495.0], [13.455, 958.0], [13.456, 1227.0], [13.457, 1547.0], [13.458, 1593.0], [13.459, 1361.0], [13.46, 3927.0], [13.461, 1084.0], [13.462, 1491.0], [13.463, 1956.0], [13.464, 1061.0], [13.465, 1670.0], [13.466, 745.0], [13.467, 1734.0], [13.468, 883.0], [13.469, 1649.0], [13.47, 1589.0]], "timestamp": "2025-12-13T10:52:25.459627+00:00"}