[{"id": "529344032", "price": 13.349, "amount": 2.0, "side": "sell", "timestamp": 1765669263582}, {"id": "529344033", "price": 13.35, "amount": 1.0, "side": "buy", "timestamp": 1765669266589}, {"id": "529344034", "price": 13.35, "amount": 1.0, "side": "buy", "timestamp": 1765669268725}, {"id": "529344035", "price": 13.35, "amount": 231.0, "side": "buy", "timestamp": 1765669269441}, {"id": "529344036", "price": 13.35, "amount": 1.0, "side": "buy", "timestamp": 1765669269770}, {"id": "529344037", "price": 13.35, "amount": 1.0, "side": "buy", "timestamp": 1765669270495}, {"id": "529344038", "price": 13.35, "amount": 1.0, "side": "buy", "timestamp": 1765669271378}, {"id": "529344039", "price": 13.35, "amount": 1.0, "side": "buy", "timestamp": 1765669276763}, {"id": "529344040", "price": 13.35, "amount": 10.0, "side": "buy", "timestamp": 1765669277236}, {"id": "529344041", "price": 13.349, "amount": 2.0, "side": "sell", "timestamp": 1765669279590}, {"id": "529344042", "price": 13.349, "amount": 4.0, "side": "sell", "timestamp": 1765669281796}, {"id": "529344043", "price": 13.35, "amount": 1.0, "side": "buy", "timestamp": 1765669281964}, {"id": "529344044", "price": 13.349, "amount": 74.0, "side": "sell", "timestamp": 1765669282136}, {"id": "529344045", "price": 13.35, "amount": 2.0, "side": "buy", "timestamp": 1765669282696}, {"id": "529344046", "price": 13.349, "amount": 1.0, "side": "sell", "timestamp": 1765669283656}, {"id": "529344047", "price": 13.349, "amount": 1.0, "side": "sell", "timestamp": 1765669283770}, {"id": "529344048", "price": 13.349, "amount": 26.0, "side": "sell", "timestamp": 1765669284514}, {"id": "529344049", "price": 13.349, "amount": 2.0, "side": "sell", "timestamp": 1765669285279}, {"id": "529344050", "price": 13.349, "amount": 1.0, "side": "sell", "timestamp": 1765669285392}, {"id": "529344051", "price": 13.349, "amount": 2.0, "side": "sell", "timestamp": 1765669285521}, {"id": "529344052", "price": 13.349, "amount": 1.0, "side": "sell", "timestamp": 1765669287850}, {"id": "529344053", "price": 13.35, "amount": 75.0, "side": "buy", "timestamp": 1765669288123}, {"id": "529344054", "price": 13.35, "amount": 953.0, "side": "buy", "timestamp": 1765669291301}, {"id": "529344055", "price": 13.351, "amount": 1.0, "side": "buy", "timestamp": 1765669291306}, {"id": "529344056", "price": 13.352, "amount": 1.0, "side": "buy", "timestamp": 1765669292847}, {"id": "529344057", "price": 13.352, "amount": 19.0, "side": "buy", "timestamp": 1765669294156}, {"id": "529344058", "price": 13.351, "amount": 3.0, "side": "sell", "timestamp": 1765669297633}, {"id": "529344059", "price": 13.352, "amount": 1.0, "side": "buy", "timestamp": 1765669302407}, {"id": "529344060", "price": 13.351, "amount": 1.0, "side": "sell", "timestamp": 1765669302757}, {"id": "529344061", "price": 13.352, "amount": 2.0, "side": "buy", "timestamp": 1765669305527}, {"id": "529344062", "price": 13.351, "amount": 1.0, "side": "sell", "timestamp": 1765669306626}, {"id": "529344063", "price": 13.352, "amount": 419.0, "side": "buy", "timestamp": 1765669307445}, {"id": "529344064", "price": 13.353, "amount": 4.0, "side": "buy", "timestamp": 1765669311059}, {"id": "529344065", "price": 13.352, "amount": 23.0, "side": "sell", "timestamp": 1765669311433}, {"id": "529344066", "price": 13.352, "amount": 21.0, "side": "sell", "timestamp": 1765669311766}, {"id": "529344067", "price": 13.352, "amount": 1.0, "side": "sell", "timestamp": 1765669319657}, {"id": "529344068", "price": 13.353, "amount": 1.0, "side": "buy", "timestamp": 1765669320509}, {"id": "529344069", "price": 13.353, "amount": 319.0, "side": "buy", "timestamp": 1765669320691}, {"id": "529344070", "price": 13.352, "amount": 1.0, "side": "sell", "timestamp": 1765669321639}, {"id": "529344071", "price": 13.352, "amount": 4.0, "side": "sell", "timestamp": 1765669323450}, {"id": "529344072", "price": 13.352, "amount": 7.0, "side": "sell", "timestamp": 1765669323570}, {"id": "529344073", "price": 13.352, "amount": 63.0, "side": "sell", "timestamp": 1765669324493}, {"id": "529344074", "price": 13.352, "amount": 89.0, "side": "sell", "timestamp": 1765669326271}, {"id": "529344075", "price": 13.352, "amount": 74.0, "side": "sell", "timestamp": 1765669327907}, {"id": "529344076", "price": 13.353, "amount": 236.0, "side": "buy", "timestamp": 1765669328700}, {"id": "529344077", "price": 13.353, "amount": 1.0, "side": "buy", "timestamp": 1765669329965}, {"id": "529344078", "price": 13.352, "amount": 821.0, "side": "sell", "timestamp": 1765669330659}, {"id": "529344079", "price": 13.351, "amount": 248.0, "side": "sell", "timestamp": 1765669330736}, {"id": "529344080", "price": 13.351, "amount": 1.0, "side": "buy", "timestamp": 1765669332331}, {"id": "529344081", "price": 13.35, "amount": 238.0, "side": "sell", "timestamp": 1765669333732}, {"id": "529344066", "price": 13.352, "amount": 21.0, "side": "sell", "timestamp": 1765669311766}, {"id": "529344067", "price": 13.352, "amount": 1.0, "side": "sell", "timestamp": 1765669319657}, {"id": "529344068", "price": 13.353, "amount": 1.0, "side": "buy", "timestamp": 1765669320509}, {"id": "529344069", "price": 13.353, "amount": 319.0, "side": "buy", "timestamp": 1765669320691}, {"id": "529344070", "price": 13.352, "amount": 1.0, "side": "sell", "timestamp": 1765669321639}, {"id": "529344071", "price": 13.352, "amount": 4.0, "side": "sell", "timestamp": 1765669323450}, {"id": "529344072", "price": 13.352, "amount": 7.0, "side": "sell", "timestamp": 1765669323570}, {"id": "529344073", "price": 13.352, "amount": 63.0, "side": "sell", "timestamp": 1765669324493}, {"id": "529344074", "price": 13.352, "amount": 89.0, "side": "sell", "timestamp": 1765669326271}, {"id": "529344075", "price": 13.352, "amount": 74.0, "side": "sell", "timestamp": 1765669327907}, {"id": "529344076", "price": 13.353, "amount": 236.0, "side": "buy", "timestamp": 1765669328700}, {"id": "529344077", "price": 13.353, "amount": 1.0, "side": "buy", "timestamp": 1765669329965}, {"id": "529344078", "price": 13.352, "amount": 821.0, "side": "sell", "timestamp": 1765669330659}, {"id": "529344079", "price": 13.351, "amount": 248.0, "side": "sell", "timestamp": 1765669330736}, {"id": "529344080", "price": 13.351, "amount": 1.0, "side": "buy", "timestamp": 1765669332331}, {"id": "529344081", "price": 13.35, "amount": 238.0, "side": "sell", "timestamp": 1765669333732}, {"id": "529344082", "price": 13.349, "amount": 3.0, "side": "sell", "timestamp": 1765669334260}, {"id": "529344083", "price": 13.35, "amount": 1.0, "side": "buy", "timestamp": 1765669334859}, {"id": "529344084", "price": 13.349, "amount": 1.0, "side": "sell", "timestamp": 1765669335459}, {"id": "529344085", "price": 13.35, "amount": 503.0, "side": "buy", "timestamp": 1765669338197}, {"id": "529344086", "price": 13.349, "amount": 516.0, "side": "sell", "timestamp": 1765669342911}, {"id": "529344087", "price": 13.348, "amount": 1.0, "side": "sell", "timestamp": 1765669344602}, {"id": "529344088", "price": 13.349, "amount": 96.0, "side": "buy", "timestamp": 1765669347031}, {"id": "529344089", "price": 13.349, "amount": 4.0, "side": "buy", "timestamp": 1765669349461}, {"id": "529344090", "price": 13.349, "amount": 4.0, "side": "buy", "timestamp": 1765669351494}, {"id": "529344091", "price": 13.348, "amount": 23.0, "side": "sell", "timestamp": 1765669351860}, {"id": "529344092", "price": 13.348, "amount": 21.0, "side": "sell", "timestamp": 1765669352225}, {"id": "529344093", "price": 13.348, "amount": 1.0, "side": "sell", "timestamp": 1765669353283}, {"id": "529344094", "price": 13.349, "amount": 1.0, "side": "buy", "timestamp": 1765669353555}, {"id": "529344095", "price": 13.348, "amount": 1.0, "side": "sell", "timestamp": 1765669354140}, {"id": "529344096", "price": 13.349, "amount": 1.0, "side": "buy", "timestamp": 1765669355387}, {"id": "529344097", "price": 13.348, "amount": 1.0, "side": "sell", "timestamp": 1765669355666}, {"id": "529344098", "price": 13.348, "amount": 74.0, "side": "sell", "timestamp": 1765669357243}, {"id": "529344099", "price": 13.348, "amount": 2.0, "side": "sell", "timestamp": 1765669358115}, {"id": "529344100", "price": 13.348, "amount": 2.0, "side": "sell", "timestamp": 1765669360576}, {"id": "529344101", "price": 13.349, "amount": 1.0, "side": "buy", "timestamp": 1765669363185}, {"id": "529344102", "price": 13.349, "amount": 200.0, "side": "buy", "timestamp": 1765669368193}, {"id": "529344103", "price": 13.348, "amount": 5.0, "side": "sell", "timestamp": 1765669370577}, {"id": "529344104", "price": 13.349, "amount": 1.0, "side": "buy", "timestamp": 1765669372435}, {"id": "529344105", "price": 13.349, "amount": 46.0, "side": "buy", "timestamp": 1765669373893}, {"id": "529344106", "price": 13.349, "amount": 1.0, "side": "buy", "timestamp": 1765669378819}, {"id": "529344107", "price": 13.349, "amount": 1.0, "side": "buy", "timestamp": 1765669379192}, {"id": "529344108", "price": 13.349, "amount": 239.0, "side": "buy", "timestamp": 1765669381484}, {"id": "529344109", "price": 13.349, "amount": 1.0, "side": "sell", "timestamp": 1765669381554}, {"id": "529344110", "price": 13.35, "amount": 1.0, "side": "buy", "timestamp": 1765669382022}, {"id": "529344111", "price": 13.35, "amount": 1.0, "side": "buy", "timestamp": 1765669382475}, {"id": "529344112", "price": 13.349, "amount": 2.0, "side": "sell", "timestamp": 1765669383681}, {"id": "529344113", "price": 13.349, "amount": 1.0, "side": "sell", "timestamp": 1765669384228}, {"id": "529344114", "price": 13.35, "amount": 2.0, "side": "buy", "timestamp": 1765669384766}, {"id": "529344115", "price": 13.35, "amount": 243.0, "side": "buy", "timestamp": 1765669387967}, {"id": "529344100", "price": 13.348, "amount": 2.0, "side": "sell", "timestamp": 1765669360576}, {"id": "529344101", "price": 13.349, "amount": 1.0, "side": "buy", "timestamp": 1765669363185}, {"id": "529344102", "price": 13.349, "amount": 200.0, "side": "buy", "timestamp": 1765669368193}, {"id": "529344103", "price": 13.348, "amount": 5.0, "side": "sell", "timestamp": 1765669370577}, {"id": "529344104", "price": 13.349, "amount": 1.0, "side": "buy", "timestamp": 1765669372435}, {"id": "529344105", "price": 13.349, "amount": 46.0, "side": "buy", "timestamp": 1765669373893}, {"id": "529344106", "price": 13.349, "amount": 1.0, "side": "buy", "timestamp": 1765669378819}, {"id": "529344107", "price": 13.349, "amount": 1.0, "side": "buy", "timestamp": 1765669379192}, {"id": "529344108", "price": 13.349, "amount": 239.0, "side": "buy", "timestamp": 1765669381484}, {"id": "529344109", "price": 13.349, "amount": 1.0, "side": "sell", "timestamp": 1765669381554}, {"id": "529344110", "price": 13.35, "amount": 1.0, "side": "buy", "timestamp": 1765669382022}, {"id": "529344111", "price": 13.35, "amount": 1.0, "side": "buy", "timestamp": 1765669382475}, {"id": "529344112", "price": 13.349, "amount": 2.0, "side": "sell", "timestamp": 1765669383681}, {"id": "529344113", "price": 13.349, "amount": 1.0, "side": "sell", "timestamp": 1765669384228}, {"id": "529344114", "price": 13.35, "amount": 2.0, "side": "buy", "timestamp": 1765669384766}, {"id": "529344115", "price": 13.35, "amount": 243.0, "side": "buy", "timestamp": 1765669387967}, {"id": "529344116", "price": 13.35, "amount": 1.0, "side": "buy", "timestamp": 1765669390044}, {"id": "529344117", "price": 13.35, "amount": 1.0, "side": "buy", "timestamp": 1765669390337}, {"id": "529344118", "price": 13.349, "amount": 1.0, "side": "sell", "timestamp": 1765669391659}, {"id": "529344119", "price": 13.35, "amount": 1.0, "side": "buy", "timestamp": 1765669395735}, {"id": "529344120", "price": 13.349, "amount": 2.0, "side": "sell", "timestamp": 1765669399078}, {"id": "529344121", "price": 13.35, "amount": 13.0, "side": "buy", "timestamp": 1765669399122}, {"id": "529344122", "price": 13.349, "amount": 1.0, "side": "sell", "timestamp": 1765669399424}, {"id": "529344123", "price": 13.35, "amount": 1.0, "side": "buy", "timestamp": 1765669401266}, {"id": "529344124", "price": 13.35, "amount": 1.0, "side": "buy", "timestamp": 1765669403111}, {"id": "529344125", "price": 13.35, "amount": 1.0, "side": "buy", "timestamp": 1765669405696}, {"id": "529344126", "price": 13.35, "amount": 1.0, "side": "buy", "timestamp": 1765669408538}, {"id": "529344127", "price": 13.35, "amount": 2.0, "side": "buy", "timestamp": 1765669411113}, {"id": "529344128", "price": 13.349, "amount": 1.0, "side": "sell", "timestamp": 1765669411864}, {"id": "529344129", "price": 13.349, "amount": 1.0, "side": "sell", "timestamp": 1765669412563}, {"id": "529344130", "price": 13.35, "amount": 1.0, "side": "buy", "timestamp": 1765669413764}, {"id": "529344131", "price": 13.35, "amount": 4.0, "side": "buy", "timestamp": 1765669415229}, {"id": "529344132", "price": 13.349, "amount": 23.0, "side": "sell", "timestamp": 1765669415600}, {"id": "529344133", "price": 13.349, "amount": 21.0, "side": "sell", "timestamp": 1765669415930}, {"id": "529344134", "price": 13.349, "amount": 100.0, "side": "sell", "timestamp": 1765669417832}, {"id": "529344135", "price": 13.35, "amount": 3.0, "side": "buy", "timestamp": 1765669419609}, {"id": "529344136", "price": 13.349, "amount": 1.0, "side": "sell", "timestamp": 1765669422151}, {"id": "529344137", "price": 13.35, "amount": 1.0, "side": "buy", "timestamp": 1765669424552}, {"id": "529344138", "price": 13.35, "amount": 1.0, "side": "buy", "timestamp": 1765669425504}, {"id": "529344139", "price": 13.349, "amount": 1.0, "side": "sell", "timestamp": 1765669427655}, {"id": "529344140", "price": 13.349, "amount": 1.0, "side": "sell", "timestamp": 1765669429998}, {"id": "529344141", "price": 13.35, "amount": 637.0, "side": "buy", "timestamp": 1765669433280}, {"id": "529344142", "price": 13.351, "amount": 1437.0, "side": "buy", "timestamp": 1765669433323}, {"id": "529344143", "price": 13.351, "amount": 2.0, "side": "sell", "timestamp": 1765669435724}, {"id": "529344144", "price": 13.352, "amount": 7.0, "side": "buy", "timestamp": 1765669435741}, {"id": "529344145", "price": 13.352, "amount": 134.0, "side": "buy", "timestamp": 1765669436206}, {"id": "529344146", "price": 13.353, "amount": 1.0, "side": "buy", "timestamp": 1765669436216}, {"id": "529344147", "price": 13.352, "amount": 2.0, "side": "sell", "timestamp": 1765669440594}, {"id": "529344148", "price": 13.353, "amount": 126.0, "side": "buy", "timestamp": 1765669440782}, {"id": "529344149", "price": 13.354, "amount": 193.0, "side": "buy", "timestamp": 1765669440843}, {"id": "529344126", "price": 13.35, "amount": 1.0, "side": "buy", "timestamp": 1765669408538}, {"id": "529344127", "price": 13.35, "amount": 2.0, "side": "buy", "timestamp": 1765669411113}, {"id": "529344128", "price": 13.349, "amount": 1.0, "side": "sell", "timestamp": 1765669411864}, {"id": "529344129", "price": 13.349, "amount": 1.0, "side": "sell", "timestamp": 1765669412563}, {"id": "529344130", "price": 13.35, "amount": 1.0, "side": "buy", "timestamp": 1765669413764}, {"id": "529344131", "price": 13.35, "amount": 4.0, "side": "buy", "timestamp": 1765669415229}, {"id": "529344132", "price": 13.349, "amount": 23.0, "side": "sell", "timestamp": 1765669415600}, {"id": "529344133", "price": 13.349, "amount": 21.0, "side": "sell", "timestamp": 1765669415930}, {"id": "529344134", "price": 13.349, "amount": 100.0, "side": "sell", "timestamp": 1765669417832}, {"id": "529344135", "price": 13.35, "amount": 3.0, "side": "buy", "timestamp": 1765669419609}, {"id": "529344136", "price": 13.349, "amount": 1.0, "side": "sell", "timestamp": 1765669422151}, {"id": "529344137", "price": 13.35, "amount": 1.0, "side": "buy", "timestamp": 1765669424552}, {"id": "529344138", "price": 13.35, "amount": 1.0, "side": "buy", "timestamp": 1765669425504}, {"id": "529344139", "price": 13.349, "amount": 1.0, "side": "sell", "timestamp": 1765669427655}, {"id": "529344140", "price": 13.349, "amount": 1.0, "side": "sell", "timestamp": 1765669429998}, {"id": "529344141", "price": 13.35, "amount": 637.0, "side": "buy", "timestamp": 1765669433280}, {"id": "529344142", "price": 13.351, "amount": 1437.0, "side": "buy", "timestamp": 1765669433323}, {"id": "529344143", "price": 13.351, "amount": 2.0, "side": "sell", "timestamp": 1765669435724}, {"id": "529344144", "price": 13.352, "amount": 7.0, "side": "buy", "timestamp": 1765669435741}, {"id": "529344145", "price": 13.352, "amount": 134.0, "side": "buy", "timestamp": 1765669436206}, {"id": "529344146", "price": 13.353, "amount": 1.0, "side": "buy", "timestamp": 1765669436216}, {"id": "529344147", "price": 13.352, "amount": 2.0, "side": "sell", "timestamp": 1765669440594}, {"id": "529344148", "price": 13.353, "amount": 126.0, "side": "buy", "timestamp": 1765669440782}, {"id": "529344149", "price": 13.354, "amount": 193.0, "side": "buy", "timestamp": 1765669440843}, {"id": "529344150", "price": 13.354, "amount": 2.0, "side": "sell", "timestamp": 1765669441057}, {"id": "529344151", "price": 13.354, "amount": 1.0, "side": "sell", "timestamp": 1765669441181}, {"id": "529344152", "price": 13.354, "amount": 1.0, "side": "sell", "timestamp": 1765669441554}, {"id": "529344153", "price": 13.354, "amount": 1.0, "side": "sell", "timestamp": 1765669442174}, {"id": "529344154", "price": 13.355, "amount": 243.0, "side": "buy", "timestamp": 1765669443196}, {"id": "529344155", "price": 13.355, "amount": 2.0, "side": "buy", "timestamp": 1765669443300}, {"id": "529344156", "price": 13.354, "amount": 3.0, "side": "sell", "timestamp": 1765669443454}, {"id": "529344157", "price": 13.354, "amount": 1.0, "side": "sell", "timestamp": 1765669444425}, {"id": "529344158", "price": 13.355, "amount": 1.0, "side": "buy", "timestamp": 1765669448351}, {"id": "529344159", "price": 13.355, "amount": 1.0, "side": "buy", "timestamp": 1765669448720}, {"id": "529344160", "price": 13.355, "amount": 1.0, "side": "buy", "timestamp": 1765669451325}, {"id": "529344161", "price": 13.355, "amount": 9.0, "side": "buy", "timestamp": 1765669452207}, {"id": "529344162", "price": 13.355, "amount": 1.0, "side": "buy", "timestamp": 1765669455634}, {"id": "529344163", "price": 13.354, "amount": 3.0, "side": "sell", "timestamp": 1765669460179}, {"id": "529344164", "price": 13.354, "amount": 1.0, "side": "sell", "timestamp": 1765669463654}, {"id": "529344165", "price": 13.355, "amount": 4.0, "side": "buy", "timestamp": 1765669464352}, {"id": "529344166", "price": 13.354, "amount": 1.0, "side": "sell", "timestamp": 1765669466753}, {"id": "529344167", "price": 13.354, "amount": 2.0, "side": "sell", "timestamp": 1765669469662}, {"id": "529344168", "price": 13.355, "amount": 1.0, "side": "buy", "timestamp": 1765669470114}, {"id": "529344169", "price": 13.355, "amount": 4.0, "side": "buy", "timestamp": 1765669472950}, {"id": "529344170", "price": 13.354, "amount": 23.0, "side": "sell", "timestamp": 1765669473318}, {"id": "529344171", "price": 13.354, "amount": 21.0, "side": "sell", "timestamp": 1765669473650}, {"id": "529344172", "price": 13.354, "amount": 1.0, "side": "sell", "timestamp": 1765669473933}, {"id": "529344173", "price": 13.355, "amount": 1.0, "side": "buy", "timestamp": 1765669474940}, {"id": "529344174", "price": 13.355, "amount": 1.0, "side": "buy", "timestamp": 1765669481264}, {"id": "529344175", "price": 13.354, "amount": 1.0, "side": "sell", "timestamp": 1765669486288}, {"id": "529344191", "price": 13.362, "amount": 29.0, "side": "buy", "timestamp": 1765669507034}, {"id": "529344192", "price": 13.363, "amount": 1646.0, "side": "buy", "timestamp": 1765669507034}, {"id": "529344193", "price": 13.364, "amount": 526.0, "side": "buy", "timestamp": 1765669507034}, {"id": "529344194", "price": 13.36, "amount": 20.0, "side": "sell", "timestamp": 1765669507034}, {"id": "529344195", "price": 13.364, "amount": 77.0, "side": "sell", "timestamp": 1765669507172}, {"id": "529344196", "price": 13.363, "amount": 336.0, "side": "sell", "timestamp": 1765669507172}, {"id": "529344197", "price": 13.362, "amount": 162.0, "side": "sell", "timestamp": 1765669507174}, {"id": "529344198", "price": 13.361, "amount": 197.0, "side": "sell", "timestamp": 1765669507179}, {"id": "529344199", "price": 13.361, "amount": 1.0, "side": "buy", "timestamp": 1765669507224}, {"id": "529344200", "price": 13.361, "amount": 5.0, "side": "buy", "timestamp": 1765669507350}, {"id": "529344201", "price": 13.36, "amount": 1.0, "side": "sell", "timestamp": 1765669508688}, {"id": "529344202", "price": 13.361, "amount": 2.0, "side": "buy", "timestamp": 1765669508728}, {"id": "529344203", "price": 13.361, "amount": 1.0, "side": "buy", "timestamp": 1765669509084}, {"id": "529344204", "price": 13.361, "amount": 8.0, "side": "buy", "timestamp": 1765669510358}, {"id": "529344205", "price": 13.361, "amount": 1.0, "side": "buy", "timestamp": 1765669511679}, {"id": "529344206", "price": 13.361, "amount": 239.0, "side": "buy", "timestamp": 1765669512599}, {"id": "529344207", "price": 13.361, "amount": 1.0, "side": "buy", "timestamp": 1765669513023}, {"id": "529344208", "price": 13.361, "amount": 1.0, "side": "buy", "timestamp": 1765669515670}, {"id": "529344209", "price": 13.361, "amount": 3.0, "side": "buy", "timestamp": 1765669518057}, {"id": "529344210", "price": 13.361, "amount": 1.0, "side": "buy", "timestamp": 1765669519972}, {"id": "529344211", "price": 13.361, "amount": 1.0, "side": "buy", "timestamp": 1765669522637}, {"id": "529344212", "price": 13.361, "amount": 2.0, "side": "buy", "timestamp": 1765669524219}, {"id": "529344213", "price": 13.361, "amount": 46.0, "side": "buy", "timestamp": 1765669525654}, {"id": "529344214", "price": 13.361, "amount": 26.0, "side": "buy", "timestamp": 1765669526150}, {"id": "529344215", "price": 13.361, "amount": 2.0, "side": "buy", "timestamp": 1765669526789}, {"id": "529344216", "price": 13.361, "amount": 106.0, "side": "buy", "timestamp": 1765669527436}, {"id": "529344217", "price": 13.362, "amount": 146.0, "side": "buy", "timestamp": 1765669527436}, {"id": "529344218", "price": 13.363, "amount": 2.0, "side": "buy", "timestamp": 1765669528812}, {"id": "529344219", "price": 13.363, "amount": 4.0, "side": "buy", "timestamp": 1765669531028}, {"id": "529344220", "price": 13.364, "amount": 2.0, "side": "buy", "timestamp": 1765669533323}, {"id": "529344221", "price": 13.364, "amount": 4.0, "side": "buy", "timestamp": 1765669533995}, {"id": "529344222", "price": 13.364, "amount": 4.0, "side": "buy", "timestamp": 1765669534233}, {"id": "529344223", "price": 13.363, "amount": 23.0, "side": "sell", "timestamp": 1765669534367}, {"id": "529344224", "price": 13.364, "amount": 20.0, "side": "buy", "timestamp": 1765669534465}, {"id": "529344225", "price": 13.365, "amount": 74.0, "side": "buy", "timestamp": 1765669534483}, {"id": "529344226", "price": 13.364, "amount": 21.0, "side": "sell", "timestamp": 1765669534710}, {"id": "529344227", "price": 13.364, "amount": 1.0, "side": "sell", "timestamp": 1765669535662}, {"id": "529344228", "price": 13.365, "amount": 18.0, "side": "buy", "timestamp": 1765669535833}, {"id": "529344229", "price": 13.365, "amount": 1.0, "side": "buy", "timestamp": 1765669538465}, {"id": "529344230", "price": 13.364, "amount": 1.0, "side": "sell", "timestamp": 1765669538611}, {"id": "529344231", "price": 13.365, "amount": 74.0, "side": "buy", "timestamp": 1765669538783}, {"id": "529344232", "price": 13.365, "amount": 53.0, "side": "buy", "timestamp": 1765669538923}, {"id": "529344233", "price": 13.366, "amount": 7.0, "side": "buy", "timestamp": 1765669538976}, {"id": "529344234", "price": 13.366, "amount": 1.0, "side": "buy", "timestamp": 1765669539317}, {"id": "529344235", "price": 13.366, "amount": 1.0, "side": "buy", "timestamp": 1765669543231}, {"id": "529344236", "price": 13.365, "amount": 85.0, "side": "sell", "timestamp": 1765669543471}, {"id": "529344237", "price": 13.366, "amount": 156.0, "side": "buy", "timestamp": 1765669544070}, {"id": "529344238", "price": 13.367, "amount": 248.0, "side": "buy", "timestamp": 1765669544070}, {"id": "529344239", "price": 13.367, "amount": 72.0, "side": "buy", "timestamp": 1765669546094}, {"id": "529344240", "price": 13.367, "amount": 1.0, "side": "buy", "timestamp": 1765669546451}, {"id": "529344260", "price": 13.365, "amount": 14.0, "side": "sell", "timestamp": 1765669568470}, {"id": "529344261", "price": 13.366, "amount": 135.0, "side": "buy", "timestamp": 1765669569005}, {"id": "529344262", "price": 13.366, "amount": 1.0, "side": "sell", "timestamp": 1765669570505}, {"id": "529344263", "price": 13.366, "amount": 11.0, "side": "sell", "timestamp": 1765669570956}, {"id": "529344264", "price": 13.367, "amount": 374.0, "side": "buy", "timestamp": 1765669571409}, {"id": "529344265", "price": 13.368, "amount": 449.0, "side": "buy", "timestamp": 1765669571409}, {"id": "529344266", "price": 13.369, "amount": 1846.0, "side": "buy", "timestamp": 1765669571410}, {"id": "529344267", "price": 13.37, "amount": 1309.0, "side": "buy", "timestamp": 1765669571410}, {"id": "529344268", "price": 13.371, "amount": 679.0, "side": "buy", "timestamp": 1765669571410}, {"id": "529344269", "price": 13.372, "amount": 1041.0, "side": "buy", "timestamp": 1765669571410}, {"id": "529344270", "price": 13.373, "amount": 312.0, "side": "buy", "timestamp": 1765669571410}, {"id": "529344271", "price": 13.369, "amount": 1.0, "side": "sell", "timestamp": 1765669571656}, {"id": "529344272", "price": 13.37, "amount": 20.0, "side": "buy", "timestamp": 1765669573441}, {"id": "529344273", "price": 13.371, "amount": 32.0, "side": "buy", "timestamp": 1765669573441}, {"id": "529344274", "price": 13.372, "amount": 197.0, "side": "buy", "timestamp": 1765669573441}, {"id": "529344275", "price": 13.373, "amount": 172.0, "side": "buy", "timestamp": 1765669573441}, {"id": "529344276", "price": 13.371, "amount": 347.0, "side": "sell", "timestamp": 1765669573447}, {"id": "529344277", "price": 13.372, "amount": 1.0, "side": "buy", "timestamp": 1765669573456}, {"id": "529344278", "price": 13.371, "amount": 6.0, "side": "sell", "timestamp": 1765669573459}, {"id": "529344279", "price": 13.37, "amount": 501.0, "side": "sell", "timestamp": 1765669573461}, {"id": "529344280", "price": 13.369, "amount": 1340.0, "side": "sell", "timestamp": 1765669573470}, {"id": "529344281", "price": 13.369, "amount": 2.0, "side": "buy", "timestamp": 1765669573472}, {"id": "529344282", "price": 13.369, "amount": 27.0, "side": "buy", "timestamp": 1765669573583}, {"id": "529344283", "price": 13.368, "amount": 6.0, "side": "sell", "timestamp": 1765669573599}, {"id": "529344284", "price": 13.367, "amount": 86.0, "side": "sell", "timestamp": 1765669574134}, {"id": "529344285", "price": 13.367, "amount": 31.0, "side": "buy", "timestamp": 1765669575492}, {"id": "529344286", "price": 13.367, "amount": 2.0, "side": "buy", "timestamp": 1765669576263}, {"id": "529344287", "price": 13.367, "amount": 1.0, "side": "buy", "timestamp": 1765669577620}, {"id": "529344288", "price": 13.367, "amount": 2.0, "side": "buy", "timestamp": 1765669578926}, {"id": "529344289", "price": 13.367, "amount": 203.0, "side": "buy", "timestamp": 1765669579035}, {"id": "529344290", "price": 13.366, "amount": 29.0, "side": "sell", "timestamp": 1765669582904}, {"id": "529344291", "price": 13.367, "amount": 1.0, "side": "buy", "timestamp": 1765669583176}, {"id": "529344292", "price": 13.367, "amount": 21.0, "side": "buy", "timestamp": 1765669583859}, {"id": "529344293", "price": 13.368, "amount": 3.0, "side": "buy", "timestamp": 1765669585982}, {"id": "529344294", "price": 13.369, "amount": 14.0, "side": "buy", "timestamp": 1765669585983}, {"id": "529344295", "price": 13.37, "amount": 1.0, "side": "buy", "timestamp": 1765669586705}, {"id": "529344296", "price": 13.37, "amount": 98.0, "side": "buy", "timestamp": 1765669589190}, {"id": "529344297", "price": 13.371, "amount": 2.0, "side": "buy", "timestamp": 1765669589206}, {"id": "529344298", "price": 13.372, "amount": 118.0, "side": "buy", "timestamp": 1765669589206}, {"id": "529344299", "price": 13.373, "amount": 7.0, "side": "buy", "timestamp": 1765669589429}, {"id": "529344300", "price": 13.372, "amount": 33.0, "side": "sell", "timestamp": 1765669589950}, {"id": "529344301", "price": 13.373, "amount": 1.0, "side": "buy", "timestamp": 1765669590401}, {"id": "529344302", "price": 13.373, "amount": 1.0, "side": "buy", "timestamp": 1765669590923}, {"id": "529344303", "price": 13.372, "amount": 66.0, "side": "sell", "timestamp": 1765669591231}, {"id": "529344304", "price": 13.371, "amount": 1.0, "side": "sell", "timestamp": 1765669591240}, {"id": "529344305", "price": 13.37, "amount": 2.0, "side": "sell", "timestamp": 1765669591247}, {"id": "529344306", "price": 13.369, "amount": 7.0, "side": "sell", "timestamp": 1765669592141}, {"id": "529344307", "price": 13.369, "amount": 1.0, "side": "sell", "timestamp": 1765669592914}, {"id": "529344308", "price": 13.369, "amount": 1.0, "side": "sell", "timestamp": 1765669593251}, {"id": "529344309", "price": 13.37, "amount": 59.0, "side": "buy", "timestamp": 1765669597968}, {"id": "529344347", "price": 13.376, "amount": 1.0, "side": "buy", "timestamp": 1765669624886}, {"id": "529344348", "price": 13.375, "amount": 449.0, "side": "sell", "timestamp": 1765669625635}, {"id": "529344349", "price": 13.374, "amount": 180.0, "side": "sell", "timestamp": 1765669627660}, {"id": "529344350", "price": 13.374, "amount": 4.0, "side": "buy", "timestamp": 1765669628331}, {"id": "529344351", "price": 13.373, "amount": 160.0, "side": "sell", "timestamp": 1765669628645}, {"id": "529344352", "price": 13.372, "amount": 23.0, "side": "sell", "timestamp": 1765669628700}, {"id": "529344353", "price": 13.372, "amount": 175.0, "side": "sell", "timestamp": 1765669629070}, {"id": "529344354", "price": 13.372, "amount": 190.0, "side": "buy", "timestamp": 1765669631587}, {"id": "529344355", "price": 13.373, "amount": 109.0, "side": "buy", "timestamp": 1765669631587}, {"id": "529344356", "price": 13.373, "amount": 11.0, "side": "buy", "timestamp": 1765669632082}, {"id": "529344357", "price": 13.374, "amount": 45.0, "side": "buy", "timestamp": 1765669632119}, {"id": "529344358", "price": 13.375, "amount": 118.0, "side": "buy", "timestamp": 1765669632137}, {"id": "529344359", "price": 13.376, "amount": 20.0, "side": "buy", "timestamp": 1765669632185}, {"id": "529344360", "price": 13.375, "amount": 681.0, "side": "sell", "timestamp": 1765669632192}, {"id": "529344361", "price": 13.375, "amount": 37.0, "side": "buy", "timestamp": 1765669632198}, {"id": "529344362", "price": 13.374, "amount": 147.0, "side": "sell", "timestamp": 1765669632200}, {"id": "529344363", "price": 13.374, "amount": 8.0, "side": "buy", "timestamp": 1765669632231}, {"id": "529344364", "price": 13.373, "amount": 1.0, "side": "sell", "timestamp": 1765669632240}, {"id": "529344365", "price": 13.372, "amount": 149.0, "side": "sell", "timestamp": 1765669632242}, {"id": "529344366", "price": 13.372, "amount": 6.0, "side": "buy", "timestamp": 1765669632249}, {"id": "529344367", "price": 13.371, "amount": 1.0, "side": "sell", "timestamp": 1765669633509}, {"id": "529344368", "price": 13.372, "amount": 3.0, "side": "buy", "timestamp": 1765669633768}, {"id": "529344369", "price": 13.372, "amount": 3.0, "side": "buy", "timestamp": 1765669634010}, {"id": "529344370", "price": 13.371, "amount": 2.0, "side": "sell", "timestamp": 1765669637092}, {"id": "529344371", "price": 13.372, "amount": 14.0, "side": "buy", "timestamp": 1765669638842}, {"id": "529344372", "price": 13.373, "amount": 13.0, "side": "buy", "timestamp": 1765669639390}, {"id": "529344373", "price": 13.373, "amount": 1.0, "side": "buy", "timestamp": 1765669639901}, {"id": "529344374", "price": 13.374, "amount": 3.0, "side": "buy", "timestamp": 1765669640026}, {"id": "529344375", "price": 13.375, "amount": 3.0, "side": "buy", "timestamp": 1765669640026}, {"id": "529344376", "price": 13.376, "amount": 8.0, "side": "buy", "timestamp": 1765669640026}, {"id": "529344377", "price": 13.375, "amount": 295.0, "side": "sell", "timestamp": 1765669640032}, {"id": "529344378", "price": 13.374, "amount": 5.0, "side": "sell", "timestamp": 1765669640074}, {"id": "529344379", "price": 13.374, "amount": 22.0, "side": "buy", "timestamp": 1765669640186}, {"id": "529344380", "price": 13.373, "amount": 1.0, "side": "sell", "timestamp": 1765669640212}, {"id": "529344381", "price": 13.374, "amount": 7.0, "side": "buy", "timestamp": 1765669640309}, {"id": "529344382", "price": 13.373, "amount": 1.0, "side": "sell", "timestamp": 1765669643657}, {"id": "529344383", "price": 13.373, "amount": 27.0, "side": "sell", "timestamp": 1765669646010}, {"id": "529344384", "price": 13.373, "amount": 19.0, "side": "sell", "timestamp": 1765669646479}, {"id": "529344385", "price": 13.374, "amount": 1.0, "side": "buy", "timestamp": 1765669647254}, {"id": "529344386", "price": 13.373, "amount": 112.0, "side": "sell", "timestamp": 1765669647947}, {"id": "529344387", "price": 13.373, "amount": 5.0, "side": "buy", "timestamp": 1765669648441}, {"id": "529344388", "price": 13.373, "amount": 19.0, "side": "buy", "timestamp": 1765669648772}, {"id": "529344389", "price": 13.374, "amount": 41.0, "side": "buy", "timestamp": 1765669648821}, {"id": "529344390", "price": 13.374, "amount": 1.0, "side": "buy", "timestamp": 1765669650497}, {"id": "529344391", "price": 13.374, "amount": 2.0, "side": "buy", "timestamp": 1765669650693}, {"id": "529344392", "price": 13.375, "amount": 142.0, "side": "buy", "timestamp": 1765669650693}, {"id": "529344393", "price": 13.375, "amount": 1.0, "side": "buy", "timestamp": 1765669651074}, {"id": "529344394", "price": 13.375, "amount": 1.0, "side": "buy", "timestamp": 1765669651894}, {"id": "529344395", "price": 13.374, "amount": 2.0, "side": "sell", "timestamp": 1765669652631}, {"id": "529344396", "price": 13.375, "amount": 1.0, "side": "buy", "timestamp": 1765669652690}, {"id": "529344406", "price": 13.374, "amount": 21.0, "side": "sell", "timestamp": 1765669674436}, {"id": "529344407", "price": 13.375, "amount": 3.0, "side": "buy", "timestamp": 1765669675785}, {"id": "529344408", "price": 13.375, "amount": 1.0, "side": "buy", "timestamp": 1765669676324}, {"id": "529344409", "price": 13.375, "amount": 9.0, "side": "buy", "timestamp": 1765669676836}, {"id": "529344410", "price": 13.375, "amount": 4.0, "side": "buy", "timestamp": 1765669677018}, {"id": "529344411", "price": 13.374, "amount": 1.0, "side": "sell", "timestamp": 1765669678047}, {"id": "529344412", "price": 13.374, "amount": 1.0, "side": "sell", "timestamp": 1765669679666}, {"id": "529344413", "price": 13.374, "amount": 886.0, "side": "sell", "timestamp": 1765669680804}, {"id": "529344414", "price": 13.373, "amount": 5.0, "side": "sell", "timestamp": 1765669680810}, {"id": "529344415", "price": 13.373, "amount": 7.0, "side": "buy", "timestamp": 1765669681052}, {"id": "529344416", "price": 13.373, "amount": 1.0, "side": "buy", "timestamp": 1765669681174}, {"id": "529344417", "price": 13.372, "amount": 49.0, "side": "sell", "timestamp": 1765669681512}, {"id": "529344418", "price": 13.372, "amount": 233.0, "side": "buy", "timestamp": 1765669682281}, {"id": "529344419", "price": 13.372, "amount": 4.0, "side": "buy", "timestamp": 1765669682399}, {"id": "529344420", "price": 13.373, "amount": 7.0, "side": "buy", "timestamp": 1765669682399}, {"id": "529344421", "price": 13.373, "amount": 421.0, "side": "buy", "timestamp": 1765669683241}, {"id": "529344422", "price": 13.372, "amount": 4.0, "side": "sell", "timestamp": 1765669683850}, {"id": "529344423", "price": 13.373, "amount": 2.0, "side": "buy", "timestamp": 1765669685353}, {"id": "529344424", "price": 13.373, "amount": 3.0, "side": "buy", "timestamp": 1765669685528}, {"id": "529344425", "price": 13.373, "amount": 1.0, "side": "buy", "timestamp": 1765669685847}, {"id": "529344426", "price": 13.373, "amount": 3.0, "side": "buy", "timestamp": 1765669686169}, {"id": "529344427", "price": 13.372, "amount": 18.0, "side": "sell", "timestamp": 1765669686705}, {"id": "529344428", "price": 13.372, "amount": 2.0, "side": "sell", "timestamp": 1765669688337}, {"id": "529344429", "price": 13.372, "amount": 2.0, "side": "sell", "timestamp": 1765669688442}, {"id": "529344430", "price": 13.372, "amount": 2.0, "side": "sell", "timestamp": 1765669688626}, {"id": "529344431", "price": 13.372, "amount": 2.0, "side": "sell", "timestamp": 1765669688743}, {"id": "529344432", "price": 13.373, "amount": 1.0, "side": "buy", "timestamp": 1765669689908}, {"id": "529344433", "price": 13.372, "amount": 1.0, "side": "sell", "timestamp": 1765669690245}, {"id": "529344434", "price": 13.372, "amount": 1.0, "side": "sell", "timestamp": 1765669690428}, {"id": "529344435", "price": 13.373, "amount": 1.0, "side": "buy", "timestamp": 1765669692393}, {"id": "529344436", "price": 13.373, "amount": 1.0, "side": "buy", "timestamp": 1765669694178}, {"id": "529344437", "price": 13.372, "amount": 1.0, "side": "sell", "timestamp": 1765669694332}, {"id": "529344438", "price": 13.372, "amount": 1.0, "side": "sell", "timestamp": 1765669694448}, {"id": "529344439", "price": 13.373, "amount": 3.0, "side": "buy", "timestamp": 1765669695627}, {"id": "529344440", "price": 13.372, "amount": 1.0, "side": "sell", "timestamp": 1765669697223}, {"id": "529344441", "price": 13.372, "amount": 2.0, "side": "sell", "timestamp": 1765669698324}, {"id": "529344442", "price": 13.372, "amount": 372.0, "side": "sell", "timestamp": 1765669699509}, {"id": "529344443", "price": 13.372, "amount": 19.0, "side": "sell", "timestamp": 1765669699813}, {"id": "529344444", "price": 13.372, "amount": 4.0, "side": "sell", "timestamp": 1765669700338}, {"id": "529344445", "price": 13.372, "amount": 6.0, "side": "sell", "timestamp": 1765669700536}, {"id": "529344446", "price": 13.372, "amount": 1.0, "side": "sell", "timestamp": 1765669700756}, {"id": "529344447", "price": 13.372, "amount": 94.0, "side": "sell", "timestamp": 1765669703910}, {"id": "529344448", "price": 13.371, "amount": 358.0, "side": "sell", "timestamp": 1765669703951}, {"id": "529344449", "price": 13.37, "amount": 293.0, "side": "sell", "timestamp": 1765669703958}, {"id": "529344450", "price": 13.369, "amount": 344.0, "side": "sell", "timestamp": 1765669703963}, {"id": "529344451", "price": 13.368, "amount": 519.0, "side": "sell", "timestamp": 1765669703964}, {"id": "529344452", "price": 13.367, "amount": 142.0, "side": "sell", "timestamp": 1765669704035}, {"id": "529344453", "price": 13.366, "amount": 6.0, "side": "sell", "timestamp": 1765669704209}, {"id": "529344454", "price": 13.366, "amount": 11.0, "side": "sell", "timestamp": 1765669704488}, {"id": "529344455", "price": 13.367, "amount": 1.0, "side": "buy", "timestamp": 1765669705346}, {"id": "529344473", "price": 13.365, "amount": 1.0, "side": "sell", "timestamp": 1765669714832}, {"id": "529344474", "price": 13.365, "amount": 4.0, "side": "sell", "timestamp": 1765669715132}, {"id": "529344475", "price": 13.365, "amount": 5.0, "side": "sell", "timestamp": 1765669715432}, {"id": "529344476", "price": 13.365, "amount": 5.0, "side": "sell", "timestamp": 1765669715666}, {"id": "529344477", "price": 13.366, "amount": 1.0, "side": "buy", "timestamp": 1765669716003}, {"id": "529344478", "price": 13.365, "amount": 2.0, "side": "sell", "timestamp": 1765669716033}, {"id": "529344479", "price": 13.366, "amount": 1.0, "side": "buy", "timestamp": 1765669716558}, {"id": "529344480", "price": 13.365, "amount": 3.0, "side": "sell", "timestamp": 1765669718252}, {"id": "529344481", "price": 13.366, "amount": 1.0, "side": "buy", "timestamp": 1765669718574}, {"id": "529344482", "price": 13.365, "amount": 7.0, "side": "sell", "timestamp": 1765669718828}, {"id": "529344483", "price": 13.365, "amount": 2.0, "side": "sell", "timestamp": 1765669719322}, {"id": "529344484", "price": 13.365, "amount": 2.0, "side": "sell", "timestamp": 1765669719863}, {"id": "529344485", "price": 13.365, "amount": 1.0, "side": "sell", "timestamp": 1765669721337}, {"id": "529344486", "price": 13.366, "amount": 1.0, "side": "buy", "timestamp": 1765669722914}, {"id": "529344487", "price": 13.365, "amount": 3.0, "side": "sell", "timestamp": 1765669724621}, {"id": "529344488", "price": 13.365, "amount": 1.0, "side": "sell", "timestamp": 1765669725240}, {"id": "529344489", "price": 13.366, "amount": 1.0, "side": "buy", "timestamp": 1765669727482}, {"id": "529344490", "price": 13.366, "amount": 1.0, "side": "buy", "timestamp": 1765669727818}, {"id": "529344491", "price": 13.365, "amount": 1.0, "side": "sell", "timestamp": 1765669729086}, {"id": "529344492", "price": 13.366, "amount": 2.0, "side": "buy", "timestamp": 1765669734618}, {"id": "529344493", "price": 13.365, "amount": 1.0, "side": "sell", "timestamp": 1765669734850}, {"id": "529344494", "price": 13.366, "amount": 4.0, "side": "buy", "timestamp": 1765669735180}, {"id": "529344495", "price": 13.365, "amount": 23.0, "side": "sell", "timestamp": 1765669735559}, {"id": "529344496", "price": 13.365, "amount": 21.0, "side": "sell", "timestamp": 1765669735893}, {"id": "529344497", "price": 13.365, "amount": 3.0, "side": "sell", "timestamp": 1765669736646}, {"id": "529344498", "price": 13.365, "amount": 2.0, "side": "sell", "timestamp": 1765669736952}, {"id": "529344499", "price": 13.365, "amount": 2.0, "side": "sell", "timestamp": 1765669737365}, {"id": "529344500", "price": 13.365, "amount": 2.0, "side": "sell", "timestamp": 1765669737572}, {"id": "529344501", "price": 13.365, "amount": 1.0, "side": "sell", "timestamp": 1765669738754}, {"id": "529344502", "price": 13.366, "amount": 406.0, "side": "buy", "timestamp": 1765669739719}, {"id": "529344503", "price": 13.365, "amount": 1.0, "side": "sell", "timestamp": 1765669740856}, {"id": "529344504", "price": 13.365, "amount": 1.0, "side": "sell", "timestamp": 1765669741160}, {"id": "529344505", "price": 13.366, "amount": 2.0, "side": "buy", "timestamp": 1765669741323}, {"id": "529344506", "price": 13.366, "amount": 179.0, "side": "buy", "timestamp": 1765669742586}, {"id": "529344507", "price": 13.367, "amount": 52.0, "side": "buy", "timestamp": 1765669742681}, {"id": "529344508", "price": 13.366, "amount": 3.0, "side": "sell", "timestamp": 1765669743198}, {"id": "529344509", "price": 13.367, "amount": 9.0, "side": "buy", "timestamp": 1765669743363}, {"id": "529344510", "price": 13.366, "amount": 3.0, "side": "sell", "timestamp": 1765669744842}, {"id": "529344511", "price": 13.366, "amount": 23.0, "side": "sell", "timestamp": 1765669748051}, {"id": "529344512", "price": 13.365, "amount": 1.0, "side": "sell", "timestamp": 1765669748802}, {"id": "529344513", "price": 13.365, "amount": 1.0, "side": "sell", "timestamp": 1765669749103}, {"id": "529344514", "price": 13.365, "amount": 1.0, "side": "sell", "timestamp": 1765669749403}, {"id": "529344515", "price": 13.365, "amount": 1.0, "side": "sell", "timestamp": 1765669751657}, {"id": "529344516", "price": 13.365, "amount": 900.0, "side": "sell", "timestamp": 1765669752644}, {"id": "529344517", "price": 13.365, "amount": 1.0, "side": "buy", "timestamp": 1765669753404}, {"id": "529344518", "price": 13.364, "amount": 1.0, "side": "sell", "timestamp": 1765669757112}, {"id": "529344519", "price": 13.365, "amount": 1.0, "side": "buy", "timestamp": 1765669759098}, {"id": "529344520", "price": 13.364, "amount": 4.0, "side": "sell", "timestamp": 1765669760385}, {"id": "529344521", "price": 13.364, "amount": 5.0, "side": "sell", "timestamp": 1765669760520}, {"id": "529344522", "price": 13.365, "amount": 1.0, "side": "buy", "timestamp": 1765669760577}, {"id": "529344518", "price": 13.364, "amount": 1.0, "side": "sell", "timestamp": 1765669757112}, {"id": "529344519", "price": 13.365, "amount": 1.0, "side": "buy", "timestamp": 1765669759098}, {"id": "529344520", "price": 13.364, "amount": 4.0, "side": "sell", "timestamp": 1765669760385}, {"id": "529344521", "price": 13.364, "amount": 5.0, "side": "sell", "timestamp": 1765669760520}, {"id": "529344522", "price": 13.365, "amount": 1.0, "side": "buy", "timestamp": 1765669760577}, {"id": "529344523", "price": 13.365, "amount": 409.0, "side": "buy", "timestamp": 1765669760691}, {"id": "529344524", "price": 13.365, "amount": 1.0, "side": "buy", "timestamp": 1765669762473}, {"id": "529344525", "price": 13.365, "amount": 13.0, "side": "buy", "timestamp": 1765669763064}, {"id": "529344526", "price": 13.364, "amount": 157.0, "side": "sell", "timestamp": 1765669766400}, {"id": "529344527", "price": 13.364, "amount": 49.0, "side": "buy", "timestamp": 1765669766613}, {"id": "529344528", "price": 13.363, "amount": 2.0, "side": "sell", "timestamp": 1765669770979}, {"id": "529344529", "price": 13.364, "amount": 22.0, "side": "buy", "timestamp": 1765669771739}, {"id": "529344530", "price": 13.363, "amount": 1.0, "side": "sell", "timestamp": 1765669772651}, {"id": "529344531", "price": 13.363, "amount": 1.0, "side": "sell", "timestamp": 1765669772955}, {"id": "529344532", "price": 13.363, "amount": 1.0, "side": "sell", "timestamp": 1765669775168}, {"id": "529344533", "price": 13.364, "amount": 1.0, "side": "buy", "timestamp": 1765669779211}, {"id": "529344534", "price": 13.364, "amount": 1.0, "side": "buy", "timestamp": 1765669787138}, {"id": "529344535", "price": 13.363, "amount": 1.0, "side": "sell", "timestamp": 1765669787658}, {"id": "529344536", "price": 13.364, "amount": 1.0, "side": "buy", "timestamp": 1765669787735}, {"id": "529344537", "price": 13.364, "amount": 4.0, "side": "buy", "timestamp": 1765669792450}, {"id": "529344538", "price": 13.363, "amount": 23.0, "side": "sell", "timestamp": 1765669792840}, {"id": "529344539", "price": 13.363, "amount": 21.0, "side": "sell", "timestamp": 1765669793173}, {"id": "529344540", "price": 13.364, "amount": 4.0, "side": "buy", "timestamp": 1765669794590}, {"id": "529344541", "price": 13.364, "amount": 24.0, "side": "buy", "timestamp": 1765669795071}, {"id": "529344542", "price": 13.363, "amount": 2.0, "side": "sell", "timestamp": 1765669795174}, {"id": "529344543", "price": 13.364, "amount": 1.0, "side": "buy", "timestamp": 1765669795175}, {"id": "529344544", "price": 13.364, "amount": 1.0, "side": "buy", "timestamp": 1765669795360}, {"id": "529344545", "price": 13.364, "amount": 105.0, "side": "buy", "timestamp": 1765669798745}, {"id": "529344546", "price": 13.365, "amount": 1961.0, "side": "buy", "timestamp": 1765669798817}, {"id": "529344547", "price": 13.366, "amount": 5238.0, "side": "buy", "timestamp": 1765669798819}, {"id": "529344548", "price": 13.367, "amount": 395.0, "side": "buy", "timestamp": 1765669798820}, {"id": "529344549", "price": 13.368, "amount": 486.0, "side": "buy", "timestamp": 1765669798822}, {"id": "529344550", "price": 13.369, "amount": 118.0, "side": "buy", "timestamp": 1765669798865}, {"id": "529344551", "price": 13.37, "amount": 43.0, "side": "buy", "timestamp": 1765669798869}, {"id": "529344552", "price": 13.37, "amount": 8.0, "side": "buy", "timestamp": 1765669801220}, {"id": "529344553", "price": 13.37, "amount": 97.0, "side": "buy", "timestamp": 1765669801365}, {"id": "529344554", "price": 13.371, "amount": 260.0, "side": "buy", "timestamp": 1765669801365}, {"id": "529344555", "price": 13.372, "amount": 193.0, "side": "buy", "timestamp": 1765669801380}, {"id": "529344556", "price": 13.373, "amount": 35.0, "side": "buy", "timestamp": 1765669801383}, {"id": "529344557", "price": 13.374, "amount": 74.0, "side": "buy", "timestamp": 1765669801383}, {"id": "529344558", "price": 13.373, "amount": 19.0, "side": "sell", "timestamp": 1765669802281}, {"id": "529344559", "price": 13.372, "amount": 3.0, "side": "sell", "timestamp": 1765669803283}, {"id": "529344560", "price": 13.372, "amount": 1.0, "side": "sell", "timestamp": 1765669804616}, {"id": "529344561", "price": 13.373, "amount": 1.0, "side": "buy", "timestamp": 1765669804854}, {"id": "529344562", "price": 13.373, "amount": 1.0, "side": "buy", "timestamp": 1765669806110}, {"id": "529344563", "price": 13.373, "amount": 4.0, "side": "buy", "timestamp": 1765669810407}, {"id": "529344564", "price": 13.373, "amount": 124.0, "side": "buy", "timestamp": 1765669810845}, {"id": "529344565", "price": 13.374, "amount": 116.0, "side": "buy", "timestamp": 1765669810910}, {"id": "529344566", "price": 13.374, "amount": 1.0, "side": "buy", "timestamp": 1765669813475}, {"id": "529344567", "price": 13.374, "amount": 1.0, "side": "buy", "timestamp": 1765669813980}, {"id": "529344558", "price": 13.373, "amount": 19.0, "side": "sell", "timestamp": 1765669802281}, {"id": "529344559", "price": 13.372, "amount": 3.0, "side": "sell", "timestamp": 1765669803283}, {"id": "529344560", "price": 13.372, "amount": 1.0, "side": "sell", "timestamp": 1765669804616}, {"id": "529344561", "price": 13.373, "amount": 1.0, "side": "buy", "timestamp": 1765669804854}, {"id": "529344562", "price": 13.373, "amount": 1.0, "side": "buy", "timestamp": 1765669806110}, {"id": "529344563", "price": 13.373, "amount": 4.0, "side": "buy", "timestamp": 1765669810407}, {"id": "529344564", "price": 13.373, "amount": 124.0, "side": "buy", "timestamp": 1765669810845}, {"id": "529344565", "price": 13.374, "amount": 116.0, "side": "buy", "timestamp": 1765669810910}, {"id": "529344566", "price": 13.374, "amount": 1.0, "side": "buy", "timestamp": 1765669813475}, {"id": "529344567", "price": 13.374, "amount": 1.0, "side": "buy", "timestamp": 1765669813980}, {"id": "529344568", "price": 13.374, "amount": 1.0, "side": "buy", "timestamp": 1765669815156}, {"id": "529344569", "price": 13.374, "amount": 2.0, "side": "buy", "timestamp": 1765669817406}, {"id": "529344570", "price": 13.373, "amount": 4.0, "side": "sell", "timestamp": 1765669819187}, {"id": "529344571", "price": 13.374, "amount": 3.0, "side": "buy", "timestamp": 1765669820609}, {"id": "529344572", "price": 13.373, "amount": 5.0, "side": "sell", "timestamp": 1765669823656}, {"id": "529344573", "price": 13.374, "amount": 1.0, "side": "buy", "timestamp": 1765669830267}, {"id": "529344574", "price": 13.373, "amount": 2.0, "side": "sell", "timestamp": 1765669830373}, {"id": "529344575", "price": 13.374, "amount": 1.0, "side": "buy", "timestamp": 1765669831248}, {"id": "529344576", "price": 13.374, "amount": 1.0, "side": "buy", "timestamp": 1765669832527}, {"id": "529344577", "price": 13.373, "amount": 1.0, "side": "sell", "timestamp": 1765669834093}, {"id": "529344578", "price": 13.374, "amount": 9.0, "side": "buy", "timestamp": 1765669836868}, {"id": "529344579", "price": 13.374, "amount": 230.0, "side": "buy", "timestamp": 1765669837271}, {"id": "529344580", "price": 13.375, "amount": 156.0, "side": "buy", "timestamp": 1765669840193}, {"id": "529344581", "price": 13.376, "amount": 231.0, "side": "buy", "timestamp": 1765669840196}, {"id": "529344582", "price": 13.377, "amount": 1.0, "side": "buy", "timestamp": 1765669840612}, {"id": "529344583", "price": 13.376, "amount": 1.0, "side": "sell", "timestamp": 1765669840724}, {"id": "529344584", "price": 13.377, "amount": 1.0, "side": "buy", "timestamp": 1765669841609}, {"id": "529344585", "price": 13.376, "amount": 4.0, "side": "sell", "timestamp": 1765669845253}, {"id": "529344586", "price": 13.377, "amount": 1.0, "side": "buy", "timestamp": 1765669846277}, {"id": "529344587", "price": 13.377, "amount": 4.0, "side": "buy", "timestamp": 1765669854216}, {"id": "529344588", "price": 13.376, "amount": 23.0, "side": "sell", "timestamp": 1765669854601}, {"id": "529344589", "price": 13.377, "amount": 89.0, "side": "buy", "timestamp": 1765669854816}, {"id": "529344590", "price": 13.376, "amount": 21.0, "side": "sell", "timestamp": 1765669854992}, {"id": "529344591", "price": 13.377, "amount": 2.0, "side": "buy", "timestamp": 1765669855701}, {"id": "529344592", "price": 13.376, "amount": 4.0, "side": "sell", "timestamp": 1765669855832}, {"id": "529344593", "price": 13.377, "amount": 1.0, "side": "buy", "timestamp": 1765669857196}, {"id": "529344594", "price": 13.377, "amount": 2.0, "side": "buy", "timestamp": 1765669859556}, {"id": "529344595", "price": 13.376, "amount": 1.0, "side": "sell", "timestamp": 1765669859658}, {"id": "529344596", "price": 13.377, "amount": 1.0, "side": "buy", "timestamp": 1765669860443}, {"id": "529344597", "price": 13.376, "amount": 4.0, "side": "sell", "timestamp": 1765669860509}, {"id": "529344598", "price": 13.377, "amount": 1.0, "side": "buy", "timestamp": 1765669861069}, {"id": "529344599", "price": 13.376, "amount": 2.0, "side": "sell", "timestamp": 1765669861416}, {"id": "529344600", "price": 13.377, "amount": 102.0, "side": "buy", "timestamp": 1765669863049}, {"id": "529344601", "price": 13.378, "amount": 116.0, "side": "buy", "timestamp": 1765669863051}, {"id": "529344602", "price": 13.379, "amount": 18.0, "side": "buy", "timestamp": 1765669863136}, {"id": "529344603", "price": 13.378, "amount": 4.0, "side": "sell", "timestamp": 1765669863459}, {"id": "529344604", "price": 13.379, "amount": 1.0, "side": "buy", "timestamp": 1765669864993}, {"id": "529344605", "price": 13.379, "amount": 1.0, "side": "buy", "timestamp": 1765669865122}, {"id": "529344606", "price": 13.379, "amount": 1.0, "side": "buy", "timestamp": 1765669865354}, {"id": "529344607", "price": 13.379, "amount": 1.0, "side": "buy", "timestamp": 1765669866679}, {"id": "529344583", "price": 13.376, "amount": 1.0, "side": "sell", "timestamp": 1765669840724}, {"id": "529344584", "price": 13.377, "amount": 1.0, "side": "buy", "timestamp": 1765669841609}, {"id": "529344585", "price": 13.376, "amount": 4.0, "side": "sell", "timestamp": 1765669845253}, {"id": "529344586", "price": 13.377, "amount": 1.0, "side": "buy", "timestamp": 1765669846277}, {"id": "529344587", "price": 13.377, "amount": 4.0, "side": "buy", "timestamp": 1765669854216}, {"id": "529344588", "price": 13.376, "amount": 23.0, "side": "sell", "timestamp": 1765669854601}, {"id": "529344589", "price": 13.377, "amount": 89.0, "side": "buy", "timestamp": 1765669854816}, {"id": "529344590", "price": 13.376, "amount": 21.0, "side": "sell", "timestamp": 1765669854992}, {"id": "529344591", "price": 13.377, "amount": 2.0, "side": "buy", "timestamp": 1765669855701}, {"id": "529344592", "price": 13.376, "amount": 4.0, "side": "sell", "timestamp": 1765669855832}, {"id": "529344593", "price": 13.377, "amount": 1.0, "side": "buy", "timestamp": 1765669857196}, {"id": "529344594", "price": 13.377, "amount": 2.0, "side": "buy", "timestamp": 1765669859556}, {"id": "529344595", "price": 13.376, "amount": 1.0, "side": "sell", "timestamp": 1765669859658}, {"id": "529344596", "price": 13.377, "amount": 1.0, "side": "buy", "timestamp": 1765669860443}, {"id": "529344597", "price": 13.376, "amount": 4.0, "side": "sell", "timestamp": 1765669860509}, {"id": "529344598", "price": 13.377, "amount": 1.0, "side": "buy", "timestamp": 1765669861069}, {"id": "529344599", "price": 13.376, "amount": 2.0, "side": "sell", "timestamp": 1765669861416}, {"id": "529344600", "price": 13.377, "amount": 102.0, "side": "buy", "timestamp": 1765669863049}, {"id": "529344601", "price": 13.378, "amount": 116.0, "side": "buy", "timestamp": 1765669863051}, {"id": "529344602", "price": 13.379, "amount": 18.0, "side": "buy", "timestamp": 1765669863136}, {"id": "529344603", "price": 13.378, "amount": 4.0, "side": "sell", "timestamp": 1765669863459}, {"id": "529344604", "price": 13.379, "amount": 1.0, "side": "buy", "timestamp": 1765669864993}, {"id": "529344605", "price": 13.379, "amount": 1.0, "side": "buy", "timestamp": 1765669865122}, {"id": "529344606", "price": 13.379, "amount": 1.0, "side": "buy", "timestamp": 1765669865354}, {"id": "529344607", "price": 13.379, "amount": 1.0, "side": "buy", "timestamp": 1765669866679}, {"id": "529344608", "price": 13.379, "amount": 1.0, "side": "buy", "timestamp": 1765669869723}, {"id": "529344609", "price": 13.378, "amount": 799.0, "side": "sell", "timestamp": 1765669871061}, {"id": "529344610", "price": 13.377, "amount": 168.0, "side": "sell", "timestamp": 1765669871064}, {"id": "529344611", "price": 13.377, "amount": 2.0, "side": "buy", "timestamp": 1765669876089}, {"id": "529344612", "price": 13.376, "amount": 3.0, "side": "sell", "timestamp": 1765669876797}, {"id": "529344613", "price": 13.377, "amount": 1.0, "side": "buy", "timestamp": 1765669878705}, {"id": "529344614", "price": 13.377, "amount": 2.0, "side": "buy", "timestamp": 1765669879296}, {"id": "529344615", "price": 13.376, "amount": 5.0, "side": "sell", "timestamp": 1765669879591}, {"id": "529344616", "price": 13.377, "amount": 1.0, "side": "buy", "timestamp": 1765669882109}, {"id": "529344617", "price": 13.377, "amount": 1.0, "side": "buy", "timestamp": 1765669887127}, {"id": "529344618", "price": 13.377, "amount": 1.0, "side": "buy", "timestamp": 1765669890928}, {"id": "529344619", "price": 13.376, "amount": 1369.0, "side": "sell", "timestamp": 1765669892707}, {"id": "529344620", "price": 13.375, "amount": 8.0, "side": "sell", "timestamp": 1765669892724}, {"id": "529344621", "price": 13.375, "amount": 1.0, "side": "buy", "timestamp": 1765669893646}, {"id": "529344622", "price": 13.375, "amount": 1.0, "side": "buy", "timestamp": 1765669893927}, {"id": "529344623", "price": 13.375, "amount": 1.0, "side": "buy", "timestamp": 1765669895161}, {"id": "529344624", "price": 13.374, "amount": 42.0, "side": "sell", "timestamp": 1765669895672}, {"id": "529344625", "price": 13.375, "amount": 1.0, "side": "buy", "timestamp": 1765669897221}, {"id": "529344626", "price": 13.375, "amount": 1.0, "side": "buy", "timestamp": 1765669907634}, {"id": "529344627", "price": 13.375, "amount": 1.0, "side": "buy", "timestamp": 1765669910362}, {"id": "529344628", "price": 13.374, "amount": 1.0, "side": "sell", "timestamp": 1765669910732}, {"id": "529344629", "price": 13.375, "amount": 1.0, "side": "buy", "timestamp": 1765669910802}, {"id": "529344630", "price": 13.375, "amount": 1.0, "side": "buy", "timestamp": 1765669912908}, {"id": "529344631", "price": 13.375, "amount": 2.0, "side": "buy", "timestamp": 1765669915457}, {"id": "529344632", "price": 13.375, "amount": 1.0, "side": "buy", "timestamp": 1765669917088}, {"id": "529344619", "price": 13.376, "amount": 1369.0, "side": "sell", "timestamp": 1765669892707}, {"id": "529344620", "price": 13.375, "amount": 8.0, "side": "sell", "timestamp": 1765669892724}, {"id": "529344621", "price": 13.375, "amount": 1.0, "side": "buy", "timestamp": 1765669893646}, {"id": "529344622", "price": 13.375, "amount": 1.0, "side": "buy", "timestamp": 1765669893927}, {"id": "529344623", "price": 13.375, "amount": 1.0, "side": "buy", "timestamp": 1765669895161}, {"id": "529344624", "price": 13.374, "amount": 42.0, "side": "sell", "timestamp": 1765669895672}, {"id": "529344625", "price": 13.375, "amount": 1.0, "side": "buy", "timestamp": 1765669897221}, {"id": "529344626", "price": 13.375, "amount": 1.0, "side": "buy", "timestamp": 1765669907634}, {"id": "529344627", "price": 13.375, "amount": 1.0, "side": "buy", "timestamp": 1765669910362}, {"id": "529344628", "price": 13.374, "amount": 1.0, "side": "sell", "timestamp": 1765669910732}, {"id": "529344629", "price": 13.375, "amount": 1.0, "side": "buy", "timestamp": 1765669910802}, {"id": "529344630", "price": 13.375, "amount": 1.0, "side": "buy", "timestamp": 1765669912908}, {"id": "529344631", "price": 13.375, "amount": 2.0, "side": "buy", "timestamp": 1765669915457}, {"id": "529344632", "price": 13.375, "amount": 1.0, "side": "buy", "timestamp": 1765669917088}, {"id": "529344633", "price": 13.375, "amount": 2.0, "side": "buy", "timestamp": 1765669921187}, {"id": "529344634", "price": 13.375, "amount": 450.0, "side": "buy", "timestamp": 1765669923036}, {"id": "529344635", "price": 13.376, "amount": 57.0, "side": "buy", "timestamp": 1765669923037}, {"id": "529344636", "price": 13.375, "amount": 3.0, "side": "sell", "timestamp": 1765669923194}, {"id": "529344637", "price": 13.375, "amount": 5.0, "side": "sell", "timestamp": 1765669923625}, {"id": "529344638", "price": 13.376, "amount": 1.0, "side": "buy", "timestamp": 1765669924351}, {"id": "529344639", "price": 13.377, "amount": 3.0, "side": "buy", "timestamp": 1765669924351}, {"id": "529344640", "price": 13.377, "amount": 1.0, "side": "buy", "timestamp": 1765669925631}, {"id": "529344641", "price": 13.376, "amount": 148.0, "side": "sell", "timestamp": 1765669926973}, {"id": "529344642", "price": 13.377, "amount": 113.0, "side": "buy", "timestamp": 1765669927340}, {"id": "529344643", "price": 13.378, "amount": 131.0, "side": "buy", "timestamp": 1765669927358}, {"id": "529344644", "price": 13.378, "amount": 24.0, "side": "buy", "timestamp": 1765669927462}, {"id": "529344645", "price": 13.379, "amount": 21.0, "side": "buy", "timestamp": 1765669927475}, {"id": "529344646", "price": 13.378, "amount": 13.0, "side": "sell", "timestamp": 1765669929251}, {"id": "529344647", "price": 13.379, "amount": 1.0, "side": "buy", "timestamp": 1765669929865}, {"id": "529344648", "price": 13.379, "amount": 5.0, "side": "buy", "timestamp": 1765669930000}, {"id": "529344649", "price": 13.379, "amount": 21.0, "side": "buy", "timestamp": 1765669931596}, {"id": "529344650", "price": 13.378, "amount": 1.0, "side": "sell", "timestamp": 1765669931659}, {"id": "529344651", "price": 13.379, "amount": 1.0, "side": "buy", "timestamp": 1765669934793}, {"id": "529344652", "price": 13.379, "amount": 1.0, "side": "buy", "timestamp": 1765669935640}, {"id": "529344653", "price": 13.379, "amount": 2.0, "side": "buy", "timestamp": 1765669939277}, {"id": "529344654", "price": 13.379, "amount": 1.0, "side": "buy", "timestamp": 1765669946618}, {"id": "529344655", "price": 13.379, "amount": 5.0, "side": "buy", "timestamp": 1765669948239}, {"id": "529344656", "price": 13.378, "amount": 23.0, "side": "sell", "timestamp": 1765669948742}, {"id": "529344657", "price": 13.379, "amount": 11.0, "side": "buy", "timestamp": 1765669948761}, {"id": "529344658", "price": 13.378, "amount": 21.0, "side": "sell", "timestamp": 1765669949101}, {"id": "529344659", "price": 13.378, "amount": 4.0, "side": "sell", "timestamp": 1765669957536}, {"id": "529344660", "price": 13.379, "amount": 20.0, "side": "buy", "timestamp": 1765669958660}, {"id": "529344661", "price": 13.378, "amount": 2.0, "side": "sell", "timestamp": 1765669958919}, {"id": "529344662", "price": 13.379, "amount": 1.0, "side": "buy", "timestamp": 1765669961099}, {"id": "529344663", "price": 13.378, "amount": 166.0, "side": "sell", "timestamp": 1765669967661}, {"id": "529344664", "price": 13.379, "amount": 1.0, "side": "buy", "timestamp": 1765669968160}, {"id": "529344665", "price": 13.378, "amount": 152.0, "side": "sell", "timestamp": 1765669968760}, {"id": "529344666", "price": 13.379, "amount": 6.0, "side": "buy", "timestamp": 1765669969250}, {"id": "529344667", "price": 13.378, "amount": 47.0, "side": "sell", "timestamp": 1765669969814}, {"id": "529344668", "price": 13.379, "amount": 5.0, "side": "buy", "timestamp": 1765669970233}, {"id": "529344670", "price": 13.378, "amount": 1.0, "side": "sell", "timestamp": 1765669981855}, {"id": "529344671", "price": 13.379, "amount": 45.0, "side": "buy", "timestamp": 1765669983443}, {"id": "529344672", "price": 13.379, "amount": 1.0, "side": "buy", "timestamp": 1765669984141}, {"id": "529344673", "price": 13.378, "amount": 4.0, "side": "sell", "timestamp": 1765669984146}, {"id": "529344674", "price": 13.379, "amount": 2.0, "side": "buy", "timestamp": 1765669985101}, {"id": "529344675", "price": 13.379, "amount": 1.0, "side": "buy", "timestamp": 1765669985328}, {"id": "529344676", "price": 13.379, "amount": 1.0, "side": "buy", "timestamp": 1765669986593}, {"id": "529344677", "price": 13.379, "amount": 300.0, "side": "buy", "timestamp": 1765669988090}, {"id": "529344678", "price": 13.379, "amount": 1.0, "side": "buy", "timestamp": 1765669988395}, {"id": "529344679", "price": 13.379, "amount": 125.0, "side": "buy", "timestamp": 1765669988705}, {"id": "529344680", "price": 13.379, "amount": 71.0, "side": "sell", "timestamp": 1765669988718}, {"id": "529344681", "price": 13.379, "amount": 23.0, "side": "sell", "timestamp": 1765669988868}, {"id": "529344682", "price": 13.379, "amount": 20.0, "side": "sell", "timestamp": 1765669989080}, {"id": "529344683", "price": 13.379, "amount": 1.0, "side": "buy", "timestamp": 1765669989763}, {"id": "529344684", "price": 13.379, "amount": 7.0, "side": "buy", "timestamp": 1765669989999}, {"id": "529344685", "price": 13.378, "amount": 80.0, "side": "sell", "timestamp": 1765669990004}, {"id": "529344686", "price": 13.379, "amount": 6.0, "side": "buy", "timestamp": 1765669990170}, {"id": "529344687", "price": 13.379, "amount": 7.0, "side": "buy", "timestamp": 1765669990287}, {"id": "529344688", "price": 13.379, "amount": 5.0, "side": "buy", "timestamp": 1765669990459}, {"id": "529344689", "price": 13.379, "amount": 59.0, "side": "buy", "timestamp": 1765669991627}, {"id": "529344690", "price": 13.379, "amount": 170.0, "side": "buy", "timestamp": 1765669991734}, {"id": "529344691", "price": 13.379, "amount": 4.0, "side": "buy", "timestamp": 1765669994274}, {"id": "529344692", "price": 13.378, "amount": 25.0, "side": "sell", "timestamp": 1765669994649}, {"id": "529344693", "price": 13.378, "amount": 21.0, "side": "sell", "timestamp": 1765669994988}, {"id": "529344694", "price": 13.379, "amount": 1.0, "side": "buy", "timestamp": 1765669995435}, {"id": "529344695", "price": 13.379, "amount": 4.0, "side": "buy", "timestamp": 1765669996405}, {"id": "529344696", "price": 13.379, "amount": 4.0, "side": "buy", "timestamp": 1765669996693}, {"id": "529344697", "price": 13.379, "amount": 4.0, "side": "buy", "timestamp": 1765669996994}, {"id": "529344698", "price": 13.379, "amount": 1.0, "side": "buy", "timestamp": 1765669998495}, {"id": "529344699", "price": 13.379, "amount": 1.0, "side": "buy", "timestamp": 1765669999344}, {"id": "529344700", "price": 13.379, "amount": 1.0, "side": "buy", "timestamp": 1765670000297}, {"id": "529344701", "price": 13.378, "amount": 151.0, "side": "sell", "timestamp": 1765670003656}, {"id": "529344702", "price": 13.379, "amount": 4.0, "side": "buy", "timestamp": 1765670004501}, {"id": "529344703", "price": 13.378, "amount": 368.0, "side": "sell", "timestamp": 1765670004709}, {"id": "529344704", "price": 13.379, "amount": 3.0, "side": "buy", "timestamp": 1765670004801}, {"id": "529344705", "price": 13.379, "amount": 2.0, "side": "buy", "timestamp": 1765670005132}, {"id": "529344706", "price": 13.379, "amount": 1.0, "side": "buy", "timestamp": 1765670005432}, {"id": "529344707", "price": 13.378, "amount": 376.0, "side": "sell", "timestamp": 1765670006067}, {"id": "529344708", "price": 13.377, "amount": 3.0, "side": "sell", "timestamp": 1765670006091}, {"id": "529344709", "price": 13.377, "amount": 1.0, "side": "buy", "timestamp": 1765670008284}, {"id": "529344710", "price": 13.377, "amount": 2.0, "side": "buy", "timestamp": 1765670008606}, {"id": "529344711", "price": 13.377, "amount": 1.0, "side": "buy", "timestamp": 1765670010268}, {"id": "529344712", "price": 13.377, "amount": 1.0, "side": "buy", "timestamp": 1765670012255}, {"id": "529344713", "price": 13.377, "amount": 7.0, "side": "buy", "timestamp": 1765670020935}, {"id": "529344714", "price": 13.377, "amount": 1.0, "side": "buy", "timestamp": 1765670021073}, {"id": "529344715", "price": 13.377, "amount": 1.0, "side": "buy", "timestamp": 1765670021180}, {"id": "529344716", "price": 13.376, "amount": 786.0, "side": "sell", "timestamp": 1765670022131}, {"id": "529344717", "price": 13.375, "amount": 4.0, "side": "sell", "timestamp": 1765670022139}, {"id": "529344718", "price": 13.375, "amount": 20.0, "side": "buy", "timestamp": 1765670022972}, {"id": "529344719", "price": 13.375, "amount": 13.0, "side": "buy", "timestamp": 1765670023165}, {"id": "529344709", "price": 13.377, "amount": 1.0, "side": "buy", "timestamp": 1765670008284}, {"id": "529344710", "price": 13.377, "amount": 2.0, "side": "buy", "timestamp": 1765670008606}, {"id": "529344711", "price": 13.377, "amount": 1.0, "side": "buy", "timestamp": 1765670010268}, {"id": "529344712", "price": 13.377, "amount": 1.0, "side": "buy", "timestamp": 1765670012255}, {"id": "529344713", "price": 13.377, "amount": 7.0, "side": "buy", "timestamp": 1765670020935}, {"id": "529344714", "price": 13.377, "amount": 1.0, "side": "buy", "timestamp": 1765670021073}, {"id": "529344715", "price": 13.377, "amount": 1.0, "side": "buy", "timestamp": 1765670021180}, {"id": "529344716", "price": 13.376, "amount": 786.0, "side": "sell", "timestamp": 1765670022131}, {"id": "529344717", "price": 13.375, "amount": 4.0, "side": "sell", "timestamp": 1765670022139}, {"id": "529344718", "price": 13.375, "amount": 20.0, "side": "buy", "timestamp": 1765670022972}, {"id": "529344719", "price": 13.375, "amount": 13.0, "side": "buy", "timestamp": 1765670023165}, {"id": "529344720", "price": 13.375, "amount": 4.0, "side": "buy", "timestamp": 1765670027969}, {"id": "529344721", "price": 13.375, "amount": 1.0, "side": "buy", "timestamp": 1765670028075}, {"id": "529344722", "price": 13.375, "amount": 61.0, "side": "buy", "timestamp": 1765670031604}, {"id": "529344723", "price": 13.375, "amount": 2.0, "side": "buy", "timestamp": 1765670031922}, {"id": "529344724", "price": 13.375, "amount": 1.0, "side": "buy", "timestamp": 1765670032247}, {"id": "529344725", "price": 13.375, "amount": 1.0, "side": "buy", "timestamp": 1765670032548}, {"id": "529344726", "price": 13.375, "amount": 1.0, "side": "buy", "timestamp": 1765670032848}, {"id": "529344727", "price": 13.375, "amount": 1.0, "side": "buy", "timestamp": 1765670033937}, {"id": "529344728", "price": 13.375, "amount": 1.0, "side": "buy", "timestamp": 1765670034385}, {"id": "529344729", "price": 13.375, "amount": 1.0, "side": "buy", "timestamp": 1765670035894}, {"id": "529344730", "price": 13.374, "amount": 1.0, "side": "sell", "timestamp": 1765670039660}, {"id": "529344731", "price": 13.374, "amount": 234.0, "side": "sell", "timestamp": 1765670040680}, {"id": "529344732", "price": 13.374, "amount": 2.0, "side": "sell", "timestamp": 1765670043565}, {"id": "529344733", "price": 13.374, "amount": 5.0, "side": "sell", "timestamp": 1765670044057}, {"id": "529344734", "price": 13.375, "amount": 1.0, "side": "buy", "timestamp": 1765670044602}, {"id": "529344735", "price": 13.375, "amount": 228.0, "side": "buy", "timestamp": 1765670044815}, {"id": "529344736", "price": 13.375, "amount": 3.0, "side": "buy", "timestamp": 1765670045711}, {"id": "529344737", "price": 13.375, "amount": 1.0, "side": "buy", "timestamp": 1765670045944}, {"id": "529344738", "price": 13.374, "amount": 1.0, "side": "sell", "timestamp": 1765670047370}, {"id": "529344739", "price": 13.374, "amount": 76.0, "side": "sell", "timestamp": 1765670052260}, {"id": "529344740", "price": 13.375, "amount": 1.0, "side": "buy", "timestamp": 1765670052281}, {"id": "529344741", "price": 13.375, "amount": 4.0, "side": "buy", "timestamp": 1765670054215}, {"id": "529344742", "price": 13.375, "amount": 17.0, "side": "buy", "timestamp": 1765670054416}, {"id": "529344743", "price": 13.374, "amount": 23.0, "side": "sell", "timestamp": 1765670054591}, {"id": "529344744", "price": 13.375, "amount": 1.0, "side": "buy", "timestamp": 1765670054649}, {"id": "529344745", "price": 13.374, "amount": 21.0, "side": "sell", "timestamp": 1765670054959}, {"id": "529344746", "price": 13.374, "amount": 1.0, "side": "sell", "timestamp": 1765670058281}, {"id": "529344747", "price": 13.375, "amount": 2.0, "side": "buy", "timestamp": 1765670059982}, {"id": "529344748", "price": 13.375, "amount": 221.0, "side": "buy", "timestamp": 1765670060196}, {"id": "529344749", "price": 13.376, "amount": 267.0, "side": "buy", "timestamp": 1765670060208}, {"id": "529344750", "price": 13.377, "amount": 2.0, "side": "buy", "timestamp": 1765670067298}, {"id": "529344751", "price": 13.377, "amount": 22.0, "side": "buy", "timestamp": 1765670068944}, {"id": "529344752", "price": 13.376, "amount": 1.0, "side": "sell", "timestamp": 1765670070493}, {"id": "529344753", "price": 13.377, "amount": 1.0, "side": "buy", "timestamp": 1765670070821}, {"id": "529344754", "price": 13.377, "amount": 17.0, "side": "buy", "timestamp": 1765670071258}, {"id": "529344755", "price": 13.376, "amount": 6.0, "side": "sell", "timestamp": 1765670074601}, {"id": "529344756", "price": 13.376, "amount": 98.0, "side": "sell", "timestamp": 1765670075666}, {"id": "529344757", "price": 13.377, "amount": 1.0, "side": "buy", "timestamp": 1765670075719}, {"id": "529344758", "price": 13.377, "amount": 1.0, "side": "buy", "timestamp": 1765670080441}, {"id": "529344739", "price": 13.374, "amount": 76.0, "side": "sell", "timestamp": 1765670052260}, {"id": "529344740", "price": 13.375, "amount": 1.0, "side": "buy", "timestamp": 1765670052281}, {"id": "529344741", "price": 13.375, "amount": 4.0, "side": "buy", "timestamp": 1765670054215}, {"id": "529344742", "price": 13.375, "amount": 17.0, "side": "buy", "timestamp": 1765670054416}, {"id": "529344743", "price": 13.374, "amount": 23.0, "side": "sell", "timestamp": 1765670054591}, {"id": "529344744", "price": 13.375, "amount": 1.0, "side": "buy", "timestamp": 1765670054649}, {"id": "529344745", "price": 13.374, "amount": 21.0, "side": "sell", "timestamp": 1765670054959}, {"id": "529344746", "price": 13.374, "amount": 1.0, "side": "sell", "timestamp": 1765670058281}, {"id": "529344747", "price": 13.375, "amount": 2.0, "side": "buy", "timestamp": 1765670059982}, {"id": "529344748", "price": 13.375, "amount": 221.0, "side": "buy", "timestamp": 1765670060196}, {"id": "529344749", "price": 13.376, "amount": 267.0, "side": "buy", "timestamp": 1765670060208}, {"id": "529344750", "price": 13.377, "amount": 2.0, "side": "buy", "timestamp": 1765670067298}, {"id": "529344751", "price": 13.377, "amount": 22.0, "side": "buy", "timestamp": 1765670068944}, {"id": "529344752", "price": 13.376, "amount": 1.0, "side": "sell", "timestamp": 1765670070493}, {"id": "529344753", "price": 13.377, "amount": 1.0, "side": "buy", "timestamp": 1765670070821}, {"id": "529344754", "price": 13.377, "amount": 17.0, "side": "buy", "timestamp": 1765670071258}, {"id": "529344755", "price": 13.376, "amount": 6.0, "side": "sell", "timestamp": 1765670074601}, {"id": "529344756", "price": 13.376, "amount": 98.0, "side": "sell", "timestamp": 1765670075666}, {"id": "529344757", "price": 13.377, "amount": 1.0, "side": "buy", "timestamp": 1765670075719}, {"id": "529344758", "price": 13.377, "amount": 1.0, "side": "buy", "timestamp": 1765670080441}, {"id": "529344759", "price": 13.377, "amount": 6.0, "side": "buy", "timestamp": 1765670086644}, {"id": "529344760", "price": 13.377, "amount": 1.0, "side": "buy", "timestamp": 1765670087723}, {"id": "529344761", "price": 13.376, "amount": 1.0, "side": "sell", "timestamp": 1765670088472}, {"id": "529344762", "price": 13.377, "amount": 2.0, "side": "buy", "timestamp": 1765670089255}, {"id": "529344763", "price": 13.377, "amount": 4.0, "side": "buy", "timestamp": 1765670089625}, {"id": "529344764", "price": 13.377, "amount": 3.0, "side": "buy", "timestamp": 1765670092121}, {"id": "529344765", "price": 13.377, "amount": 1.0, "side": "buy", "timestamp": 1765670093156}, {"id": "529344766", "price": 13.377, "amount": 5.0, "side": "buy", "timestamp": 1765670096030}, {"id": "529344767", "price": 13.377, "amount": 1.0, "side": "buy", "timestamp": 1765670100464}, {"id": "529344768", "price": 13.376, "amount": 1.0, "side": "sell", "timestamp": 1765670102757}, {"id": "529344769", "price": 13.376, "amount": 258.0, "side": "sell", "timestamp": 1765670102940}, {"id": "529344770", "price": 13.376, "amount": 3.0, "side": "sell", "timestamp": 1765670103658}, {"id": "529344771", "price": 13.377, "amount": 264.0, "side": "buy", "timestamp": 1765670104378}, {"id": "529344772", "price": 13.377, "amount": 1.0, "side": "buy", "timestamp": 1765670110025}, {"id": "529344773", "price": 13.377, "amount": 219.0, "side": "buy", "timestamp": 1765670111185}, {"id": "529344774", "price": 13.377, "amount": 5.0, "side": "buy", "timestamp": 1765670111291}, {"id": "529344775", "price": 13.376, "amount": 134.0, "side": "sell", "timestamp": 1765670111669}, {"id": "529344776", "price": 13.376, "amount": 27.0, "side": "sell", "timestamp": 1765670112770}, {"id": "529344777", "price": 13.376, "amount": 1.0, "side": "sell", "timestamp": 1765670112895}, {"id": "529344778", "price": 13.377, "amount": 4.0, "side": "buy", "timestamp": 1765670113121}, {"id": "529344779", "price": 13.376, "amount": 23.0, "side": "sell", "timestamp": 1765670113478}, {"id": "529344780", "price": 13.376, "amount": 21.0, "side": "sell", "timestamp": 1765670113817}, {"id": "529344781", "price": 13.377, "amount": 1.0, "side": "buy", "timestamp": 1765670115236}, {"id": "529344782", "price": 13.376, "amount": 7.0, "side": "sell", "timestamp": 1765670116618}, {"id": "529344783", "price": 13.377, "amount": 1.0, "side": "buy", "timestamp": 1765670119343}, {"id": "529344784", "price": 13.376, "amount": 3.0, "side": "sell", "timestamp": 1765670119714}, {"id": "529344785", "price": 13.377, "amount": 1.0, "side": "buy", "timestamp": 1765670120081}, {"id": "529344786", "price": 13.377, "amount": 1.0, "side": "buy", "timestamp": 1765670120968}, {"id": "529344787", "price": 13.377, "amount": 3.0, "side": "buy", "timestamp": 1765670131220}, {"id": "529344788", "price": 13.376, "amount": 1.0, "side": "sell", "timestamp": 1765670133246}, {"id": "529344782", "price": 13.376, "amount": 7.0, "side": "sell", "timestamp": 1765670116618}, {"id": "529344783", "price": 13.377, "amount": 1.0, "side": "buy", "timestamp": 1765670119343}, {"id": "529344784", "price": 13.376, "amount": 3.0, "side": "sell", "timestamp": 1765670119714}, {"id": "529344785", "price": 13.377, "amount": 1.0, "side": "buy", "timestamp": 1765670120081}, {"id": "529344786", "price": 13.377, "amount": 1.0, "side": "buy", "timestamp": 1765670120968}, {"id": "529344787", "price": 13.377, "amount": 3.0, "side": "buy", "timestamp": 1765670131220}, {"id": "529344788", "price": 13.376, "amount": 1.0, "side": "sell", "timestamp": 1765670133246}, {"id": "529344789", "price": 13.376, "amount": 2.0, "side": "sell", "timestamp": 1765670136015}, {"id": "529344790", "price": 13.377, "amount": 1.0, "side": "buy", "timestamp": 1765670137697}, {"id": "529344791", "price": 13.376, "amount": 3.0, "side": "sell", "timestamp": 1765670139414}, {"id": "529344792", "price": 13.377, "amount": 3.0, "side": "buy", "timestamp": 1765670139418}, {"id": "529344793", "price": 13.377, "amount": 1.0, "side": "buy", "timestamp": 1765670146308}, {"id": "529344794", "price": 13.377, "amount": 1.0, "side": "buy", "timestamp": 1765670147360}, {"id": "529344795", "price": 13.376, "amount": 146.0, "side": "sell", "timestamp": 1765670147662}, {"id": "529344796", "price": 13.376, "amount": 131.0, "side": "sell", "timestamp": 1765670148765}, {"id": "529344797", "price": 13.376, "amount": 274.0, "side": "sell", "timestamp": 1765670149400}, {"id": "529344798", "price": 13.375, "amount": 184.0, "side": "sell", "timestamp": 1765670149734}, {"id": "529344799", "price": 13.375, "amount": 1.0, "side": "buy", "timestamp": 1765670150619}, {"id": "529344800", "price": 13.375, "amount": 1.0, "side": "buy", "timestamp": 1765670152099}, {"id": "529344801", "price": 13.374, "amount": 265.0, "side": "sell", "timestamp": 1765670152395}, {"id": "529344802", "price": 13.373, "amount": 1.0, "side": "sell", "timestamp": 1765670154541}, {"id": "529344803", "price": 13.374, "amount": 123.0, "side": "buy", "timestamp": 1765670155301}, {"id": "529344804", "price": 13.373, "amount": 2.0, "side": "sell", "timestamp": 1765670158587}, {"id": "529344805", "price": 13.373, "amount": 2.0, "side": "sell", "timestamp": 1765670158721}, {"id": "529344806", "price": 13.374, "amount": 1.0, "side": "buy", "timestamp": 1765670161316}, {"id": "529344807", "price": 13.373, "amount": 1.0, "side": "sell", "timestamp": 1765670161417}, {"id": "529344808", "price": 13.373, "amount": 2.0, "side": "sell", "timestamp": 1765670163751}, {"id": "529344809", "price": 13.373, "amount": 1.0, "side": "sell", "timestamp": 1765670164688}, {"id": "529344810", "price": 13.374, "amount": 1.0, "side": "buy", "timestamp": 1765670164886}, {"id": "529344811", "price": 13.373, "amount": 1.0, "side": "sell", "timestamp": 1765670166537}, {"id": "529344812", "price": 13.373, "amount": 1.0, "side": "sell", "timestamp": 1765670167590}, {"id": "529344813", "price": 13.373, "amount": 258.0, "side": "sell", "timestamp": 1765670169601}, {"id": "529344814", "price": 13.374, "amount": 5.0, "side": "buy", "timestamp": 1765670169810}, {"id": "529344815", "price": 13.374, "amount": 1.0, "side": "buy", "timestamp": 1765670169932}, {"id": "529344816", "price": 13.374, "amount": 1.0, "side": "buy", "timestamp": 1765670170076}, {"id": "529344817", "price": 13.374, "amount": 231.0, "side": "buy", "timestamp": 1765670170334}, {"id": "529344818", "price": 13.374, "amount": 10.0, "side": "buy", "timestamp": 1765670170473}, {"id": "529344819", "price": 13.373, "amount": 24.0, "side": "sell", "timestamp": 1765670173128}, {"id": "529344820", "price": 13.374, "amount": 4.0, "side": "buy", "timestamp": 1765670174203}, {"id": "529344821", "price": 13.373, "amount": 23.0, "side": "sell", "timestamp": 1765670174569}, {"id": "529344822", "price": 13.373, "amount": 21.0, "side": "sell", "timestamp": 1765670174906}, {"id": "529344823", "price": 13.373, "amount": 219.0, "side": "sell", "timestamp": 1765670175542}, {"id": "529344824", "price": 13.374, "amount": 1.0, "side": "buy", "timestamp": 1765670177944}, {"id": "529344825", "price": 13.373, "amount": 22.0, "side": "sell", "timestamp": 1765670178975}, {"id": "529344826", "price": 13.374, "amount": 1.0, "side": "buy", "timestamp": 1765670181816}, {"id": "529344827", "price": 13.373, "amount": 143.0, "side": "sell", "timestamp": 1765670183663}, {"id": "529344828", "price": 13.373, "amount": 192.0, "side": "sell", "timestamp": 1765670184763}, {"id": "529344829", "price": 13.372, "amount": 79.0, "side": "sell", "timestamp": 1765670185813}, {"id": "529344830", "price": 13.372, "amount": 20.0, "side": "sell", "timestamp": 1765670186417}, {"id": "529344831", "price": 13.373, "amount": 1.0, "side": "buy", "timestamp": 1765670188568}, {"id": "529344811", "price": 13.373, "amount": 1.0, "side": "sell", "timestamp": 1765670166537}, {"id": "529344812", "price": 13.373, "amount": 1.0, "side": "sell", "timestamp": 1765670167590}, {"id": "529344813", "price": 13.373, "amount": 258.0, "side": "sell", "timestamp": 1765670169601}, {"id": "529344814", "price": 13.374, "amount": 5.0, "side": "buy", "timestamp": 1765670169810}, {"id": "529344815", "price": 13.374, "amount": 1.0, "side": "buy", "timestamp": 1765670169932}, {"id": "529344816", "price": 13.374, "amount": 1.0, "side": "buy", "timestamp": 1765670170076}, {"id": "529344817", "price": 13.374, "amount": 231.0, "side": "buy", "timestamp": 1765670170334}, {"id": "529344818", "price": 13.374, "amount": 10.0, "side": "buy", "timestamp": 1765670170473}, {"id": "529344819", "price": 13.373, "amount": 24.0, "side": "sell", "timestamp": 1765670173128}, {"id": "529344820", "price": 13.374, "amount": 4.0, "side": "buy", "timestamp": 1765670174203}, {"id": "529344821", "price": 13.373, "amount": 23.0, "side": "sell", "timestamp": 1765670174569}, {"id": "529344822", "price": 13.373, "amount": 21.0, "side": "sell", "timestamp": 1765670174906}, {"id": "529344823", "price": 13.373, "amount": 219.0, "side": "sell", "timestamp": 1765670175542}, {"id": "529344824", "price": 13.374, "amount": 1.0, "side": "buy", "timestamp": 1765670177944}, {"id": "529344825", "price": 13.373, "amount": 22.0, "side": "sell", "timestamp": 1765670178975}, {"id": "529344826", "price": 13.374, "amount": 1.0, "side": "buy", "timestamp": 1765670181816}, {"id": "529344827", "price": 13.373, "amount": 143.0, "side": "sell", "timestamp": 1765670183663}, {"id": "529344828", "price": 13.373, "amount": 192.0, "side": "sell", "timestamp": 1765670184763}, {"id": "529344829", "price": 13.372, "amount": 79.0, "side": "sell", "timestamp": 1765670185813}, {"id": "529344830", "price": 13.372, "amount": 20.0, "side": "sell", "timestamp": 1765670186417}, {"id": "529344831", "price": 13.373, "amount": 1.0, "side": "buy", "timestamp": 1765670188568}, {"id": "529344832", "price": 13.373, "amount": 1.0, "side": "buy", "timestamp": 1765670190851}, {"id": "529344833", "price": 13.373, "amount": 1.0, "side": "buy", "timestamp": 1765670194864}, {"id": "529344834", "price": 13.373, "amount": 3.0, "side": "buy", "timestamp": 1765670195096}, {"id": "529344835", "price": 13.373, "amount": 1.0, "side": "buy", "timestamp": 1765670196836}, {"id": "529344836", "price": 13.373, "amount": 1.0, "side": "buy", "timestamp": 1765670197144}, {"id": "529344837", "price": 13.372, "amount": 288.0, "side": "sell", "timestamp": 1765670200446}, {"id": "529344838", "price": 13.372, "amount": 1.0, "side": "buy", "timestamp": 1765670203431}, {"id": "529344839", "price": 13.372, "amount": 1.0, "side": "buy", "timestamp": 1765670204038}, {"id": "529344840", "price": 13.372, "amount": 1.0, "side": "buy", "timestamp": 1765670208827}, {"id": "529344841", "price": 13.371, "amount": 48.0, "side": "sell", "timestamp": 1765670210714}, {"id": "529344842", "price": 13.371, "amount": 10.0, "side": "buy", "timestamp": 1765670212978}, {"id": "529344843", "price": 13.371, "amount": 1.0, "side": "buy", "timestamp": 1765670213348}, {"id": "529344844", "price": 13.371, "amount": 1.0, "side": "buy", "timestamp": 1765670213515}, {"id": "529344845", "price": 13.37, "amount": 1.0, "side": "sell", "timestamp": 1765670213811}, {"id": "529344846", "price": 13.371, "amount": 1.0, "side": "buy", "timestamp": 1765670213900}, {"id": "529344847", "price": 13.371, "amount": 1.0, "side": "buy", "timestamp": 1765670214433}, {"id": "529344848", "price": 13.371, "amount": 1.0, "side": "buy", "timestamp": 1765670216191}, {"id": "529344849", "price": 13.371, "amount": 5.0, "side": "buy", "timestamp": 1765670217948}, {"id": "529344850", "price": 13.37, "amount": 1.0, "side": "sell", "timestamp": 1765670219652}, {"id": "529344851", "price": 13.37, "amount": 1.0, "side": "sell", "timestamp": 1765670221159}, {"id": "529344852", "price": 13.37, "amount": 1.0, "side": "sell", "timestamp": 1765670221755}, {"id": "529344853", "price": 13.371, "amount": 112.0, "side": "buy", "timestamp": 1765670221813}, {"id": "529344854", "price": 13.371, "amount": 1.0, "side": "buy", "timestamp": 1765670224361}, {"id": "529344855", "price": 13.371, "amount": 225.0, "side": "buy", "timestamp": 1765670224563}, {"id": "529344856", "price": 13.371, "amount": 2.0, "side": "buy", "timestamp": 1765670224664}, {"id": "529344857", "price": 13.371, "amount": 1.0, "side": "buy", "timestamp": 1765670225601}, {"id": "529344858", "price": 13.371, "amount": 1.0, "side": "buy", "timestamp": 1765670230077}, {"id": "529344859", "price": 13.37, "amount": 19.0, "side": "sell", "timestamp": 1765670234640}, {"id": "529344860", "price": 13.371, "amount": 1.0, "side": "buy", "timestamp": 1765670240061}, {"id": "529344845", "price": 13.37, "amount": 1.0, "side": "sell", "timestamp": 1765670213811}, {"id": "529344846", "price": 13.371, "amount": 1.0, "side": "buy", "timestamp": 1765670213900}, {"id": "529344847", "price": 13.371, "amount": 1.0, "side": "buy", "timestamp": 1765670214433}, {"id": "529344848", "price": 13.371, "amount": 1.0, "side": "buy", "timestamp": 1765670216191}, {"id": "529344849", "price": 13.371, "amount": 5.0, "side": "buy", "timestamp": 1765670217948}, {"id": "529344850", "price": 13.37, "amount": 1.0, "side": "sell", "timestamp": 1765670219652}, {"id": "529344851", "price": 13.37, "amount": 1.0, "side": "sell", "timestamp": 1765670221159}, {"id": "529344852", "price": 13.37, "amount": 1.0, "side": "sell", "timestamp": 1765670221755}, {"id": "529344853", "price": 13.371, "amount": 112.0, "side": "buy", "timestamp": 1765670221813}, {"id": "529344854", "price": 13.371, "amount": 1.0, "side": "buy", "timestamp": 1765670224361}, {"id": "529344855", "price": 13.371, "amount": 225.0, "side": "buy", "timestamp": 1765670224563}, {"id": "529344856", "price": 13.371, "amount": 2.0, "side": "buy", "timestamp": 1765670224664}, {"id": "529344857", "price": 13.371, "amount": 1.0, "side": "buy", "timestamp": 1765670225601}, {"id": "529344858", "price": 13.371, "amount": 1.0, "side": "buy", "timestamp": 1765670230077}, {"id": "529344859", "price": 13.37, "amount": 19.0, "side": "sell", "timestamp": 1765670234640}, {"id": "529344860", "price": 13.371, "amount": 1.0, "side": "buy", "timestamp": 1765670240061}, {"id": "529344861", "price": 13.371, "amount": 986.0, "side": "buy", "timestamp": 1765670243039}, {"id": "529344862", "price": 13.372, "amount": 520.0, "side": "buy", "timestamp": 1765670243044}, {"id": "529344863", "price": 13.373, "amount": 1.0, "side": "buy", "timestamp": 1765670243288}, {"id": "529344864", "price": 13.372, "amount": 1.0, "side": "sell", "timestamp": 1765670248607}, {"id": "529344865", "price": 13.373, "amount": 1.0, "side": "buy", "timestamp": 1765670254147}, {"id": "529344866", "price": 13.372, "amount": 124.0, "side": "sell", "timestamp": 1765670255673}, {"id": "529344867", "price": 13.373, "amount": 1.0, "side": "buy", "timestamp": 1765670255717}, {"id": "529344868", "price": 13.372, "amount": 116.0, "side": "sell", "timestamp": 1765670256775}, {"id": "529344869", "price": 13.372, "amount": 2.0, "side": "sell", "timestamp": 1765670258836}, {"id": "529344870", "price": 13.372, "amount": 1.0, "side": "sell", "timestamp": 1765670267079}, {"id": "529344871", "price": 13.373, "amount": 4.0, "side": "buy", "timestamp": 1765670267824}, {"id": "529344872", "price": 13.372, "amount": 23.0, "side": "sell", "timestamp": 1765670268217}, {"id": "529344873", "price": 13.372, "amount": 21.0, "side": "sell", "timestamp": 1765670268559}, {"id": "529344874", "price": 13.373, "amount": 1.0, "side": "buy", "timestamp": 1765670275450}, {"id": "529344875", "price": 13.373, "amount": 1.0, "side": "buy", "timestamp": 1765670276196}, {"id": "529344876", "price": 13.373, "amount": 1.0, "side": "buy", "timestamp": 1765670277502}, {"id": "529344877", "price": 13.373, "amount": 139.0, "side": "buy", "timestamp": 1765670279676}, {"id": "529344878", "price": 13.373, "amount": 1.0, "side": "buy", "timestamp": 1765670280144}, {"id": "529344879", "price": 13.372, "amount": 1.0, "side": "sell", "timestamp": 1765670280889}, {"id": "529344880", "price": 13.373, "amount": 110.0, "side": "buy", "timestamp": 1765670281564}, {"id": "529344881", "price": 13.372, "amount": 2.0, "side": "sell", "timestamp": 1765670283467}, {"id": "529344882", "price": 13.373, "amount": 1.0, "side": "buy", "timestamp": 1765670284584}, {"id": "529344883", "price": 13.373, "amount": 1.0, "side": "buy", "timestamp": 1765670286227}, {"id": "529344884", "price": 13.373, "amount": 2.0, "side": "buy", "timestamp": 1765670289706}, {"id": "529344885", "price": 13.373, "amount": 10.0, "side": "buy", "timestamp": 1765670289811}, {"id": "529344886", "price": 13.373, "amount": 141.0, "side": "buy", "timestamp": 1765670289924}, {"id": "529344887", "price": 13.373, "amount": 71.0, "side": "buy", "timestamp": 1765670290025}, {"id": "529344888", "price": 13.373, "amount": 1.0, "side": "buy", "timestamp": 1765670290861}, {"id": "529344889", "price": 13.373, "amount": 147.0, "side": "buy", "timestamp": 1765670291083}, {"id": "529344890", "price": 13.372, "amount": 124.0, "side": "sell", "timestamp": 1765670291658}, {"id": "529344891", "price": 13.372, "amount": 150.0, "side": "sell", "timestamp": 1765670292762}, {"id": "529344892", "price": 13.372, "amount": 115.0, "side": "sell", "timestamp": 1765670293809}, {"id": "529344893", "price": 13.373, "amount": 1.0, "side": "buy", "timestamp": 1765670295702}, {"id": "529344894", "price": 13.373, "amount": 1.0, "side": "buy", "timestamp": 1765670295872}, {"id": "529344876", "price": 13.373, "amount": 1.0, "side": "buy", "timestamp": 1765670277502}, {"id": "529344877", "price": 13.373, "amount": 139.0, "side": "buy", "timestamp": 1765670279676}, {"id": "529344878", "price": 13.373, "amount": 1.0, "side": "buy", "timestamp": 1765670280144}, {"id": "529344879", "price": 13.372, "amount": 1.0, "side": "sell", "timestamp": 1765670280889}, {"id": "529344880", "price": 13.373, "amount": 110.0, "side": "buy", "timestamp": 1765670281564}, {"id": "529344881", "price": 13.372, "amount": 2.0, "side": "sell", "timestamp": 1765670283467}, {"id": "529344882", "price": 13.373, "amount": 1.0, "side": "buy", "timestamp": 1765670284584}, {"id": "529344883", "price": 13.373, "amount": 1.0, "side": "buy", "timestamp": 1765670286227}, {"id": "529344884", "price": 13.373, "amount": 2.0, "side": "buy", "timestamp": 1765670289706}, {"id": "529344885", "price": 13.373, "amount": 10.0, "side": "buy", "timestamp": 1765670289811}, {"id": "529344886", "price": 13.373, "amount": 141.0, "side": "buy", "timestamp": 1765670289924}, {"id": "529344887", "price": 13.373, "amount": 71.0, "side": "buy", "timestamp": 1765670290025}, {"id": "529344888", "price": 13.373, "amount": 1.0, "side": "buy", "timestamp": 1765670290861}, {"id": "529344889", "price": 13.373, "amount": 147.0, "side": "buy", "timestamp": 1765670291083}, {"id": "529344890", "price": 13.372, "amount": 124.0, "side": "sell", "timestamp": 1765670291658}, {"id": "529344891", "price": 13.372, "amount": 150.0, "side": "sell", "timestamp": 1765670292762}, {"id": "529344892", "price": 13.372, "amount": 115.0, "side": "sell", "timestamp": 1765670293809}, {"id": "529344893", "price": 13.373, "amount": 1.0, "side": "buy", "timestamp": 1765670295702}, {"id": "529344894", "price": 13.373, "amount": 1.0, "side": "buy", "timestamp": 1765670295872}, {"id": "529344895", "price": 13.373, "amount": 1.0, "side": "buy", "timestamp": 1765670298004}, {"id": "529344896", "price": 13.373, "amount": 1.0, "side": "buy", "timestamp": 1765670305651}, {"id": "529344897", "price": 13.373, "amount": 12.0, "side": "buy", "timestamp": 1765670306052}, {"id": "529344898", "price": 13.373, "amount": 2.0, "side": "buy", "timestamp": 1765670307537}, {"id": "529344899", "price": 13.373, "amount": 9.0, "side": "buy", "timestamp": 1765670308413}, {"id": "529344900", "price": 13.373, "amount": 503.0, "side": "buy", "timestamp": 1765670309651}, {"id": "529344901", "price": 13.374, "amount": 65.0, "side": "buy", "timestamp": 1765670309720}, {"id": "529344902", "price": 13.375, "amount": 19.0, "side": "buy", "timestamp": 1765670309764}, {"id": "529344903", "price": 13.376, "amount": 1.0, "side": "buy", "timestamp": 1765670311077}, {"id": "529344904", "price": 13.376, "amount": 1.0, "side": "buy", "timestamp": 1765670312226}, {"id": "529344905", "price": 13.376, "amount": 2.0, "side": "buy", "timestamp": 1765670313602}, {"id": "529344906", "price": 13.376, "amount": 4.0, "side": "buy", "timestamp": 1765670314064}, {"id": "529344907", "price": 13.375, "amount": 23.0, "side": "sell", "timestamp": 1765670314434}, {"id": "529344908", "price": 13.375, "amount": 21.0, "side": "sell", "timestamp": 1765670314768}, {"id": "529344909", "price": 13.376, "amount": 1.0, "side": "buy", "timestamp": 1765670316461}, {"id": "529344910", "price": 13.375, "amount": 1.0, "side": "sell", "timestamp": 1765670316553}, {"id": "529344911", "price": 13.376, "amount": 1.0, "side": "buy", "timestamp": 1765670319792}, {"id": "529344912", "price": 13.376, "amount": 1.0, "side": "buy", "timestamp": 1765670321740}, {"id": "529344913", "price": 13.376, "amount": 1.0, "side": "buy", "timestamp": 1765670323938}, {"id": "529344914", "price": 13.376, "amount": 1.0, "side": "buy", "timestamp": 1765670326293}, {"id": "529344915", "price": 13.375, "amount": 164.0, "side": "sell", "timestamp": 1765670327654}, {"id": "529344916", "price": 13.375, "amount": 161.0, "side": "sell", "timestamp": 1765670328754}, {"id": "529344917", "price": 13.376, "amount": 84.0, "side": "buy", "timestamp": 1765670329074}, {"id": "529344918", "price": 13.375, "amount": 1.0, "side": "sell", "timestamp": 1765670329523}, {"id": "529344919", "price": 13.375, "amount": 2.0, "side": "sell", "timestamp": 1765670329806}, {"id": "529344920", "price": 13.376, "amount": 3.0, "side": "buy", "timestamp": 1765670339828}, {"id": "529344921", "price": 13.376, "amount": 1.0, "side": "buy", "timestamp": 1765670342062}, {"id": "529344922", "price": 13.376, "amount": 223.0, "side": "buy", "timestamp": 1765670344075}, {"id": "529344923", "price": 13.376, "amount": 8.0, "side": "buy", "timestamp": 1765670344190}, {"id": "529344924", "price": 13.375, "amount": 2.0, "side": "sell", "timestamp": 1765670347112}, {"id": "529344925", "price": 13.376, "amount": 1.0, "side": "buy", "timestamp": 1765670350024}]