[{"symbol": "SOLUSDT", "bids": [[126.25, 336.32], [126.24, 321.52], [126.23, 309.44], [126.22, 1091.33], [126.21, 1618.92], [126.2, 1632.37], [126.19, 1522.68], [126.18, 1124.04], [126.17, 2070.28], [126.16, 1476.56], [126.15, 1209.92], [126.14, 1730.45], [126.13, 841.57], [126.12, 1329.86], [126.11, 897.04], [126.1, 590.17], [126.09, 505.55], [126.08, 911.32], [126.07, 2810.17], [126.06, 826.72]], "asks": [[126.26, 1075.77], [126.27, 731.32], [126.28, 1377.86], [126.29, 1271.1], [126.3, 1769.9], [126.31, 1119.78], [126.32, 1033.12], [126.33, 679.98], [126.34, 1699.57], [126.35, 525.09], [126.36, 599.72], [126.37, 854.31], [126.38, 768.55], [126.39, 687.83], [126.4, 1951.45], [126.41, 658.94], [126.42, 615.0], [126.43, 609.92], [126.44, 1589.91], [126.45, 3940.61]], "timestamp": "2025-12-20T00:00:16.531394+00:00"}, {"symbol": "SOLUSDT", "bids": [[126.24, 1243.69], [126.23, 527.94], [126.22, 995.69], [126.21, 875.49], [126.2, 1266.27], [126.19, 1352.69], [126.18, 1423.28], [126.17, 1666.87], [126.16, 1261.31], [126.15, 1599.24], [126.14, 2121.52], [126.13, 2769.88], [126.12, 1435.55], [126.11, 1012.7], [126.1, 641.39], [126.09, 1641.55], [126.08, 513.06], [126.07, 1047.96], [126.06, 1110.21], [126.05, 2455.61]], "asks": [[126.25, 367.24], [126.26, 209.25], [126.27, 497.37], [126.28, 1565.61], [126.29, 1811.08], [126.3, 1345.47], [126.31, 1270.99], [126.32, 1393.91], [126.33, 1122.68], [126.34, 1199.13], [126.35, 2282.75], [126.36, 572.49], [126.37, 1130.36], [126.38, 983.19], [126.39, 833.1], [126.4, 1267.18], [126.41, 2031.59], [126.42, 1359.48], [126.43, 1729.16], [126.44, 1559.39]], "timestamp": "2025-12-20T00:01:10.231034+00:00"}, {"symbol": "SOLUSDT", "bids": [[126.05, 950.33], [126.04, 369.6], [126.03, 562.93], [126.02, 1023.87], [126.01, 2059.12], [126.0, 6809.37], [125.99, 1754.67], [125.98, 912.62], [125.97, 1285.17], [125.96, 1334.42], [125.95, 1072.74], [125.94, 4327.89], [125.93, 844.88], [125.92, 1679.66], [125.91, 874.23], [125.9, 818.86], [125.89, 739.58], [125.88, 1051.04], [125.87, 1672.77], [125.86, 1200.21]], "asks": [[126.06, 477.26], [126.07, 178.0], [126.08, 344.87], [126.09, 1446.81], [126.1, 2294.87], [126.11, 3417.98], [126.12, 3219.41], [126.13, 1633.76], [126.14, 1628.19], [126.15, 1295.68], [126.16, 1052.84], [126.17, 3272.02], [126.18, 1249.09], [126.19, 793.28], [126.2, 646.1], [126.21, 1554.61], [126.22, 661.64], [126.23, 752.42], [126.24, 1206.83], [126.25, 1320.89]], "timestamp": "2025-12-20T00:02:16.826814+00:00"}, {"symbol": "SOLUSDT", "bids": [[126.01, 750.56], [126.0, 676.26], [125.99, 597.03], [125.98, 462.12], [125.97, 1254.42], [125.96, 979.07], [125.95, 850.97], [125.94, 1409.06], [125.93, 861.05], [125.92, 827.8], [125.91, 1378.11], [125.9, 2407.11], [125.89, 961.92], [125.88, 2345.13], [125.87, 2577.34], [125.86, 722.33], [125.85, 1459.4], [125.84, 1447.84], [125.83, 738.88], [125.82, 1652.04]], "asks": [[126.02, 611.82], [126.03, 613.85], [126.04, 1192.71], [126.05, 1006.9], [126.06, 2219.75], [126.07, 1943.09], [126.08, 1292.34], [126.09, 1374.22], [126.1, 1121.33], [126.11, 1293.69], [126.12, 2784.72], [126.13, 1058.86], [126.14, 1072.31], [126.15, 813.79], [126.16, 832.26], [126.17, 1126.25], [126.18, 2838.64], [126.19, 822.75], [126.2, 716.67], [126.21, 1088.49]], "timestamp": "2025-12-20T00:03:15.979486+00:00"}, {"symbol": "SOLUSDT", "bids": [[126.0, 117.99], [125.99, 384.23], [125.98, 378.79], [125.97, 845.49], [125.96, 720.94], [125.95, 881.93], [125.94, 1129.18], [125.93, 1200.1], [125.92, 883.57], [125.91, 1038.35], [125.9, 815.32], [125.89, 2840.22], [125.88, 2172.39], [125.87, 2198.47], [125.86, 909.23], [125.85, 1735.32], [125.84, 1269.47], [125.83, 957.92], [125.82, 1572.5], [125.81, 2569.76]], "asks": [[126.01, 2326.65], [126.02, 880.22], [126.03, 857.32], [126.04, 1360.5], [126.05, 2582.12], [126.06, 1145.84], [126.07, 1219.74], [126.08, 1419.83], [126.09, 3110.16], [126.1, 937.08], [126.11, 1473.3], [126.12, 1151.05], [126.13, 891.47], [126.14, 702.82], [126.15, 1049.71], [126.16, 699.31], [126.17, 836.05], [126.18, 1846.9], [126.19, 1167.02], [126.2, 1910.63]], "timestamp": "2025-12-20T00:04:08.920827+00:00"}, {"symbol": "SOLUSDT", "bids": [[126.0, 326.34], [125.99, 395.81], [125.98, 529.53], [125.97, 603.47], [125.96, 617.34], [125.95, 656.97], [125.94, 1124.46], [125.93, 1009.12], [125.92, 875.67], [125.91, 1138.68], [125.9, 794.41], [125.89, 1413.45], [125.88, 3009.55], [125.87, 574.41], [125.86, 773.53], [125.85, 2161.89], [125.84, 3212.6], [125.83, 823.9], [125.82, 1570.03], [125.81, 2571.92]], "asks": [[126.01, 943.26], [126.02, 611.12], [126.03, 693.39], [126.04, 1439.99], [126.05, 2321.44], [126.06, 1344.46], [126.07, 1471.64], [126.08, 2066.83], [126.09, 3589.44], [126.1, 1443.37], [126.11, 1399.66], [126.12, 1215.03], [126.13, 901.47], [126.14, 677.06], [126.15, 1064.44], [126.16, 1981.79], [126.17, 807.97], [126.18, 1574.87], [126.19, 772.59], [126.2, 748.51]], "timestamp": "2025-12-20T00:05:13.422277+00:00"}, {"symbol": "SOLUSDT", "bids": [[125.98, 635.13], [125.97, 299.44], [125.96, 501.51], [125.95, 601.37], [125.94, 1137.56], [125.93, 858.27], [125.92, 865.83], [125.91, 1109.25], [125.9, 855.1], [125.89, 1581.22], [125.88, 3118.38], [125.87, 771.8], [125.86, 1027.68], [125.85, 3365.53], [125.84, 1344.23], [125.83, 1146.61], [125.82, 1071.98], [125.81, 897.13], [125.8, 1716.36], [125.79, 700.31]], "asks": [[125.99, 1423.16], [126.0, 811.04], [126.01, 700.62], [126.02, 1391.46], [126.03, 2609.26], [126.04, 1311.88], [126.05, 1606.17], [126.06, 1765.41], [126.07, 3437.94], [126.08, 1165.68], [126.09, 1405.54], [126.1, 1020.19], [126.11, 1803.34], [126.12, 1014.23], [126.13, 780.36], [126.14, 726.44], [126.15, 1148.3], [126.16, 600.95], [126.17, 909.11], [126.18, 2708.23]], "timestamp": "2025-12-20T00:06:06.791500+00:00"}, {"symbol": "SOLUSDT", "bids": [[125.9, 514.66], [125.89, 903.21], [125.88, 824.42], [125.87, 463.78], [125.86, 837.8], [125.85, 1257.99], [125.84, 1607.34], [125.83, 1480.97], [125.82, 1027.29], [125.81, 1408.84], [125.8, 2283.55], [125.79, 2369.49], [125.78, 574.8], [125.77, 1288.54], [125.76, 3257.7], [125.75, 927.68], [125.74, 448.15], [125.73, 659.82], [125.72, 1577.46], [125.71, 2347.93]], "asks": [[125.91, 304.1], [125.92, 358.0], [125.93, 1304.39], [125.94, 2430.55], [125.95, 1788.52], [125.96, 1376.5], [125.97, 1305.02], [125.98, 1876.3], [125.99, 1464.91], [126.0, 1490.38], [126.01, 2818.41], [126.02, 1344.63], [126.03, 1474.29], [126.04, 958.98], [126.05, 1046.58], [126.06, 1926.76], [126.07, 1352.5], [126.08, 797.27], [126.09, 992.67], [126.1, 1219.65]], "timestamp": "2025-12-20T00:06:59.715047+00:00"}, {"symbol": "SOLUSDT", "bids": [[125.86, 1183.12], [125.85, 430.9], [125.84, 436.88], [125.83, 373.59], [125.82, 782.25], [125.81, 993.23], [125.8, 1853.09], [125.79, 1424.53], [125.78, 989.65], [125.77, 1084.97], [125.76, 1087.12], [125.75, 1265.07], [125.74, 973.66], [125.73, 2798.3], [125.72, 1701.21], [125.71, 2963.18], [125.7, 538.21], [125.69, 772.34], [125.68, 1264.3], [125.67, 1076.63]], "asks": [[125.87, 620.26], [125.88, 806.45], [125.89, 882.71], [125.9, 1503.4], [125.91, 1725.35], [125.92, 2042.73], [125.93, 2223.66], [125.94, 2555.34], [125.95, 2732.97], [125.96, 1052.89], [125.97, 1294.48], [125.98, 628.08], [125.99, 1184.51], [126.0, 1261.94], [126.01, 667.07], [126.02, 1298.32], [126.03, 1146.21], [126.04, 2407.82], [126.05, 1217.38], [126.06, 1716.28]], "timestamp": "2025-12-20T00:07:52.362443+00:00"}, {"symbol": "SOLUSDT", "bids": [[125.89, 314.43], [125.88, 242.67], [125.87, 345.7], [125.86, 645.26], [125.85, 1228.95], [125.84, 849.15], [125.83, 862.19], [125.82, 1349.56], [125.81, 1621.91], [125.8, 1563.33], [125.79, 1092.28], [125.78, 962.78], [125.77, 2769.78], [125.76, 1273.21], [125.75, 2991.72], [125.74, 1352.15], [125.73, 1010.57], [125.72, 1394.0], [125.71, 1084.46], [125.7, 678.24]], "asks": [[125.9, 1011.44], [125.91, 1222.33], [125.92, 1132.81], [125.93, 1994.71], [125.94, 2612.79], [125.95, 706.59], [125.96, 879.55], [125.97, 1496.3], [125.98, 3172.91], [125.99, 1337.97], [126.0, 1028.65], [126.01, 755.43], [126.02, 937.53], [126.03, 1111.18], [126.04, 1331.27], [126.05, 1014.57], [126.06, 2025.22], [126.07, 1293.94], [126.08, 966.39], [126.09, 956.23]], "timestamp": "2025-12-20T00:08:45.814142+00:00"}, {"symbol": "SOLUSDT", "bids": [[125.82, 367.52], [125.81, 574.75], [125.8, 1656.26], [125.79, 484.31], [125.78, 904.65], [125.77, 1147.79], [125.76, 1278.62], [125.75, 948.55], [125.74, 994.92], [125.73, 804.14], [125.72, 2233.07], [125.71, 2866.56], [125.7, 2010.08], [125.69, 922.82], [125.68, 1004.92], [125.67, 604.46], [125.66, 1570.87], [125.65, 1195.4], [125.64, 1565.73], [125.63, 2029.47]], "asks": [[125.83, 979.24], [125.84, 1048.93], [125.85, 305.94], [125.86, 643.01], [125.87, 2176.7], [125.88, 1226.0], [125.89, 1405.48], [125.9, 1982.37], [125.91, 1430.53], [125.92, 4184.57], [125.93, 1980.02], [125.94, 1920.89], [125.95, 978.79], [125.96, 1096.96], [125.97, 1515.28], [125.98, 1124.5], [125.99, 1233.78], [126.0, 828.56], [126.01, 853.82], [126.02, 2215.24]], "timestamp": "2025-12-20T00:09:39.267001+00:00"}, {"symbol": "SOLUSDT", "bids": [[125.82, 718.44], [125.81, 576.06], [125.8, 386.37], [125.79, 243.37], [125.78, 808.72], [125.77, 849.46], [125.76, 1750.46], [125.75, 997.43], [125.74, 1403.73], [125.73, 2302.24], [125.72, 1526.72], [125.71, 1655.11], [125.7, 719.03], [125.69, 2558.13], [125.68, 2423.88], [125.67, 598.63], [125.66, 1429.96], [125.65, 1412.15], [125.64, 1050.86], [125.63, 651.54]], "asks": [[125.83, 485.17], [125.84, 215.06], [125.85, 638.48], [125.86, 1263.14], [125.87, 2109.78], [125.88, 803.42], [125.89, 765.77], [125.9, 1376.82], [125.91, 3015.45], [125.92, 1539.13], [125.93, 1863.46], [125.94, 1726.71], [125.95, 1033.79], [125.96, 1338.36], [125.97, 1386.21], [125.98, 1164.02], [125.99, 971.28], [126.0, 979.57], [126.01, 883.43], [126.02, 3210.67]], "timestamp": "2025-12-20T00:10:32.770093+00:00"}, {"symbol": "SOLUSDT", "bids": [[125.79, 345.0], [125.78, 232.11], [125.77, 207.95], [125.76, 536.86], [125.75, 1044.84], [125.74, 978.47], [125.73, 899.49], [125.72, 1539.57], [125.71, 1417.19], [125.7, 1147.69], [125.69, 3097.18], [125.68, 1917.87], [125.67, 623.17], [125.66, 1348.0], [125.65, 2969.13], [125.64, 1082.97], [125.63, 819.99], [125.62, 1166.64], [125.61, 782.83], [125.6, 1306.43]], "asks": [[125.8, 623.34], [125.81, 857.31], [125.82, 750.7], [125.83, 1231.06], [125.84, 1930.96], [125.85, 864.95], [125.86, 909.03], [125.87, 1495.4], [125.88, 2533.99], [125.89, 872.27], [125.9, 1296.97], [125.91, 797.62], [125.92, 1708.77], [125.93, 1876.68], [125.94, 1826.9], [125.95, 743.27], [125.96, 1281.45], [125.97, 1605.29], [125.98, 2681.22], [125.99, 2897.16]], "timestamp": "2025-12-20T00:11:25.376071+00:00"}, {"symbol": "SOLUSDT", "bids": [[125.87, 621.09], [125.86, 350.09], [125.85, 564.55], [125.84, 616.96], [125.83, 1266.9], [125.82, 753.5], [125.81, 766.43], [125.8, 1351.7], [125.79, 1311.19], [125.78, 1259.69], [125.77, 2231.36], [125.76, 1158.09], [125.75, 1099.54], [125.74, 2536.72], [125.73, 585.54], [125.72, 1247.43], [125.71, 971.19], [125.7, 1162.17], [125.69, 1058.35], [125.68, 2183.9]], "asks": [[125.88, 136.81], [125.89, 454.63], [125.9, 1014.06], [125.91, 1570.03], [125.92, 2578.17], [125.93, 2228.08], [125.94, 2106.74], [125.95, 1667.97], [125.96, 1122.73], [125.97, 1074.03], [125.98, 2936.5], [125.99, 1300.2], [126.0, 1002.63], [126.01, 1012.02], [126.02, 833.28], [126.03, 1351.15], [126.04, 1108.65], [126.05, 1168.83], [126.06, 4382.24], [126.07, 990.74]], "timestamp": "2025-12-20T00:12:21.163477+00:00"}, {"symbol": "SOLUSDT", "bids": [[125.92, 576.24], [125.91, 200.45], [125.9, 632.88], [125.89, 642.81], [125.88, 765.14], [125.87, 890.81], [125.86, 1040.95], [125.85, 1034.52], [125.84, 1573.45], [125.83, 2221.9], [125.82, 914.79], [125.81, 1074.13], [125.8, 1278.56], [125.79, 2146.81], [125.78, 726.62], [125.77, 1097.0], [125.76, 1507.02], [125.75, 535.36], [125.74, 978.82], [125.73, 643.12]], "asks": [[125.93, 440.48], [125.94, 1482.23], [125.95, 796.49], [125.96, 876.17], [125.97, 1689.43], [125.98, 1098.32], [125.99, 1165.03], [126.0, 1738.94], [126.01, 1069.9], [126.02, 2913.82], [126.03, 1275.8], [126.04, 972.66], [126.05, 1353.05], [126.06, 1677.42], [126.07, 683.68], [126.08, 985.76], [126.09, 817.29], [126.1, 887.59], [126.11, 1595.62], [126.12, 2781.23]], "timestamp": "2025-12-20T00:13:14.104350+00:00"}, {"symbol": "SOLUSDT", "bids": [[125.97, 849.9], [125.96, 942.78], [125.95, 599.81], [125.94, 298.91], [125.93, 942.47], [125.92, 962.12], [125.91, 1591.08], [125.9, 1100.05], [125.89, 1068.33], [125.88, 1872.6], [125.87, 939.29], [125.86, 740.13], [125.85, 526.36], [125.84, 1326.13], [125.83, 825.65], [125.82, 2188.66], [125.81, 754.41], [125.8, 1469.91], [125.79, 580.88], [125.78, 853.95]], "asks": [[125.98, 339.56], [125.99, 145.9], [126.0, 768.26], [126.01, 854.06], [126.02, 2141.55], [126.03, 1862.16], [126.04, 945.19], [126.05, 1246.87], [126.06, 1994.78], [126.07, 2455.37], [126.08, 862.37], [126.09, 617.39], [126.1, 1181.38], [126.11, 1311.81], [126.12, 634.56], [126.13, 900.81], [126.14, 833.07], [126.15, 1032.9], [126.16, 2066.68], [126.17, 1790.11]], "timestamp": "2025-12-20T00:14:07.560204+00:00"}, {"symbol": "SOLUSDT", "bids": [[125.9, 1161.33], [125.89, 204.86], [125.88, 461.63], [125.87, 835.75], [125.86, 981.75], [125.85, 946.67], [125.84, 1009.53], [125.83, 1253.9], [125.82, 647.44], [125.81, 569.01], [125.8, 2267.26], [125.79, 530.09], [125.78, 1234.69], [125.77, 1278.47], [125.76, 1052.65], [125.75, 976.41], [125.74, 2442.96], [125.73, 677.85], [125.72, 1546.24], [125.71, 913.89]], "asks": [[125.91, 329.3], [125.92, 151.61], [125.93, 643.78], [125.94, 986.36], [125.95, 1895.97], [125.96, 1329.07], [125.97, 2721.61], [125.98, 760.13], [125.99, 1050.68], [126.0, 1084.36], [126.01, 2443.4], [126.02, 941.92], [126.03, 1433.7], [126.04, 676.48], [126.05, 998.88], [126.06, 1742.63], [126.07, 557.36], [126.08, 1259.91], [126.09, 649.57], [126.1, 1115.54]], "timestamp": "2025-12-20T00:15:08.400380+00:00"}, {"symbol": "SOLUSDT", "bids": [[125.95, 696.56], [125.94, 240.92], [125.93, 783.11], [125.92, 717.53], [125.91, 842.08], [125.9, 1275.83], [125.89, 1303.49], [125.88, 761.08], [125.87, 744.84], [125.86, 745.66], [125.85, 1750.2], [125.84, 1117.37], [125.83, 1057.89], [125.82, 2176.75], [125.81, 545.43], [125.8, 1596.95], [125.79, 597.48], [125.78, 1535.32], [125.77, 928.8], [125.76, 868.66]], "asks": [[125.96, 243.7], [125.97, 150.28], [125.98, 465.34], [125.99, 1281.94], [126.0, 2176.9], [126.01, 1705.27], [126.02, 943.51], [126.03, 1303.25], [126.04, 2391.67], [126.05, 1191.73], [126.06, 1848.0], [126.07, 892.47], [126.08, 711.35], [126.09, 658.59], [126.1, 1625.7], [126.11, 1160.07], [126.12, 697.81], [126.13, 1994.47], [126.14, 884.53], [126.15, 863.24]], "timestamp": "2025-12-20T00:16:03.477151+00:00"}, {"symbol": "SOLUSDT", "bids": [[126.02, 365.06], [126.01, 925.24], [126.0, 790.42], [125.99, 1429.25], [125.98, 2157.81], [125.97, 1585.17], [125.96, 697.52], [125.95, 880.91], [125.94, 785.86], [125.93, 1021.31], [125.92, 1680.77], [125.91, 2817.75], [125.9, 2845.34], [125.89, 550.17], [125.88, 1078.86], [125.87, 854.08], [125.86, 373.07], [125.85, 569.16], [125.84, 1115.39], [125.83, 649.92]], "asks": [[126.03, 1418.67], [126.04, 461.39], [126.05, 917.09], [126.06, 889.55], [126.07, 1287.7], [126.08, 1089.19], [126.09, 961.64], [126.1, 1325.45], [126.11, 1483.03], [126.12, 2385.27], [126.13, 1113.78], [126.14, 1173.99], [126.15, 899.46], [126.16, 1329.97], [126.17, 1025.69], [126.18, 967.95], [126.19, 456.87], [126.2, 898.34], [126.21, 962.85], [126.22, 1043.63]], "timestamp": "2025-12-20T00:16:58.362022+00:00"}]