[{"id": "1014733283", "price": 126.21, "amount": 2.94, "side": "sell", "timestamp": 1766188805441}, {"id": "1014733284", "price": 126.22, "amount": 1.18, "side": "buy", "timestamp": 1766188805523}, {"id": "1014733285", "price": 126.22, "amount": 0.05, "side": "buy", "timestamp": 1766188805734}, {"id": "1014733286", "price": 126.22, "amount": 0.06, "side": "buy", "timestamp": 1766188805837}, {"id": "1014733287", "price": 126.22, "amount": 0.34, "side": "buy", "timestamp": 1766188806325}, {"id": "1014733288", "price": 126.21, "amount": 0.4, "side": "sell", "timestamp": 1766188806367}, {"id": "1014733289", "price": 126.21, "amount": 0.05, "side": "sell", "timestamp": 1766188806746}, {"id": "1014733290", "price": 126.21, "amount": 0.76, "side": "sell", "timestamp": 1766188806893}, {"id": "1014733291", "price": 126.22, "amount": 3.97, "side": "buy", "timestamp": 1766188807001}, {"id": "1014733292", "price": 126.22, "amount": 2.38, "side": "buy", "timestamp": 1766188807495}, {"id": "1014733293", "price": 126.22, "amount": 8.19, "side": "buy", "timestamp": 1766188807623}, {"id": "1014733294", "price": 126.21, "amount": 0.05, "side": "sell", "timestamp": 1766188807681}, {"id": "1014733295", "price": 126.22, "amount": 40.62, "side": "buy", "timestamp": 1766188807693}, {"id": "1014733296", "price": 126.22, "amount": 15.41, "side": "buy", "timestamp": 1766188807910}, {"id": "1014733297", "price": 126.21, "amount": 2.34, "side": "sell", "timestamp": 1766188807935}, {"id": "1014733298", "price": 126.22, "amount": 46.05, "side": "buy", "timestamp": 1766188807948}, {"id": "1014733299", "price": 126.22, "amount": 12.42, "side": "buy", "timestamp": 1766188808439}, {"id": "1014733300", "price": 126.22, "amount": 6.79, "side": "buy", "timestamp": 1766188808695}, {"id": "1014733301", "price": 126.21, "amount": 2.24, "side": "sell", "timestamp": 1766188808940}, {"id": "1014733302", "price": 126.21, "amount": 0.09, "side": "sell", "timestamp": 1766188809084}, {"id": "1014733303", "price": 126.21, "amount": 0.15, "side": "sell", "timestamp": 1766188809366}, {"id": "1014733304", "price": 126.21, "amount": 3.39, "side": "sell", "timestamp": 1766188809531}, {"id": "1014733305", "price": 126.21, "amount": 0.23, "side": "sell", "timestamp": 1766188810027}, {"id": "1014733306", "price": 126.21, "amount": 0.79, "side": "sell", "timestamp": 1766188810176}, {"id": "1014733307", "price": 126.21, "amount": 0.31, "side": "sell", "timestamp": 1766188810334}, {"id": "1014733308", "price": 126.22, "amount": 2.32, "side": "buy", "timestamp": 1766188810556}, {"id": "1014733309", "price": 126.21, "amount": 3.95, "side": "sell", "timestamp": 1766188810863}, {"id": "1014733310", "price": 126.22, "amount": 180.5, "side": "buy", "timestamp": 1766188810868}, {"id": "1014733311", "price": 126.23, "amount": 135.65, "side": "buy", "timestamp": 1766188810868}, {"id": "1014733312", "price": 126.23, "amount": 71.71, "side": "buy", "timestamp": 1766188811493}, {"id": "1014733313", "price": 126.24, "amount": 1.15, "side": "buy", "timestamp": 1766188811963}, {"id": "1014733314", "price": 126.24, "amount": 0.48, "side": "buy", "timestamp": 1766188812277}, {"id": "1014733315", "price": 126.24, "amount": 4.29, "side": "buy", "timestamp": 1766188812527}, {"id": "1014733316", "price": 126.23, "amount": 3.82, "side": "sell", "timestamp": 1766188812928}, {"id": "1014733317", "price": 126.24, "amount": 0.48, "side": "buy", "timestamp": 1766188812999}, {"id": "1014733318", "price": 126.24, "amount": 52.15, "side": "buy", "timestamp": 1766188813252}, {"id": "1014733319", "price": 126.25, "amount": 44.96, "side": "buy", "timestamp": 1766188813283}, {"id": "1014733320", "price": 126.24, "amount": 0.3, "side": "sell", "timestamp": 1766188813310}, {"id": "1014733321", "price": 126.25, "amount": 0.2, "side": "buy", "timestamp": 1766188813401}, {"id": "1014733322", "price": 126.24, "amount": 338.37, "side": "sell", "timestamp": 1766188813811}, {"id": "1014733323", "price": 126.25, "amount": 1.49, "side": "buy", "timestamp": 1766188814144}, {"id": "1014733324", "price": 126.25, "amount": 0.06, "side": "buy", "timestamp": 1766188814246}, {"id": "1014733325", "price": 126.25, "amount": 0.12, "side": "buy", "timestamp": 1766188814440}, {"id": "1014733326", "price": 126.24, "amount": 2.11, "side": "sell", "timestamp": 1766188814666}, {"id": "1014733327", "price": 126.25, "amount": 1.58, "side": "buy", "timestamp": 1766188814669}, {"id": "1014733328", "price": 126.25, "amount": 20.04, "side": "buy", "timestamp": 1766188814882}, {"id": "1014733329", "price": 126.25, "amount": 80.78, "side": "buy", "timestamp": 1766188815287}, {"id": "1014733330", "price": 126.26, "amount": 0.09, "side": "buy", "timestamp": 1766188816048}, {"id": "1014733331", "price": 126.25, "amount": 1.01, "side": "sell", "timestamp": 1766188816181}, {"id": "1014733332", "price": 126.26, "amount": 51.93, "side": "buy", "timestamp": 1766188816197}, {"id": "1014733441", "price": 126.21, "amount": 2.04, "side": "buy", "timestamp": 1766188855127}, {"id": "1014733442", "price": 126.2, "amount": 1.97, "side": "sell", "timestamp": 1766188855166}, {"id": "1014733443", "price": 126.2, "amount": 3.86, "side": "sell", "timestamp": 1766188855391}, {"id": "1014733444", "price": 126.21, "amount": 2.64, "side": "buy", "timestamp": 1766188855546}, {"id": "1014733445", "price": 126.2, "amount": 3.7, "side": "sell", "timestamp": 1766188855548}, {"id": "1014733446", "price": 126.21, "amount": 133.74, "side": "buy", "timestamp": 1766188855571}, {"id": "1014733447", "price": 126.2, "amount": 1.79, "side": "sell", "timestamp": 1766188855782}, {"id": "1014733448", "price": 126.21, "amount": 0.37, "side": "buy", "timestamp": 1766188855895}, {"id": "1014733449", "price": 126.2, "amount": 3.7, "side": "sell", "timestamp": 1766188856614}, {"id": "1014733450", "price": 126.21, "amount": 0.15, "side": "buy", "timestamp": 1766188856644}, {"id": "1014733451", "price": 126.21, "amount": 1.45, "side": "buy", "timestamp": 1766188857140}, {"id": "1014733452", "price": 126.2, "amount": 0.19, "side": "sell", "timestamp": 1766188857360}, {"id": "1014733453", "price": 126.21, "amount": 213.23, "side": "buy", "timestamp": 1766188857565}, {"id": "1014733454", "price": 126.22, "amount": 127.36, "side": "buy", "timestamp": 1766188857580}, {"id": "1014733455", "price": 126.23, "amount": 490.75, "side": "buy", "timestamp": 1766188857580}, {"id": "1014733456", "price": 126.23, "amount": 3.7, "side": "sell", "timestamp": 1766188857594}, {"id": "1014733457", "price": 126.24, "amount": 15.0, "side": "buy", "timestamp": 1766188859043}, {"id": "1014733458", "price": 126.24, "amount": 3.45, "side": "buy", "timestamp": 1766188859722}, {"id": "1014733459", "price": 126.23, "amount": 0.19, "side": "sell", "timestamp": 1766188860187}, {"id": "1014733460", "price": 126.24, "amount": 1.98, "side": "buy", "timestamp": 1766188860265}, {"id": "1014733461", "price": 126.24, "amount": 4.9, "side": "buy", "timestamp": 1766188860788}, {"id": "1014733462", "price": 126.24, "amount": 0.23, "side": "buy", "timestamp": 1766188861024}, {"id": "1014733463", "price": 126.24, "amount": 0.08, "side": "buy", "timestamp": 1766188861330}, {"id": "1014733464", "price": 126.24, "amount": 0.04, "side": "buy", "timestamp": 1766188861803}, {"id": "1014733465", "price": 126.24, "amount": 1.45, "side": "buy", "timestamp": 1766188862024}, {"id": "1014733466", "price": 126.23, "amount": 0.79, "side": "sell", "timestamp": 1766188862040}, {"id": "1014733467", "price": 126.23, "amount": 84.14, "side": "sell", "timestamp": 1766188862390}, {"id": "1014733468", "price": 126.24, "amount": 66.99, "side": "buy", "timestamp": 1766188862854}, {"id": "1014733469", "price": 126.24, "amount": 45.0, "side": "buy", "timestamp": 1766188863504}, {"id": "1014733470", "price": 126.24, "amount": 48.19, "side": "buy", "timestamp": 1766188864175}, {"id": "1014733471", "price": 126.24, "amount": 214.12, "side": "buy", "timestamp": 1766188864309}, {"id": "1014733472", "price": 126.25, "amount": 340.7, "side": "buy", "timestamp": 1766188864310}, {"id": "1014733473", "price": 126.25, "amount": 3.46, "side": "sell", "timestamp": 1766188864495}, {"id": "1014733474", "price": 126.26, "amount": 0.05, "side": "buy", "timestamp": 1766188864501}, {"id": "1014733475", "price": 126.26, "amount": 1.45, "side": "buy", "timestamp": 1766188864769}, {"id": "1014733476", "price": 126.26, "amount": 0.09, "side": "buy", "timestamp": 1766188864979}, {"id": "1014733477", "price": 126.25, "amount": 24.6, "side": "sell", "timestamp": 1766188865569}, {"id": "1014733478", "price": 126.24, "amount": 1.0, "side": "sell", "timestamp": 1766188866081}, {"id": "1014733479", "price": 126.25, "amount": 61.5, "side": "buy", "timestamp": 1766188866542}, {"id": "1014733480", "price": 126.24, "amount": 0.78, "side": "sell", "timestamp": 1766188867148}, {"id": "1014733481", "price": 126.24, "amount": 0.12, "side": "sell", "timestamp": 1766188867474}, {"id": "1014733482", "price": 126.24, "amount": 0.13, "side": "sell", "timestamp": 1766188867602}, {"id": "1014733483", "price": 126.24, "amount": 0.17, "side": "sell", "timestamp": 1766188868187}, {"id": "1014733484", "price": 126.24, "amount": 0.11, "side": "sell", "timestamp": 1766188868689}, {"id": "1014733485", "price": 126.24, "amount": 0.07, "side": "sell", "timestamp": 1766188869060}, {"id": "1014733486", "price": 126.24, "amount": 3.95, "side": "sell", "timestamp": 1766188869323}, {"id": "1014733487", "price": 126.24, "amount": 0.87, "side": "sell", "timestamp": 1766188869611}, {"id": "1014733488", "price": 126.25, "amount": 8.17, "side": "buy", "timestamp": 1766188869737}, {"id": "1014733489", "price": 126.25, "amount": 3.18, "side": "buy", "timestamp": 1766188869912}, {"id": "1014733490", "price": 126.24, "amount": 1.0, "side": "sell", "timestamp": 1766188870049}, {"id": "1014733839", "price": 126.06, "amount": 0.19, "side": "buy", "timestamp": 1766188932028}, {"id": "1014733840", "price": 126.05, "amount": 1.9, "side": "sell", "timestamp": 1766188932030}, {"id": "1014733841", "price": 126.06, "amount": 0.07, "side": "buy", "timestamp": 1766188932287}, {"id": "1014733842", "price": 126.06, "amount": 0.98, "side": "buy", "timestamp": 1766188932405}, {"id": "1014733843", "price": 126.06, "amount": 0.28, "side": "buy", "timestamp": 1766188932518}, {"id": "1014733844", "price": 126.06, "amount": 2.35, "side": "buy", "timestamp": 1766188932950}, {"id": "1014733845", "price": 126.05, "amount": 3.39, "side": "sell", "timestamp": 1766188933042}, {"id": "1014733846", "price": 126.06, "amount": 120.0, "side": "buy", "timestamp": 1766188933042}, {"id": "1014733847", "price": 126.05, "amount": 131.59, "side": "sell", "timestamp": 1766188933043}, {"id": "1014733848", "price": 126.06, "amount": 134.29, "side": "buy", "timestamp": 1766188933045}, {"id": "1014733849", "price": 126.07, "amount": 422.48, "side": "buy", "timestamp": 1766188933053}, {"id": "1014733850", "price": 126.08, "amount": 3.3, "side": "buy", "timestamp": 1766188933068}, {"id": "1014733851", "price": 126.07, "amount": 0.16, "side": "sell", "timestamp": 1766188933074}, {"id": "1014733852", "price": 126.07, "amount": 0.54, "side": "sell", "timestamp": 1766188933202}, {"id": "1014733853", "price": 126.07, "amount": 0.28, "side": "sell", "timestamp": 1766188933303}, {"id": "1014733854", "price": 126.07, "amount": 1.48, "side": "sell", "timestamp": 1766188933682}, {"id": "1014733855", "price": 126.07, "amount": 0.11, "side": "sell", "timestamp": 1766188933816}, {"id": "1014733856", "price": 126.08, "amount": 0.18, "side": "buy", "timestamp": 1766188934254}, {"id": "1014733857", "price": 126.07, "amount": 59.68, "side": "sell", "timestamp": 1766188934388}, {"id": "1014733858", "price": 126.06, "amount": 98.42, "side": "sell", "timestamp": 1766188934388}, {"id": "1014733859", "price": 126.06, "amount": 13.14, "side": "sell", "timestamp": 1766188934745}, {"id": "1014733860", "price": 126.07, "amount": 0.96, "side": "buy", "timestamp": 1766188935089}, {"id": "1014733861", "price": 126.06, "amount": 34.37, "side": "sell", "timestamp": 1766188935108}, {"id": "1014733862", "price": 126.05, "amount": 7.33, "side": "sell", "timestamp": 1766188935395}, {"id": "1014733863", "price": 126.06, "amount": 0.71, "side": "buy", "timestamp": 1766188935414}, {"id": "1014733864", "price": 126.05, "amount": 0.84, "side": "sell", "timestamp": 1766188935554}, {"id": "1014733865", "price": 126.06, "amount": 0.06, "side": "buy", "timestamp": 1766188935720}, {"id": "1014733866", "price": 126.05, "amount": 0.1, "side": "sell", "timestamp": 1766188935868}, {"id": "1014733867", "price": 126.06, "amount": 0.54, "side": "buy", "timestamp": 1766188935978}, {"id": "1014733868", "price": 126.06, "amount": 4.06, "side": "buy", "timestamp": 1766188936268}, {"id": "1014733869", "price": 126.06, "amount": 3.83, "side": "buy", "timestamp": 1766188936539}, {"id": "1014733870", "price": 126.06, "amount": 0.06, "side": "buy", "timestamp": 1766188936890}, {"id": "1014733871", "price": 126.05, "amount": 6.7, "side": "sell", "timestamp": 1766188936890}, {"id": "1014733872", "price": 126.06, "amount": 0.14, "side": "buy", "timestamp": 1766188936902}, {"id": "1014733873", "price": 126.05, "amount": 0.09, "side": "sell", "timestamp": 1766188937029}, {"id": "1014733874", "price": 126.06, "amount": 5.45, "side": "buy", "timestamp": 1766188937041}, {"id": "1014733875", "price": 126.05, "amount": 1.24, "side": "sell", "timestamp": 1766188937291}, {"id": "1014733876", "price": 126.05, "amount": 1.38, "side": "sell", "timestamp": 1766188937637}, {"id": "1014733877", "price": 126.06, "amount": 0.15, "side": "buy", "timestamp": 1766188938440}, {"id": "1014733878", "price": 126.06, "amount": 3.98, "side": "buy", "timestamp": 1766188938561}, {"id": "1014733879", "price": 126.06, "amount": 0.24, "side": "buy", "timestamp": 1766188938671}, {"id": "1014733880", "price": 126.06, "amount": 0.13, "side": "buy", "timestamp": 1766188938893}, {"id": "1014733881", "price": 126.05, "amount": 1.96, "side": "sell", "timestamp": 1766188938901}, {"id": "1014733882", "price": 126.05, "amount": 169.87, "side": "sell", "timestamp": 1766188939349}, {"id": "1014733883", "price": 126.05, "amount": 0.34, "side": "sell", "timestamp": 1766188939712}, {"id": "1014733884", "price": 126.05, "amount": 0.9, "side": "sell", "timestamp": 1766188939874}, {"id": "1014733885", "price": 126.05, "amount": 3.45, "side": "sell", "timestamp": 1766188940305}, {"id": "1014733886", "price": 126.05, "amount": 0.34, "side": "sell", "timestamp": 1766188940675}, {"id": "1014733887", "price": 126.06, "amount": 141.25, "side": "buy", "timestamp": 1766188941371}, {"id": "1014733888", "price": 126.06, "amount": 1.86, "side": "buy", "timestamp": 1766188941473}, {"id": "1014734198", "price": 126.0, "amount": 62.31, "side": "buy", "timestamp": 1766188983145}, {"id": "1014734199", "price": 126.01, "amount": 45.23, "side": "buy", "timestamp": 1766188983203}, {"id": "1014734200", "price": 126.01, "amount": 507.49, "side": "sell", "timestamp": 1766188983271}, {"id": "1014734201", "price": 126.01, "amount": 0.42, "side": "buy", "timestamp": 1766188983281}, {"id": "1014734202", "price": 126.0, "amount": 59.7, "side": "sell", "timestamp": 1766188983290}, {"id": "1014734203", "price": 126.0, "amount": 0.71, "side": "buy", "timestamp": 1766188983314}, {"id": "1014734204", "price": 125.99, "amount": 14.94, "side": "sell", "timestamp": 1766188983538}, {"id": "1014734205", "price": 125.99, "amount": 1.66, "side": "sell", "timestamp": 1766188983819}, {"id": "1014734206", "price": 125.99, "amount": 5.29, "side": "sell", "timestamp": 1766188984041}, {"id": "1014734207", "price": 126.0, "amount": 2.13, "side": "buy", "timestamp": 1766188984119}, {"id": "1014734208", "price": 125.99, "amount": 8.19, "side": "sell", "timestamp": 1766188984314}, {"id": "1014734209", "price": 126.0, "amount": 0.11, "side": "buy", "timestamp": 1766188984460}, {"id": "1014734210", "price": 126.0, "amount": 37.84, "side": "buy", "timestamp": 1766188984657}, {"id": "1014734211", "price": 126.0, "amount": 9.0, "side": "buy", "timestamp": 1766188984765}, {"id": "1014734212", "price": 125.99, "amount": 0.9, "side": "sell", "timestamp": 1766188985068}, {"id": "1014734213", "price": 126.0, "amount": 50.25, "side": "buy", "timestamp": 1766188985225}, {"id": "1014734214", "price": 125.99, "amount": 1.83, "side": "sell", "timestamp": 1766188985666}, {"id": "1014734215", "price": 125.99, "amount": 3.17, "side": "sell", "timestamp": 1766188986414}, {"id": "1014734216", "price": 125.99, "amount": 1.72, "side": "sell", "timestamp": 1766188986588}, {"id": "1014734217", "price": 126.0, "amount": 5.0, "side": "buy", "timestamp": 1766188986769}, {"id": "1014734218", "price": 126.0, "amount": 434.25, "side": "buy", "timestamp": 1766188987911}, {"id": "1014734219", "price": 126.0, "amount": 20.0, "side": "sell", "timestamp": 1766188988031}, {"id": "1014734220", "price": 126.01, "amount": 13.74, "side": "buy", "timestamp": 1766188988229}, {"id": "1014734221", "price": 126.01, "amount": 20.92, "side": "sell", "timestamp": 1766188988337}, {"id": "1014734222", "price": 126.02, "amount": 0.51, "side": "buy", "timestamp": 1766188988448}, {"id": "1014734223", "price": 126.01, "amount": 7.94, "side": "sell", "timestamp": 1766188988562}, {"id": "1014734224", "price": 126.01, "amount": 3.89, "side": "sell", "timestamp": 1766188988841}, {"id": "1014734225", "price": 126.02, "amount": 1.26, "side": "buy", "timestamp": 1766188988895}, {"id": "1014734226", "price": 126.02, "amount": 3.31, "side": "buy", "timestamp": 1766188989083}, {"id": "1014734227", "price": 126.01, "amount": 1.55, "side": "sell", "timestamp": 1766188989089}, {"id": "1014734228", "price": 126.01, "amount": 1.56, "side": "sell", "timestamp": 1766188989265}, {"id": "1014734229", "price": 126.02, "amount": 0.06, "side": "buy", "timestamp": 1766188989823}, {"id": "1014734230", "price": 126.01, "amount": 0.79, "side": "sell", "timestamp": 1766188989909}, {"id": "1014734231", "price": 126.02, "amount": 0.1, "side": "buy", "timestamp": 1766188989919}, {"id": "1014734232", "price": 126.01, "amount": 41.95, "side": "sell", "timestamp": 1766188990295}, {"id": "1014734233", "price": 126.01, "amount": 12.76, "side": "sell", "timestamp": 1766188990605}, {"id": "1014734234", "price": 126.02, "amount": 1.0, "side": "buy", "timestamp": 1766188990676}, {"id": "1014734235", "price": 126.02, "amount": 0.97, "side": "buy", "timestamp": 1766188990847}, {"id": "1014734236", "price": 126.01, "amount": 2.17, "side": "sell", "timestamp": 1766188991387}, {"id": "1014734237", "price": 126.02, "amount": 0.05, "side": "buy", "timestamp": 1766188991391}, {"id": "1014734238", "price": 126.01, "amount": 1.0, "side": "sell", "timestamp": 1766188991555}, {"id": "1014734239", "price": 126.02, "amount": 15.96, "side": "buy", "timestamp": 1766188991913}, {"id": "1014734240", "price": 126.02, "amount": 0.24, "side": "buy", "timestamp": 1766188992223}, {"id": "1014734241", "price": 126.02, "amount": 4.86, "side": "buy", "timestamp": 1766188992608}, {"id": "1014734242", "price": 126.01, "amount": 1.97, "side": "sell", "timestamp": 1766188992749}, {"id": "1014734243", "price": 126.01, "amount": 0.5, "side": "sell", "timestamp": 1766188993427}, {"id": "1014734244", "price": 126.02, "amount": 0.01, "side": "buy", "timestamp": 1766188993478}, {"id": "1014734245", "price": 126.02, "amount": 79.35, "side": "buy", "timestamp": 1766188994483}, {"id": "1014734246", "price": 126.02, "amount": 6.64, "side": "buy", "timestamp": 1766188994725}, {"id": "1014734247", "price": 126.02, "amount": 4.74, "side": "buy", "timestamp": 1766188994962}, {"id": "1014734355", "price": 126.02, "amount": 0.13, "side": "buy", "timestamp": 1766189034775}, {"id": "1014734356", "price": 126.02, "amount": 0.85, "side": "buy", "timestamp": 1766189035457}, {"id": "1014734357", "price": 126.01, "amount": 1.55, "side": "sell", "timestamp": 1766189035566}, {"id": "1014734358", "price": 126.02, "amount": 0.2, "side": "buy", "timestamp": 1766189035837}, {"id": "1014734359", "price": 126.01, "amount": 0.07, "side": "sell", "timestamp": 1766189036342}, {"id": "1014734360", "price": 126.02, "amount": 1.87, "side": "buy", "timestamp": 1766189036419}, {"id": "1014734361", "price": 126.02, "amount": 0.12, "side": "buy", "timestamp": 1766189036584}, {"id": "1014734362", "price": 126.01, "amount": 9.63, "side": "sell", "timestamp": 1766189037025}, {"id": "1014734363", "price": 126.01, "amount": 16.47, "side": "sell", "timestamp": 1766189037594}, {"id": "1014734364", "price": 126.01, "amount": 0.07, "side": "sell", "timestamp": 1766189037744}, {"id": "1014734365", "price": 126.01, "amount": 1.8, "side": "sell", "timestamp": 1766189038087}, {"id": "1014734366", "price": 126.01, "amount": 0.5, "side": "sell", "timestamp": 1766189038209}, {"id": "1014734367", "price": 126.01, "amount": 2.3, "side": "sell", "timestamp": 1766189038313}, {"id": "1014734368", "price": 126.01, "amount": 8.42, "side": "sell", "timestamp": 1766189038451}, {"id": "1014734369", "price": 126.01, "amount": 417.86, "side": "sell", "timestamp": 1766189038937}, {"id": "1014734370", "price": 126.0, "amount": 378.35, "side": "sell", "timestamp": 1766189038987}, {"id": "1014734371", "price": 126.0, "amount": 23.95, "side": "buy", "timestamp": 1766189039209}, {"id": "1014734372", "price": 125.99, "amount": 1.2, "side": "sell", "timestamp": 1766189039719}, {"id": "1014734373", "price": 126.0, "amount": 0.1, "side": "buy", "timestamp": 1766189040226}, {"id": "1014734374", "price": 126.0, "amount": 217.19, "side": "buy", "timestamp": 1766189040353}, {"id": "1014734375", "price": 125.99, "amount": 0.72, "side": "sell", "timestamp": 1766189040742}, {"id": "1014734376", "price": 125.99, "amount": 0.37, "side": "sell", "timestamp": 1766189040929}, {"id": "1014734377", "price": 125.99, "amount": 0.83, "side": "sell", "timestamp": 1766189041035}, {"id": "1014734378", "price": 126.0, "amount": 11.67, "side": "buy", "timestamp": 1766189041093}, {"id": "1014734379", "price": 125.99, "amount": 87.65, "side": "sell", "timestamp": 1766189041176}, {"id": "1014734380", "price": 126.0, "amount": 0.2, "side": "buy", "timestamp": 1766189041320}, {"id": "1014734381", "price": 126.0, "amount": 0.21, "side": "buy", "timestamp": 1766189041703}, {"id": "1014734382", "price": 126.0, "amount": 0.1, "side": "buy", "timestamp": 1766189041855}, {"id": "1014734383", "price": 126.0, "amount": 2.38, "side": "buy", "timestamp": 1766189041964}, {"id": "1014734384", "price": 126.0, "amount": 3.57, "side": "buy", "timestamp": 1766189042171}, {"id": "1014734385", "price": 126.0, "amount": 286.14, "side": "buy", "timestamp": 1766189042375}, {"id": "1014734386", "price": 126.01, "amount": 15.02, "side": "buy", "timestamp": 1766189042387}, {"id": "1014734387", "price": 126.01, "amount": 4.71, "side": "buy", "timestamp": 1766189042507}, {"id": "1014734388", "price": 126.01, "amount": 0.65, "side": "buy", "timestamp": 1766189042614}, {"id": "1014734389", "price": 126.01, "amount": 0.43, "side": "buy", "timestamp": 1766189042740}, {"id": "1014734390", "price": 126.01, "amount": 0.86, "side": "buy", "timestamp": 1766189042877}, {"id": "1014734391", "price": 126.01, "amount": 102.86, "side": "buy", "timestamp": 1766189043118}, {"id": "1014734392", "price": 126.02, "amount": 39.89, "side": "buy", "timestamp": 1766189043118}, {"id": "1014734393", "price": 126.01, "amount": 18.08, "side": "sell", "timestamp": 1766189043750}, {"id": "1014734394", "price": 126.02, "amount": 1.58, "side": "buy", "timestamp": 1766189044887}, {"id": "1014734395", "price": 126.01, "amount": 200.0, "side": "sell", "timestamp": 1766189045505}, {"id": "1014734396", "price": 126.01, "amount": 8.47, "side": "sell", "timestamp": 1766189045825}, {"id": "1014734397", "price": 126.02, "amount": 0.36, "side": "buy", "timestamp": 1766189045929}, {"id": "1014734398", "price": 126.01, "amount": 174.77, "side": "sell", "timestamp": 1766189046510}, {"id": "1014734399", "price": 126.01, "amount": 0.39, "side": "sell", "timestamp": 1766189047351}, {"id": "1014734400", "price": 126.02, "amount": 2.44, "side": "buy", "timestamp": 1766189047595}, {"id": "1014734401", "price": 126.01, "amount": 0.2, "side": "sell", "timestamp": 1766189047851}, {"id": "1014734402", "price": 126.02, "amount": 7.71, "side": "buy", "timestamp": 1766189048040}, {"id": "1014734403", "price": 126.01, "amount": 177.35, "side": "sell", "timestamp": 1766189048310}, {"id": "1014734404", "price": 126.0, "amount": 0.09, "side": "sell", "timestamp": 1766189048747}, {"id": "1014734543", "price": 125.99, "amount": 79.16, "side": "sell", "timestamp": 1766189099806}, {"id": "1014734544", "price": 125.98, "amount": 0.31, "side": "sell", "timestamp": 1766189100036}, {"id": "1014734545", "price": 125.99, "amount": 7.92, "side": "buy", "timestamp": 1766189100059}, {"id": "1014734546", "price": 125.98, "amount": 0.28, "side": "sell", "timestamp": 1766189100268}, {"id": "1014734547", "price": 125.99, "amount": 0.83, "side": "buy", "timestamp": 1766189100535}, {"id": "1014734548", "price": 125.98, "amount": 5.38, "side": "sell", "timestamp": 1766189100729}, {"id": "1014734549", "price": 125.99, "amount": 1.48, "side": "buy", "timestamp": 1766189100786}, {"id": "1014734550", "price": 125.98, "amount": 0.35, "side": "sell", "timestamp": 1766189100931}, {"id": "1014734551", "price": 125.99, "amount": 4.97, "side": "buy", "timestamp": 1766189100970}, {"id": "1014734552", "price": 125.98, "amount": 18.0, "side": "sell", "timestamp": 1766189101060}, {"id": "1014734553", "price": 125.99, "amount": 0.29, "side": "buy", "timestamp": 1766189101064}, {"id": "1014734554", "price": 125.98, "amount": 2.76, "side": "sell", "timestamp": 1766189101724}, {"id": "1014734555", "price": 125.99, "amount": 333.19, "side": "buy", "timestamp": 1766189101761}, {"id": "1014734556", "price": 126.0, "amount": 106.04, "side": "buy", "timestamp": 1766189101768}, {"id": "1014734557", "price": 126.0, "amount": 1.85, "side": "sell", "timestamp": 1766189102073}, {"id": "1014734558", "price": 126.0, "amount": 4.74, "side": "sell", "timestamp": 1766189102339}, {"id": "1014734559", "price": 126.0, "amount": 1.02, "side": "sell", "timestamp": 1766189102462}, {"id": "1014734560", "price": 126.01, "amount": 0.57, "side": "buy", "timestamp": 1766189102610}, {"id": "1014734561", "price": 126.0, "amount": 78.18, "side": "sell", "timestamp": 1766189102642}, {"id": "1014734562", "price": 125.99, "amount": 0.07, "side": "sell", "timestamp": 1766189102766}, {"id": "1014734563", "price": 126.0, "amount": 15.93, "side": "buy", "timestamp": 1766189103026}, {"id": "1014734564", "price": 125.99, "amount": 1.98, "side": "sell", "timestamp": 1766189103157}, {"id": "1014734565", "price": 126.0, "amount": 0.79, "side": "buy", "timestamp": 1766189103402}, {"id": "1014734566", "price": 125.99, "amount": 0.11, "side": "sell", "timestamp": 1766189103419}, {"id": "1014734567", "price": 126.0, "amount": 2.0, "side": "buy", "timestamp": 1766189103433}, {"id": "1014734568", "price": 126.0, "amount": 0.14, "side": "buy", "timestamp": 1766189105193}, {"id": "1014734569", "price": 126.0, "amount": 354.53, "side": "buy", "timestamp": 1766189106870}, {"id": "1014734570", "price": 126.0, "amount": 1.14, "side": "sell", "timestamp": 1766189107004}, {"id": "1014734571", "price": 126.01, "amount": 3.07, "side": "buy", "timestamp": 1766189107065}, {"id": "1014734572", "price": 126.0, "amount": 8.8, "side": "sell", "timestamp": 1766189107299}, {"id": "1014734573", "price": 126.0, "amount": 0.13, "side": "sell", "timestamp": 1766189107671}, {"id": "1014734574", "price": 126.0, "amount": 30.0, "side": "sell", "timestamp": 1766189108186}, {"id": "1014734575", "price": 126.0, "amount": 0.97, "side": "sell", "timestamp": 1766189108455}, {"id": "1014734576", "price": 126.01, "amount": 103.13, "side": "buy", "timestamp": 1766189108975}, {"id": "1014734577", "price": 126.0, "amount": 1.12, "side": "sell", "timestamp": 1766189109214}, {"id": "1014734578", "price": 126.01, "amount": 221.78, "side": "buy", "timestamp": 1766189109218}, {"id": "1014734579", "price": 126.0, "amount": 0.86, "side": "sell", "timestamp": 1766189109442}, {"id": "1014734580", "price": 126.01, "amount": 0.04, "side": "buy", "timestamp": 1766189109581}, {"id": "1014734581", "price": 126.01, "amount": 0.13, "side": "buy", "timestamp": 1766189109717}, {"id": "1014734582", "price": 126.01, "amount": 4.96, "side": "buy", "timestamp": 1766189109834}, {"id": "1014734583", "price": 126.01, "amount": 6.42, "side": "buy", "timestamp": 1766189109981}, {"id": "1014734584", "price": 126.01, "amount": 0.13, "side": "buy", "timestamp": 1766189110087}, {"id": "1014734585", "price": 126.01, "amount": 0.09, "side": "buy", "timestamp": 1766189110479}, {"id": "1014734586", "price": 126.01, "amount": 44.93, "side": "buy", "timestamp": 1766189110641}, {"id": "1014734587", "price": 126.0, "amount": 1.17, "side": "sell", "timestamp": 1766189110726}, {"id": "1014734588", "price": 126.0, "amount": 0.05, "side": "sell", "timestamp": 1766189111757}, {"id": "1014734589", "price": 126.0, "amount": 12.99, "side": "sell", "timestamp": 1766189112060}, {"id": "1014734590", "price": 126.0, "amount": 0.09, "side": "sell", "timestamp": 1766189112275}, {"id": "1014734591", "price": 126.01, "amount": 2.56, "side": "buy", "timestamp": 1766189112728}, {"id": "1014734592", "price": 126.0, "amount": 1.0, "side": "sell", "timestamp": 1766189113068}, {"id": "1014734684", "price": 126.01, "amount": 10.0, "side": "sell", "timestamp": 1766189148642}, {"id": "1014734685", "price": 126.01, "amount": 93.27, "side": "sell", "timestamp": 1766189149379}, {"id": "1014734686", "price": 126.0, "amount": 31.16, "side": "sell", "timestamp": 1766189149487}, {"id": "1014734687", "price": 126.0, "amount": 3.98, "side": "buy", "timestamp": 1766189149591}, {"id": "1014734688", "price": 125.99, "amount": 0.58, "side": "sell", "timestamp": 1766189149640}, {"id": "1014734689", "price": 125.99, "amount": 1.9, "side": "sell", "timestamp": 1766189149763}, {"id": "1014734690", "price": 125.99, "amount": 0.66, "side": "sell", "timestamp": 1766189150051}, {"id": "1014734691", "price": 126.0, "amount": 2.0, "side": "buy", "timestamp": 1766189151361}, {"id": "1014734692", "price": 125.99, "amount": 0.13, "side": "sell", "timestamp": 1766189151639}, {"id": "1014734693", "price": 125.99, "amount": 3.95, "side": "sell", "timestamp": 1766189153178}, {"id": "1014734694", "price": 126.0, "amount": 0.13, "side": "buy", "timestamp": 1766189153213}, {"id": "1014734695", "price": 125.99, "amount": 1.0, "side": "sell", "timestamp": 1766189154298}, {"id": "1014734696", "price": 126.0, "amount": 6.07, "side": "buy", "timestamp": 1766189155012}, {"id": "1014734697", "price": 125.99, "amount": 25.0, "side": "sell", "timestamp": 1766189155240}, {"id": "1014734698", "price": 126.0, "amount": 31.74, "side": "buy", "timestamp": 1766189155591}, {"id": "1014734699", "price": 126.0, "amount": 0.17, "side": "buy", "timestamp": 1766189156274}, {"id": "1014734700", "price": 126.0, "amount": 1.44, "side": "buy", "timestamp": 1766189156433}, {"id": "1014734701", "price": 126.0, "amount": 0.5, "side": "buy", "timestamp": 1766189157024}, {"id": "1014734702", "price": 126.0, "amount": 0.04, "side": "buy", "timestamp": 1766189157458}, {"id": "1014734703", "price": 125.99, "amount": 2.19, "side": "sell", "timestamp": 1766189157649}, {"id": "1014734704", "price": 126.0, "amount": 0.15, "side": "buy", "timestamp": 1766189157718}, {"id": "1014734705", "price": 126.0, "amount": 0.01, "side": "buy", "timestamp": 1766189159114}, {"id": "1014734706", "price": 126.0, "amount": 9.55, "side": "buy", "timestamp": 1766189159284}, {"id": "1014734707", "price": 126.0, "amount": 0.1, "side": "buy", "timestamp": 1766189159664}, {"id": "1014734708", "price": 125.99, "amount": 64.42, "side": "sell", "timestamp": 1766189160033}, {"id": "1014734709", "price": 125.98, "amount": 0.3, "side": "sell", "timestamp": 1766189160393}, {"id": "1014734710", "price": 125.99, "amount": 0.12, "side": "buy", "timestamp": 1766189161039}, {"id": "1014734711", "price": 125.98, "amount": 2.26, "side": "sell", "timestamp": 1766189161125}, {"id": "1014734712", "price": 125.99, "amount": 0.62, "side": "buy", "timestamp": 1766189161429}, {"id": "1014734713", "price": 125.99, "amount": 0.32, "side": "buy", "timestamp": 1766189161556}, {"id": "1014734714", "price": 125.99, "amount": 2.09, "side": "buy", "timestamp": 1766189161893}, {"id": "1014734715", "price": 125.98, "amount": 2.84, "side": "sell", "timestamp": 1766189162101}, {"id": "1014734716", "price": 125.99, "amount": 0.05, "side": "buy", "timestamp": 1766189162132}, {"id": "1014734717", "price": 125.98, "amount": 0.04, "side": "sell", "timestamp": 1766189162145}, {"id": "1014734718", "price": 125.99, "amount": 0.59, "side": "buy", "timestamp": 1766189162148}, {"id": "1014734719", "price": 125.98, "amount": 7.58, "side": "sell", "timestamp": 1766189162205}, {"id": "1014734720", "price": 125.98, "amount": 0.32, "side": "sell", "timestamp": 1766189162475}, {"id": "1014734721", "price": 125.99, "amount": 0.25, "side": "buy", "timestamp": 1766189162569}, {"id": "1014734722", "price": 125.98, "amount": 0.3, "side": "sell", "timestamp": 1766189162906}, {"id": "1014734723", "price": 125.98, "amount": 0.78, "side": "sell", "timestamp": 1766189163397}, {"id": "1014734724", "price": 125.98, "amount": 13.42, "side": "sell", "timestamp": 1766189163798}, {"id": "1014734725", "price": 125.98, "amount": 4.24, "side": "sell", "timestamp": 1766189163974}, {"id": "1014734726", "price": 125.98, "amount": 0.18, "side": "sell", "timestamp": 1766189164083}, {"id": "1014734727", "price": 125.98, "amount": 2.36, "side": "sell", "timestamp": 1766189164648}, {"id": "1014734728", "price": 125.98, "amount": 10.03, "side": "sell", "timestamp": 1766189165148}, {"id": "1014734729", "price": 125.99, "amount": 1.5, "side": "buy", "timestamp": 1766189165329}, {"id": "1014734730", "price": 125.99, "amount": 0.07, "side": "buy", "timestamp": 1766189166439}, {"id": "1014734731", "price": 125.98, "amount": 0.79, "side": "sell", "timestamp": 1766189166585}, {"id": "1014734732", "price": 125.99, "amount": 1.2, "side": "buy", "timestamp": 1766189166601}, {"id": "1014734733", "price": 125.98, "amount": 1.58, "side": "sell", "timestamp": 1766189166741}, {"id": "1014734891", "price": 125.93, "amount": 0.17, "side": "buy", "timestamp": 1766189208219}, {"id": "1014734892", "price": 125.92, "amount": 0.84, "side": "sell", "timestamp": 1766189208383}, {"id": "1014734893", "price": 125.92, "amount": 47.54, "side": "sell", "timestamp": 1766189208541}, {"id": "1014734894", "price": 125.92, "amount": 67.02, "side": "sell", "timestamp": 1766189209228}, {"id": "1014734895", "price": 125.91, "amount": 36.29, "side": "sell", "timestamp": 1766189209263}, {"id": "1014734896", "price": 125.91, "amount": 16.21, "side": "buy", "timestamp": 1766189209424}, {"id": "1014734897", "price": 125.9, "amount": 67.52, "side": "sell", "timestamp": 1766189209567}, {"id": "1014734898", "price": 125.91, "amount": 0.52, "side": "buy", "timestamp": 1766189209596}, {"id": "1014734899", "price": 125.9, "amount": 1.0, "side": "sell", "timestamp": 1766189209855}, {"id": "1014734900", "price": 125.91, "amount": 0.8, "side": "buy", "timestamp": 1766189209962}, {"id": "1014734901", "price": 125.91, "amount": 2.25, "side": "buy", "timestamp": 1766189210589}, {"id": "1014734902", "price": 125.9, "amount": 0.09, "side": "sell", "timestamp": 1766189210616}, {"id": "1014734903", "price": 125.91, "amount": 0.17, "side": "buy", "timestamp": 1766189210635}, {"id": "1014734904", "price": 125.9, "amount": 24.06, "side": "sell", "timestamp": 1766189210714}, {"id": "1014734905", "price": 125.91, "amount": 0.2, "side": "buy", "timestamp": 1766189210883}, {"id": "1014734906", "price": 125.9, "amount": 300.71, "side": "sell", "timestamp": 1766189212621}, {"id": "1014734907", "price": 125.91, "amount": 47.06, "side": "buy", "timestamp": 1766189212786}, {"id": "1014734908", "price": 125.9, "amount": 0.17, "side": "sell", "timestamp": 1766189212832}, {"id": "1014734909", "price": 125.9, "amount": 388.22, "side": "sell", "timestamp": 1766189213039}, {"id": "1014734910", "price": 125.91, "amount": 221.69, "side": "buy", "timestamp": 1766189213044}, {"id": "1014734911", "price": 125.91, "amount": 0.01, "side": "buy", "timestamp": 1766189213225}, {"id": "1014734912", "price": 125.91, "amount": 1.31, "side": "buy", "timestamp": 1766189213522}, {"id": "1014734913", "price": 125.9, "amount": 0.91, "side": "sell", "timestamp": 1766189213593}, {"id": "1014734914", "price": 125.91, "amount": 4.65, "side": "buy", "timestamp": 1766189213594}, {"id": "1014734915", "price": 125.9, "amount": 0.04, "side": "sell", "timestamp": 1766189213596}, {"id": "1014734916", "price": 125.91, "amount": 0.05, "side": "buy", "timestamp": 1766189213882}, {"id": "1014734917", "price": 125.91, "amount": 3.98, "side": "buy", "timestamp": 1766189214221}, {"id": "1014734918", "price": 125.9, "amount": 65.61, "side": "sell", "timestamp": 1766189214259}, {"id": "1014734919", "price": 125.91, "amount": 0.01, "side": "buy", "timestamp": 1766189214306}, {"id": "1014734920", "price": 125.9, "amount": 0.14, "side": "sell", "timestamp": 1766189214714}, {"id": "1014734921", "price": 125.9, "amount": 51.81, "side": "sell", "timestamp": 1766189214916}, {"id": "1014734922", "price": 125.91, "amount": 3.26, "side": "buy", "timestamp": 1766189215003}, {"id": "1014734923", "price": 125.9, "amount": 0.24, "side": "sell", "timestamp": 1766189215392}, {"id": "1014734924", "price": 125.9, "amount": 0.13, "side": "sell", "timestamp": 1766189215524}, {"id": "1014734925", "price": 125.91, "amount": 2.86, "side": "buy", "timestamp": 1766189215753}, {"id": "1014734926", "price": 125.9, "amount": 1.29, "side": "sell", "timestamp": 1766189215773}, {"id": "1014734927", "price": 125.91, "amount": 0.77, "side": "buy", "timestamp": 1766189215960}, {"id": "1014734928", "price": 125.9, "amount": 7.57, "side": "sell", "timestamp": 1766189216173}, {"id": "1014734929", "price": 125.9, "amount": 8.23, "side": "sell", "timestamp": 1766189216298}, {"id": "1014734930", "price": 125.91, "amount": 0.17, "side": "buy", "timestamp": 1766189216542}, {"id": "1014734931", "price": 125.9, "amount": 100.0, "side": "sell", "timestamp": 1766189217222}, {"id": "1014734932", "price": 125.9, "amount": 0.1, "side": "sell", "timestamp": 1766189217399}, {"id": "1014734933", "price": 125.9, "amount": 20.0, "side": "sell", "timestamp": 1766189217891}, {"id": "1014734934", "price": 125.9, "amount": 11.86, "side": "sell", "timestamp": 1766189218081}, {"id": "1014734935", "price": 125.91, "amount": 0.19, "side": "buy", "timestamp": 1766189218703}, {"id": "1014734936", "price": 125.9, "amount": 2.19, "side": "sell", "timestamp": 1766189218820}, {"id": "1014734937", "price": 125.9, "amount": 168.69, "side": "sell", "timestamp": 1766189219022}, {"id": "1014734938", "price": 125.9, "amount": 10.0, "side": "sell", "timestamp": 1766189219431}, {"id": "1014734939", "price": 125.9, "amount": 2.1, "side": "sell", "timestamp": 1766189219561}, {"id": "1014734940", "price": 125.91, "amount": 0.01, "side": "buy", "timestamp": 1766189219726}, {"id": "1014735124", "price": 125.84, "amount": 791.53, "side": "sell", "timestamp": 1766189260817}, {"id": "1014735125", "price": 125.85, "amount": 222.04, "side": "buy", "timestamp": 1766189260853}, {"id": "1014735126", "price": 125.84, "amount": 3.94, "side": "sell", "timestamp": 1766189261537}, {"id": "1014735127", "price": 125.85, "amount": 5.13, "side": "buy", "timestamp": 1766189261853}, {"id": "1014735128", "price": 125.84, "amount": 120.84, "side": "sell", "timestamp": 1766189261991}, {"id": "1014735129", "price": 125.85, "amount": 1.0, "side": "buy", "timestamp": 1766189262198}, {"id": "1014735130", "price": 125.84, "amount": 0.7, "side": "sell", "timestamp": 1766189262242}, {"id": "1014735131", "price": 125.85, "amount": 1.47, "side": "buy", "timestamp": 1766189262296}, {"id": "1014735132", "price": 125.84, "amount": 0.25, "side": "sell", "timestamp": 1766189262497}, {"id": "1014735133", "price": 125.85, "amount": 3.06, "side": "buy", "timestamp": 1766189262568}, {"id": "1014735134", "price": 125.85, "amount": 0.19, "side": "buy", "timestamp": 1766189263015}, {"id": "1014735135", "price": 125.85, "amount": 3.98, "side": "buy", "timestamp": 1766189263116}, {"id": "1014735136", "price": 125.84, "amount": 98.0, "side": "sell", "timestamp": 1766189263178}, {"id": "1014735137", "price": 125.84, "amount": 4.01, "side": "sell", "timestamp": 1766189263330}, {"id": "1014735138", "price": 125.85, "amount": 0.27, "side": "buy", "timestamp": 1766189263520}, {"id": "1014735139", "price": 125.85, "amount": 183.43, "side": "buy", "timestamp": 1766189263690}, {"id": "1014735140", "price": 125.85, "amount": 0.16, "side": "sell", "timestamp": 1766189263699}, {"id": "1014735141", "price": 125.86, "amount": 26.56, "side": "buy", "timestamp": 1766189263703}, {"id": "1014735142", "price": 125.86, "amount": 0.65, "side": "sell", "timestamp": 1766189263717}, {"id": "1014735143", "price": 125.86, "amount": 0.8, "side": "sell", "timestamp": 1766189263828}, {"id": "1014735144", "price": 125.87, "amount": 1.58, "side": "buy", "timestamp": 1766189263895}, {"id": "1014735145", "price": 125.86, "amount": 4.56, "side": "sell", "timestamp": 1766189264005}, {"id": "1014735146", "price": 125.86, "amount": 0.11, "side": "sell", "timestamp": 1766189264145}, {"id": "1014735147", "price": 125.87, "amount": 0.2, "side": "buy", "timestamp": 1766189264205}, {"id": "1014735148", "price": 125.86, "amount": 0.43, "side": "sell", "timestamp": 1766189264506}, {"id": "1014735149", "price": 125.86, "amount": 102.68, "side": "sell", "timestamp": 1766189264652}, {"id": "1014735150", "price": 125.86, "amount": 2.69, "side": "sell", "timestamp": 1766189264754}, {"id": "1014735151", "price": 125.87, "amount": 0.3, "side": "buy", "timestamp": 1766189264965}, {"id": "1014735152", "price": 125.87, "amount": 230.71, "side": "buy", "timestamp": 1766189265614}, {"id": "1014735153", "price": 125.87, "amount": 0.01, "side": "buy", "timestamp": 1766189265944}, {"id": "1014735154", "price": 125.86, "amount": 50.0, "side": "sell", "timestamp": 1766189266029}, {"id": "1014735155", "price": 125.87, "amount": 0.66, "side": "buy", "timestamp": 1766189266107}, {"id": "1014735156", "price": 125.87, "amount": 2.78, "side": "buy", "timestamp": 1766189266337}, {"id": "1014735157", "price": 125.86, "amount": 1.1, "side": "sell", "timestamp": 1766189266411}, {"id": "1014735158", "price": 125.87, "amount": 1.0, "side": "buy", "timestamp": 1766189266909}, {"id": "1014735159", "price": 125.86, "amount": 1.2, "side": "sell", "timestamp": 1766189267080}, {"id": "1014735160", "price": 125.86, "amount": 8.02, "side": "sell", "timestamp": 1766189267285}, {"id": "1014735161", "price": 125.86, "amount": 4.5, "side": "sell", "timestamp": 1766189267409}, {"id": "1014735162", "price": 125.87, "amount": 0.1, "side": "buy", "timestamp": 1766189267661}, {"id": "1014735163", "price": 125.87, "amount": 0.02, "side": "buy", "timestamp": 1766189268166}, {"id": "1014735164", "price": 125.87, "amount": 0.2, "side": "buy", "timestamp": 1766189268639}, {"id": "1014735165", "price": 125.86, "amount": 4.62, "side": "sell", "timestamp": 1766189269815}, {"id": "1014735166", "price": 125.87, "amount": 0.76, "side": "buy", "timestamp": 1766189269826}, {"id": "1014735167", "price": 125.86, "amount": 300.0, "side": "sell", "timestamp": 1766189269832}, {"id": "1014735168", "price": 125.87, "amount": 13.0, "side": "buy", "timestamp": 1766189270156}, {"id": "1014735169", "price": 125.86, "amount": 0.31, "side": "sell", "timestamp": 1766189270753}, {"id": "1014735170", "price": 125.86, "amount": 49.65, "side": "sell", "timestamp": 1766189271152}, {"id": "1014735171", "price": 125.86, "amount": 3.16, "side": "sell", "timestamp": 1766189271310}, {"id": "1014735172", "price": 125.87, "amount": 0.17, "side": "buy", "timestamp": 1766189271421}, {"id": "1014735173", "price": 125.86, "amount": 8.56, "side": "sell", "timestamp": 1766189271985}, {"id": "1014735367", "price": 125.88, "amount": 2.01, "side": "buy", "timestamp": 1766189315687}, {"id": "1014735368", "price": 125.88, "amount": 165.31, "side": "buy", "timestamp": 1766189316245}, {"id": "1014735369", "price": 125.88, "amount": 9.37, "side": "sell", "timestamp": 1766189316573}, {"id": "1014735370", "price": 125.88, "amount": 376.77, "side": "sell", "timestamp": 1766189316815}, {"id": "1014735371", "price": 125.89, "amount": 64.71, "side": "buy", "timestamp": 1766189316916}, {"id": "1014735372", "price": 125.89, "amount": 0.16, "side": "sell", "timestamp": 1766189316935}, {"id": "1014735373", "price": 125.9, "amount": 217.79, "side": "buy", "timestamp": 1766189317007}, {"id": "1014735374", "price": 125.89, "amount": 9.33, "side": "sell", "timestamp": 1766189317514}, {"id": "1014735375", "price": 125.9, "amount": 0.79, "side": "buy", "timestamp": 1766189317698}, {"id": "1014735376", "price": 125.89, "amount": 0.22, "side": "sell", "timestamp": 1766189318010}, {"id": "1014735377", "price": 125.89, "amount": 9.28, "side": "sell", "timestamp": 1766189318583}, {"id": "1014735378", "price": 125.9, "amount": 222.86, "side": "buy", "timestamp": 1766189318585}, {"id": "1014735379", "price": 125.91, "amount": 328.06, "side": "buy", "timestamp": 1766189318585}, {"id": "1014735380", "price": 125.92, "amount": 15.65, "side": "buy", "timestamp": 1766189318586}, {"id": "1014735381", "price": 125.91, "amount": 0.16, "side": "sell", "timestamp": 1766189318587}, {"id": "1014735382", "price": 125.92, "amount": 115.97, "side": "buy", "timestamp": 1766189318587}, {"id": "1014735383", "price": 125.91, "amount": 124.6, "side": "sell", "timestamp": 1766189318592}, {"id": "1014735384", "price": 125.92, "amount": 13.9, "side": "buy", "timestamp": 1766189318596}, {"id": "1014735385", "price": 125.91, "amount": 43.46, "side": "sell", "timestamp": 1766189318597}, {"id": "1014735386", "price": 125.92, "amount": 3.33, "side": "buy", "timestamp": 1766189318598}, {"id": "1014735387", "price": 125.91, "amount": 40.9, "side": "sell", "timestamp": 1766189318598}, {"id": "1014735388", "price": 125.92, "amount": 4.01, "side": "buy", "timestamp": 1766189318655}, {"id": "1014735389", "price": 125.91, "amount": 86.38, "side": "sell", "timestamp": 1766189318690}, {"id": "1014735390", "price": 125.92, "amount": 1.46, "side": "buy", "timestamp": 1766189318735}, {"id": "1014735391", "price": 125.91, "amount": 88.37, "side": "sell", "timestamp": 1766189318738}, {"id": "1014735392", "price": 125.9, "amount": 26.99, "side": "sell", "timestamp": 1766189318778}, {"id": "1014735393", "price": 125.9, "amount": 3.31, "side": "buy", "timestamp": 1766189318871}, {"id": "1014735394", "price": 125.9, "amount": 3.43, "side": "buy", "timestamp": 1766189319013}, {"id": "1014735395", "price": 125.9, "amount": 2.0, "side": "buy", "timestamp": 1766189319375}, {"id": "1014735396", "price": 125.89, "amount": 9.24, "side": "sell", "timestamp": 1766189319661}, {"id": "1014735397", "price": 125.9, "amount": 0.02, "side": "buy", "timestamp": 1766189319664}, {"id": "1014735398", "price": 125.89, "amount": 45.41, "side": "sell", "timestamp": 1766189319665}, {"id": "1014735399", "price": 125.9, "amount": 3.69, "side": "buy", "timestamp": 1766189319711}, {"id": "1014735400", "price": 125.89, "amount": 0.85, "side": "sell", "timestamp": 1766189319828}, {"id": "1014735401", "price": 125.9, "amount": 5.74, "side": "buy", "timestamp": 1766189319980}, {"id": "1014735402", "price": 125.9, "amount": 1.63, "side": "buy", "timestamp": 1766189320091}, {"id": "1014735403", "price": 125.9, "amount": 0.05, "side": "buy", "timestamp": 1766189320901}, {"id": "1014735404", "price": 125.9, "amount": 24.17, "side": "buy", "timestamp": 1766189321261}, {"id": "1014735405", "price": 125.89, "amount": 51.75, "side": "sell", "timestamp": 1766189321525}, {"id": "1014735406", "price": 125.9, "amount": 0.01, "side": "buy", "timestamp": 1766189321708}, {"id": "1014735407", "price": 125.9, "amount": 32.64, "side": "buy", "timestamp": 1766189322013}, {"id": "1014735408", "price": 125.89, "amount": 0.62, "side": "sell", "timestamp": 1766189322080}, {"id": "1014735409", "price": 125.9, "amount": 0.11, "side": "buy", "timestamp": 1766189322530}, {"id": "1014735410", "price": 125.9, "amount": 5.27, "side": "buy", "timestamp": 1766189323091}, {"id": "1014735411", "price": 125.9, "amount": 3.95, "side": "buy", "timestamp": 1766189324046}, {"id": "1014735412", "price": 125.9, "amount": 2.11, "side": "buy", "timestamp": 1766189324564}, {"id": "1014735413", "price": 125.9, "amount": 0.11, "side": "buy", "timestamp": 1766189324716}, {"id": "1014735414", "price": 125.89, "amount": 91.57, "side": "sell", "timestamp": 1766189324723}, {"id": "1014735415", "price": 125.9, "amount": 0.01, "side": "buy", "timestamp": 1766189324829}, {"id": "1014735416", "price": 125.9, "amount": 3.07, "side": "buy", "timestamp": 1766189325584}, {"id": "1014735509", "price": 125.85, "amount": 11.06, "side": "buy", "timestamp": 1766189359948}, {"id": "1014735510", "price": 125.84, "amount": 33.23, "side": "sell", "timestamp": 1766189360044}, {"id": "1014735511", "price": 125.84, "amount": 49.88, "side": "sell", "timestamp": 1766189360150}, {"id": "1014735512", "price": 125.84, "amount": 13.0, "side": "sell", "timestamp": 1766189360483}, {"id": "1014735513", "price": 125.85, "amount": 0.01, "side": "buy", "timestamp": 1766189360886}, {"id": "1014735514", "price": 125.85, "amount": 2.2, "side": "buy", "timestamp": 1766189361586}, {"id": "1014735515", "price": 125.84, "amount": 0.38, "side": "sell", "timestamp": 1766189361648}, {"id": "1014735516", "price": 125.84, "amount": 29.83, "side": "sell", "timestamp": 1766189362058}, {"id": "1014735517", "price": 125.84, "amount": 2.76, "side": "sell", "timestamp": 1766189362180}, {"id": "1014735518", "price": 125.84, "amount": 0.04, "side": "sell", "timestamp": 1766189362708}, {"id": "1014735519", "price": 125.85, "amount": 0.79, "side": "buy", "timestamp": 1766189362816}, {"id": "1014735520", "price": 125.84, "amount": 2.05, "side": "sell", "timestamp": 1766189363728}, {"id": "1014735521", "price": 125.85, "amount": 0.54, "side": "buy", "timestamp": 1766189364096}, {"id": "1014735522", "price": 125.84, "amount": 2.85, "side": "sell", "timestamp": 1766189364600}, {"id": "1014735523", "price": 125.85, "amount": 1.01, "side": "buy", "timestamp": 1766189364985}, {"id": "1014735524", "price": 125.84, "amount": 0.07, "side": "sell", "timestamp": 1766189365533}, {"id": "1014735525", "price": 125.85, "amount": 0.05, "side": "buy", "timestamp": 1766189366666}, {"id": "1014735526", "price": 125.85, "amount": 6.78, "side": "buy", "timestamp": 1766189366984}, {"id": "1014735527", "price": 125.84, "amount": 29.83, "side": "sell", "timestamp": 1766189367233}, {"id": "1014735528", "price": 125.85, "amount": 0.05, "side": "buy", "timestamp": 1766189368337}, {"id": "1014735529", "price": 125.84, "amount": 1.44, "side": "sell", "timestamp": 1766189368461}, {"id": "1014735530", "price": 125.85, "amount": 0.04, "side": "buy", "timestamp": 1766189369321}, {"id": "1014735531", "price": 125.85, "amount": 0.1, "side": "buy", "timestamp": 1766189370051}, {"id": "1014735532", "price": 125.84, "amount": 18.03, "side": "sell", "timestamp": 1766189370228}, {"id": "1014735533", "price": 125.84, "amount": 0.06, "side": "sell", "timestamp": 1766189370407}, {"id": "1014735534", "price": 125.85, "amount": 0.07, "side": "buy", "timestamp": 1766189370866}, {"id": "1014735535", "price": 125.84, "amount": 28.04, "side": "sell", "timestamp": 1766189371778}, {"id": "1014735536", "price": 125.84, "amount": 0.63, "side": "sell", "timestamp": 1766189372194}, {"id": "1014735537", "price": 125.85, "amount": 19.65, "side": "buy", "timestamp": 1766189372280}, {"id": "1014735538", "price": 125.84, "amount": 2.5, "side": "sell", "timestamp": 1766189372294}, {"id": "1014735539", "price": 125.84, "amount": 29.83, "side": "sell", "timestamp": 1766189372405}, {"id": "1014735540", "price": 125.84, "amount": 39.73, "side": "sell", "timestamp": 1766189372738}, {"id": "1014735541", "price": 125.84, "amount": 128.34, "side": "sell", "timestamp": 1766189373181}, {"id": "1014735542", "price": 125.83, "amount": 32.64, "side": "sell", "timestamp": 1766189373222}, {"id": "1014735543", "price": 125.83, "amount": 3.57, "side": "buy", "timestamp": 1766189373559}, {"id": "1014735544", "price": 125.82, "amount": 119.19, "side": "sell", "timestamp": 1766189373796}, {"id": "1014735545", "price": 125.83, "amount": 1.01, "side": "buy", "timestamp": 1766189373956}, {"id": "1014735546", "price": 125.83, "amount": 0.04, "side": "buy", "timestamp": 1766189375547}, {"id": "1014735547", "price": 125.83, "amount": 0.1, "side": "buy", "timestamp": 1766189375666}, {"id": "1014735548", "price": 125.83, "amount": 23.98, "side": "buy", "timestamp": 1766189376174}, {"id": "1014735549", "price": 125.82, "amount": 3.96, "side": "sell", "timestamp": 1766189376206}, {"id": "1014735550", "price": 125.82, "amount": 0.01, "side": "sell", "timestamp": 1766189376332}, {"id": "1014735551", "price": 125.82, "amount": 0.11, "side": "sell", "timestamp": 1766189377032}, {"id": "1014735552", "price": 125.82, "amount": 0.4, "side": "sell", "timestamp": 1766189377252}, {"id": "1014735553", "price": 125.83, "amount": 1.92, "side": "buy", "timestamp": 1766189377499}, {"id": "1014735554", "price": 125.82, "amount": 29.83, "side": "sell", "timestamp": 1766189377576}, {"id": "1014735555", "price": 125.82, "amount": 9.18, "side": "sell", "timestamp": 1766189377731}, {"id": "1014735556", "price": 125.83, "amount": 0.06, "side": "buy", "timestamp": 1766189378118}, {"id": "1014735557", "price": 125.82, "amount": 15.89, "side": "sell", "timestamp": 1766189379005}, {"id": "1014735558", "price": 125.82, "amount": 0.77, "side": "sell", "timestamp": 1766189379262}, {"id": "1014735734", "price": 125.82, "amount": 19.22, "side": "sell", "timestamp": 1766189417358}, {"id": "1014735735", "price": 125.83, "amount": 0.05, "side": "buy", "timestamp": 1766189417608}, {"id": "1014735736", "price": 125.82, "amount": 3.02, "side": "sell", "timestamp": 1766189418022}, {"id": "1014735737", "price": 125.83, "amount": 15.89, "side": "buy", "timestamp": 1766189418471}, {"id": "1014735738", "price": 125.82, "amount": 0.93, "side": "sell", "timestamp": 1766189418479}, {"id": "1014735739", "price": 125.82, "amount": 4.17, "side": "sell", "timestamp": 1766189418587}, {"id": "1014735740", "price": 125.83, "amount": 0.24, "side": "buy", "timestamp": 1766189419177}, {"id": "1014735741", "price": 125.82, "amount": 3.24, "side": "sell", "timestamp": 1766189419193}, {"id": "1014735742", "price": 125.82, "amount": 6.81, "side": "sell", "timestamp": 1766189419448}, {"id": "1014735743", "price": 125.83, "amount": 0.16, "side": "buy", "timestamp": 1766189419818}, {"id": "1014735744", "price": 125.82, "amount": 1.0, "side": "sell", "timestamp": 1766189420003}, {"id": "1014735745", "price": 125.82, "amount": 20.33, "side": "sell", "timestamp": 1766189420365}, {"id": "1014735746", "price": 125.82, "amount": 1.12, "side": "sell", "timestamp": 1766189420950}, {"id": "1014735747", "price": 125.83, "amount": 0.02, "side": "buy", "timestamp": 1766189421289}, {"id": "1014735748", "price": 125.83, "amount": 1.69, "side": "buy", "timestamp": 1766189421447}, {"id": "1014735749", "price": 125.83, "amount": 2.21, "side": "buy", "timestamp": 1766189421599}, {"id": "1014735750", "price": 125.82, "amount": 1.27, "side": "sell", "timestamp": 1766189421765}, {"id": "1014735751", "price": 125.83, "amount": 0.05, "side": "buy", "timestamp": 1766189422677}, {"id": "1014735752", "price": 125.82, "amount": 0.16, "side": "sell", "timestamp": 1766189422826}, {"id": "1014735753", "price": 125.83, "amount": 4.13, "side": "buy", "timestamp": 1766189423199}, {"id": "1014735754", "price": 125.82, "amount": 3.94, "side": "sell", "timestamp": 1766189423367}, {"id": "1014735755", "price": 125.83, "amount": 0.05, "side": "buy", "timestamp": 1766189423439}, {"id": "1014735756", "price": 125.82, "amount": 1.0, "side": "sell", "timestamp": 1766189423728}, {"id": "1014735757", "price": 125.82, "amount": 11.49, "side": "sell", "timestamp": 1766189424403}, {"id": "1014735758", "price": 125.83, "amount": 5.39, "side": "buy", "timestamp": 1766189424841}, {"id": "1014735759", "price": 125.83, "amount": 5.84, "side": "buy", "timestamp": 1766189424983}, {"id": "1014735760", "price": 125.82, "amount": 0.18, "side": "sell", "timestamp": 1766189425194}, {"id": "1014735761", "price": 125.83, "amount": 185.62, "side": "buy", "timestamp": 1766189425393}, {"id": "1014735762", "price": 125.84, "amount": 0.31, "side": "buy", "timestamp": 1766189425727}, {"id": "1014735763", "price": 125.83, "amount": 26.73, "side": "sell", "timestamp": 1766189426085}, {"id": "1014735764", "price": 125.82, "amount": 0.07, "side": "sell", "timestamp": 1766189426638}, {"id": "1014735765", "price": 125.82, "amount": 0.07, "side": "sell", "timestamp": 1766189426821}, {"id": "1014735766", "price": 125.82, "amount": 0.07, "side": "sell", "timestamp": 1766189427417}, {"id": "1014735767", "price": 125.82, "amount": 0.05, "side": "sell", "timestamp": 1766189428671}, {"id": "1014735768", "price": 125.82, "amount": 17.77, "side": "sell", "timestamp": 1766189428893}, {"id": "1014735769", "price": 125.83, "amount": 25.63, "side": "buy", "timestamp": 1766189428904}, {"id": "1014735770", "price": 125.82, "amount": 0.5, "side": "sell", "timestamp": 1766189429140}, {"id": "1014735771", "price": 125.83, "amount": 0.04, "side": "buy", "timestamp": 1766189429820}, {"id": "1014735772", "price": 125.83, "amount": 6.14, "side": "buy", "timestamp": 1766189429956}, {"id": "1014735773", "price": 125.83, "amount": 4.83, "side": "buy", "timestamp": 1766189430097}, {"id": "1014735774", "price": 125.83, "amount": 32.9, "side": "buy", "timestamp": 1766189430392}, {"id": "1014735775", "price": 125.83, "amount": 7.97, "side": "buy", "timestamp": 1766189430640}, {"id": "1014735776", "price": 125.82, "amount": 1.61, "side": "sell", "timestamp": 1766189430668}, {"id": "1014735777", "price": 125.83, "amount": 4.88, "side": "buy", "timestamp": 1766189430714}, {"id": "1014735778", "price": 125.82, "amount": 1.44, "side": "sell", "timestamp": 1766189430800}, {"id": "1014735779", "price": 125.83, "amount": 0.01, "side": "buy", "timestamp": 1766189431082}, {"id": "1014735780", "price": 125.82, "amount": 0.09, "side": "sell", "timestamp": 1766189431745}, {"id": "1014735781", "price": 125.83, "amount": 8.74, "side": "buy", "timestamp": 1766189431890}, {"id": "1014735782", "price": 125.82, "amount": 5.34, "side": "sell", "timestamp": 1766189431988}, {"id": "1014735783", "price": 125.82, "amount": 0.35, "side": "sell", "timestamp": 1766189432596}, {"id": "1014735901", "price": 125.79, "amount": 33.02, "side": "sell", "timestamp": 1766189468571}, {"id": "1014735902", "price": 125.78, "amount": 36.14, "side": "sell", "timestamp": 1766189468603}, {"id": "1014735903", "price": 125.78, "amount": 0.79, "side": "buy", "timestamp": 1766189468809}, {"id": "1014735904", "price": 125.77, "amount": 0.08, "side": "sell", "timestamp": 1766189469002}, {"id": "1014735905", "price": 125.77, "amount": 7.15, "side": "sell", "timestamp": 1766189469154}, {"id": "1014735906", "price": 125.78, "amount": 0.15, "side": "buy", "timestamp": 1766189469253}, {"id": "1014735907", "price": 125.78, "amount": 2.21, "side": "buy", "timestamp": 1766189469608}, {"id": "1014735908", "price": 125.77, "amount": 4.67, "side": "sell", "timestamp": 1766189469693}, {"id": "1014735909", "price": 125.78, "amount": 39.75, "side": "buy", "timestamp": 1766189469816}, {"id": "1014735910", "price": 125.78, "amount": 6.06, "side": "buy", "timestamp": 1766189470445}, {"id": "1014735911", "price": 125.78, "amount": 0.04, "side": "buy", "timestamp": 1766189470609}, {"id": "1014735912", "price": 125.77, "amount": 4.86, "side": "sell", "timestamp": 1766189471146}, {"id": "1014735913", "price": 125.78, "amount": 6.54, "side": "buy", "timestamp": 1766189471337}, {"id": "1014735914", "price": 125.78, "amount": 6.97, "side": "buy", "timestamp": 1766189471584}, {"id": "1014735915", "price": 125.77, "amount": 0.21, "side": "sell", "timestamp": 1766189472021}, {"id": "1014735916", "price": 125.77, "amount": 0.83, "side": "sell", "timestamp": 1766189472676}, {"id": "1014735917", "price": 125.77, "amount": 16.16, "side": "sell", "timestamp": 1766189472969}, {"id": "1014735918", "price": 125.78, "amount": 0.82, "side": "buy", "timestamp": 1766189474535}, {"id": "1014735919", "price": 125.77, "amount": 10.0, "side": "sell", "timestamp": 1766189475016}, {"id": "1014735920", "price": 125.77, "amount": 2.0, "side": "sell", "timestamp": 1766189475484}, {"id": "1014735921", "price": 125.77, "amount": 2.77, "side": "sell", "timestamp": 1766189475842}, {"id": "1014735922", "price": 125.78, "amount": 11.27, "side": "buy", "timestamp": 1766189476325}, {"id": "1014735923", "price": 125.77, "amount": 136.21, "side": "sell", "timestamp": 1766189476420}, {"id": "1014735924", "price": 125.76, "amount": 267.0, "side": "sell", "timestamp": 1766189476430}, {"id": "1014735925", "price": 125.77, "amount": 0.44, "side": "buy", "timestamp": 1766189476598}, {"id": "1014735926", "price": 125.76, "amount": 0.49, "side": "sell", "timestamp": 1766189476965}, {"id": "1014735927", "price": 125.77, "amount": 669.22, "side": "buy", "timestamp": 1766189477205}, {"id": "1014735928", "price": 125.77, "amount": 1.66, "side": "sell", "timestamp": 1766189477240}, {"id": "1014735929", "price": 125.78, "amount": 5.0, "side": "buy", "timestamp": 1766189477614}, {"id": "1014735930", "price": 125.77, "amount": 5.0, "side": "sell", "timestamp": 1766189478251}, {"id": "1014735931", "price": 125.78, "amount": 3.15, "side": "buy", "timestamp": 1766189478465}, {"id": "1014735932", "price": 125.77, "amount": 11.07, "side": "sell", "timestamp": 1766189478767}, {"id": "1014735933", "price": 125.78, "amount": 92.91, "side": "buy", "timestamp": 1766189478896}, {"id": "1014735934", "price": 125.77, "amount": 5.08, "side": "sell", "timestamp": 1766189479356}, {"id": "1014735935", "price": 125.77, "amount": 0.28, "side": "sell", "timestamp": 1766189479899}, {"id": "1014735936", "price": 125.77, "amount": 15.0, "side": "sell", "timestamp": 1766189480700}, {"id": "1014735937", "price": 125.77, "amount": 0.1, "side": "sell", "timestamp": 1766189481209}, {"id": "1014735938", "price": 125.78, "amount": 2.21, "side": "buy", "timestamp": 1766189481615}, {"id": "1014735939", "price": 125.77, "amount": 0.09, "side": "sell", "timestamp": 1766189482073}, {"id": "1014735940", "price": 125.78, "amount": 310.39, "side": "buy", "timestamp": 1766189482384}, {"id": "1014735941", "price": 125.79, "amount": 49.12, "side": "buy", "timestamp": 1766189482403}, {"id": "1014735942", "price": 125.8, "amount": 2.0, "side": "buy", "timestamp": 1766189482568}, {"id": "1014735943", "price": 125.8, "amount": 0.05, "side": "buy", "timestamp": 1766189482761}, {"id": "1014735944", "price": 125.79, "amount": 0.68, "side": "sell", "timestamp": 1766189482933}, {"id": "1014735945", "price": 125.8, "amount": 0.09, "side": "buy", "timestamp": 1766189483662}, {"id": "1014735946", "price": 125.79, "amount": 8.56, "side": "sell", "timestamp": 1766189483962}, {"id": "1014735947", "price": 125.8, "amount": 0.05, "side": "buy", "timestamp": 1766189484891}, {"id": "1014735948", "price": 125.79, "amount": 0.17, "side": "sell", "timestamp": 1766189485055}, {"id": "1014735949", "price": 125.79, "amount": 0.24, "side": "sell", "timestamp": 1766189485372}, {"id": "1014735950", "price": 125.8, "amount": 221.65, "side": "buy", "timestamp": 1766189485376}, {"id": "1014736098", "price": 125.88, "amount": 37.67, "side": "sell", "timestamp": 1766189528582}, {"id": "1014736099", "price": 125.88, "amount": 0.79, "side": "buy", "timestamp": 1766189528605}, {"id": "1014736100", "price": 125.88, "amount": 28.65, "side": "buy", "timestamp": 1766189528751}, {"id": "1014736101", "price": 125.87, "amount": 8.19, "side": "sell", "timestamp": 1766189528770}, {"id": "1014736102", "price": 125.87, "amount": 15.98, "side": "sell", "timestamp": 1766189528894}, {"id": "1014736103", "price": 125.88, "amount": 1.59, "side": "buy", "timestamp": 1766189528958}, {"id": "1014736104", "price": 125.87, "amount": 4.04, "side": "sell", "timestamp": 1766189528968}, {"id": "1014736105", "price": 125.88, "amount": 4.45, "side": "buy", "timestamp": 1766189529741}, {"id": "1014736106", "price": 125.88, "amount": 2.67, "side": "buy", "timestamp": 1766189529845}, {"id": "1014736107", "price": 125.88, "amount": 0.19, "side": "buy", "timestamp": 1766189530064}, {"id": "1014736108", "price": 125.87, "amount": 5.0, "side": "sell", "timestamp": 1766189530776}, {"id": "1014736109", "price": 125.88, "amount": 4.74, "side": "buy", "timestamp": 1766189530973}, {"id": "1014736110", "price": 125.88, "amount": 10.68, "side": "buy", "timestamp": 1766189531110}, {"id": "1014736111", "price": 125.88, "amount": 11.34, "side": "buy", "timestamp": 1766189531225}, {"id": "1014736112", "price": 125.87, "amount": 0.05, "side": "sell", "timestamp": 1766189531338}, {"id": "1014736113", "price": 125.87, "amount": 0.63, "side": "sell", "timestamp": 1766189531479}, {"id": "1014736114", "price": 125.88, "amount": 9.66, "side": "buy", "timestamp": 1766189532002}, {"id": "1014736115", "price": 125.87, "amount": 2.39, "side": "sell", "timestamp": 1766189532075}, {"id": "1014736116", "price": 125.88, "amount": 4.75, "side": "buy", "timestamp": 1766189532097}, {"id": "1014736117", "price": 125.88, "amount": 8.75, "side": "buy", "timestamp": 1766189532277}, {"id": "1014736118", "price": 125.87, "amount": 0.24, "side": "sell", "timestamp": 1766189532560}, {"id": "1014736119", "price": 125.87, "amount": 5.56, "side": "sell", "timestamp": 1766189532722}, {"id": "1014736120", "price": 125.88, "amount": 0.05, "side": "buy", "timestamp": 1766189532888}, {"id": "1014736121", "price": 125.88, "amount": 0.05, "side": "buy", "timestamp": 1766189533283}, {"id": "1014736122", "price": 125.88, "amount": 1.79, "side": "buy", "timestamp": 1766189533740}, {"id": "1014736123", "price": 125.87, "amount": 0.05, "side": "sell", "timestamp": 1766189533803}, {"id": "1014736124", "price": 125.88, "amount": 97.87, "side": "buy", "timestamp": 1766189533895}, {"id": "1014736125", "price": 125.88, "amount": 15.86, "side": "buy", "timestamp": 1766189534208}, {"id": "1014736126", "price": 125.87, "amount": 0.15, "side": "sell", "timestamp": 1766189534276}, {"id": "1014736127", "price": 125.87, "amount": 0.05, "side": "sell", "timestamp": 1766189534833}, {"id": "1014736128", "price": 125.88, "amount": 4.66, "side": "buy", "timestamp": 1766189534866}, {"id": "1014736129", "price": 125.88, "amount": 154.83, "side": "buy", "timestamp": 1766189534976}, {"id": "1014736130", "price": 125.88, "amount": 1.44, "side": "buy", "timestamp": 1766189535077}, {"id": "1014736131", "price": 125.87, "amount": 0.08, "side": "sell", "timestamp": 1766189535311}, {"id": "1014736132", "price": 125.88, "amount": 1.04, "side": "buy", "timestamp": 1766189535346}, {"id": "1014736133", "price": 125.88, "amount": 21.02, "side": "buy", "timestamp": 1766189535668}, {"id": "1014736134", "price": 125.87, "amount": 3.22, "side": "sell", "timestamp": 1766189535940}, {"id": "1014736135", "price": 125.88, "amount": 0.05, "side": "buy", "timestamp": 1766189536096}, {"id": "1014736136", "price": 125.88, "amount": 0.06, "side": "buy", "timestamp": 1766189536290}, {"id": "1014736137", "price": 125.88, "amount": 15.98, "side": "buy", "timestamp": 1766189536913}, {"id": "1014736138", "price": 125.88, "amount": 19.46, "side": "buy", "timestamp": 1766189537240}, {"id": "1014736139", "price": 125.88, "amount": 81.39, "side": "buy", "timestamp": 1766189537493}, {"id": "1014736140", "price": 125.87, "amount": 5.92, "side": "sell", "timestamp": 1766189537885}, {"id": "1014736141", "price": 125.88, "amount": 5.0, "side": "buy", "timestamp": 1766189538010}, {"id": "1014736142", "price": 125.88, "amount": 0.19, "side": "buy", "timestamp": 1766189538649}, {"id": "1014736143", "price": 125.87, "amount": 0.05, "side": "sell", "timestamp": 1766189539207}, {"id": "1014736144", "price": 125.88, "amount": 1.56, "side": "buy", "timestamp": 1766189539714}, {"id": "1014736145", "price": 125.88, "amount": 8.73, "side": "buy", "timestamp": 1766189539896}, {"id": "1014736146", "price": 125.88, "amount": 0.95, "side": "buy", "timestamp": 1766189540074}, {"id": "1014736147", "price": 125.88, "amount": 150.28, "side": "buy", "timestamp": 1766189540786}, {"id": "1014736258", "price": 125.89, "amount": 0.2, "side": "sell", "timestamp": 1766189579231}, {"id": "1014736259", "price": 125.9, "amount": 104.21, "side": "buy", "timestamp": 1766189579263}, {"id": "1014736260", "price": 125.9, "amount": 0.04, "side": "sell", "timestamp": 1766189579374}, {"id": "1014736261", "price": 125.91, "amount": 39.58, "side": "buy", "timestamp": 1766189579667}, {"id": "1014736262", "price": 125.91, "amount": 0.45, "side": "buy", "timestamp": 1766189579822}, {"id": "1014736263", "price": 125.9, "amount": 0.16, "side": "sell", "timestamp": 1766189579843}, {"id": "1014736264", "price": 125.91, "amount": 128.17, "side": "buy", "timestamp": 1766189580203}, {"id": "1014736265", "price": 125.91, "amount": 0.04, "side": "sell", "timestamp": 1766189580389}, {"id": "1014736266", "price": 125.92, "amount": 483.04, "side": "buy", "timestamp": 1766189580453}, {"id": "1014736267", "price": 125.92, "amount": 0.04, "side": "sell", "timestamp": 1766189580537}, {"id": "1014736268", "price": 125.93, "amount": 25.51, "side": "buy", "timestamp": 1766189581042}, {"id": "1014736269", "price": 125.92, "amount": 1.4, "side": "sell", "timestamp": 1766189581512}, {"id": "1014736270", "price": 125.93, "amount": 2.04, "side": "buy", "timestamp": 1766189582200}, {"id": "1014736271", "price": 125.93, "amount": 20.65, "side": "buy", "timestamp": 1766189582315}, {"id": "1014736272", "price": 125.92, "amount": 79.33, "side": "sell", "timestamp": 1766189582466}, {"id": "1014736273", "price": 125.93, "amount": 0.45, "side": "buy", "timestamp": 1766189583065}, {"id": "1014736274", "price": 125.93, "amount": 16.48, "side": "buy", "timestamp": 1766189583740}, {"id": "1014736275", "price": 125.93, "amount": 6.66, "side": "buy", "timestamp": 1766189583854}, {"id": "1014736276", "price": 125.93, "amount": 1.0, "side": "buy", "timestamp": 1766189584206}, {"id": "1014736277", "price": 125.92, "amount": 0.64, "side": "sell", "timestamp": 1766189584218}, {"id": "1014736278", "price": 125.93, "amount": 0.16, "side": "buy", "timestamp": 1766189584550}, {"id": "1014736279", "price": 125.92, "amount": 0.04, "side": "sell", "timestamp": 1766189584751}, {"id": "1014736280", "price": 125.93, "amount": 0.05, "side": "buy", "timestamp": 1766189584891}, {"id": "1014736281", "price": 125.92, "amount": 79.34, "side": "sell", "timestamp": 1766189585403}, {"id": "1014736282", "price": 125.93, "amount": 0.49, "side": "buy", "timestamp": 1766189585845}, {"id": "1014736283", "price": 125.93, "amount": 0.11, "side": "buy", "timestamp": 1766189586087}, {"id": "1014736284", "price": 125.93, "amount": 19.9, "side": "buy", "timestamp": 1766189586209}, {"id": "1014736285", "price": 125.93, "amount": 25.0, "side": "buy", "timestamp": 1766189586935}, {"id": "1014736286", "price": 125.93, "amount": 8.7, "side": "buy", "timestamp": 1766189587261}, {"id": "1014736287", "price": 125.92, "amount": 7.94, "side": "sell", "timestamp": 1766189587293}, {"id": "1014736288", "price": 125.93, "amount": 0.35, "side": "buy", "timestamp": 1766189587746}, {"id": "1014736289", "price": 125.93, "amount": 8.71, "side": "buy", "timestamp": 1766189587948}, {"id": "1014736290", "price": 125.92, "amount": 0.05, "side": "sell", "timestamp": 1766189588396}, {"id": "1014736291", "price": 125.93, "amount": 0.28, "side": "buy", "timestamp": 1766189588805}, {"id": "1014736292", "price": 125.93, "amount": 177.56, "side": "buy", "timestamp": 1766189589094}, {"id": "1014736293", "price": 125.93, "amount": 2.82, "side": "buy", "timestamp": 1766189589436}, {"id": "1014736294", "price": 125.93, "amount": 246.82, "side": "buy", "timestamp": 1766189589697}, {"id": "1014736295", "price": 125.93, "amount": 0.9, "side": "buy", "timestamp": 1766189589809}, {"id": "1014736296", "price": 125.93, "amount": 10.03, "side": "buy", "timestamp": 1766189589948}, {"id": "1014736297", "price": 125.93, "amount": 2.2, "side": "buy", "timestamp": 1766189590093}, {"id": "1014736298", "price": 125.93, "amount": 1.55, "side": "buy", "timestamp": 1766189590352}, {"id": "1014736299", "price": 125.92, "amount": 5.0, "side": "sell", "timestamp": 1766189590376}, {"id": "1014736300", "price": 125.93, "amount": 2.09, "side": "buy", "timestamp": 1766189591407}, {"id": "1014736301", "price": 125.92, "amount": 2.84, "side": "sell", "timestamp": 1766189591468}, {"id": "1014736302", "price": 125.92, "amount": 4.07, "side": "sell", "timestamp": 1766189591673}, {"id": "1014736303", "price": 125.93, "amount": 0.11, "side": "buy", "timestamp": 1766189591930}, {"id": "1014736304", "price": 125.93, "amount": 0.33, "side": "buy", "timestamp": 1766189592196}, {"id": "1014736305", "price": 125.93, "amount": 0.05, "side": "buy", "timestamp": 1766189593329}, {"id": "1014736306", "price": 125.93, "amount": 230.32, "side": "buy", "timestamp": 1766189593894}, {"id": "1014736307", "price": 125.92, "amount": 0.07, "side": "sell", "timestamp": 1766189594040}, {"id": "1014736435", "price": 125.96, "amount": 16.0, "side": "buy", "timestamp": 1766189630554}, {"id": "1014736436", "price": 125.96, "amount": 24.01, "side": "buy", "timestamp": 1766189631183}, {"id": "1014736437", "price": 125.96, "amount": 14.51, "side": "buy", "timestamp": 1766189631717}, {"id": "1014736438", "price": 125.95, "amount": 0.04, "side": "sell", "timestamp": 1766189632348}, {"id": "1014736439", "price": 125.96, "amount": 7.14, "side": "buy", "timestamp": 1766189632631}, {"id": "1014736440", "price": 125.96, "amount": 0.35, "side": "buy", "timestamp": 1766189633136}, {"id": "1014736441", "price": 125.96, "amount": 31.27, "side": "buy", "timestamp": 1766189633774}, {"id": "1014736442", "price": 125.97, "amount": 103.57, "side": "buy", "timestamp": 1766189633895}, {"id": "1014736443", "price": 125.96, "amount": 40.0, "side": "sell", "timestamp": 1766189634121}, {"id": "1014736444", "price": 125.97, "amount": 5.0, "side": "buy", "timestamp": 1766189634543}, {"id": "1014736445", "price": 125.97, "amount": 0.19, "side": "buy", "timestamp": 1766189634808}, {"id": "1014736446", "price": 125.97, "amount": 6.81, "side": "buy", "timestamp": 1766189635043}, {"id": "1014736447", "price": 125.97, "amount": 2.09, "side": "buy", "timestamp": 1766189635267}, {"id": "1014736448", "price": 125.97, "amount": 0.22, "side": "buy", "timestamp": 1766189635430}, {"id": "1014736449", "price": 125.97, "amount": 1.15, "side": "buy", "timestamp": 1766189635570}, {"id": "1014736450", "price": 125.97, "amount": 8.61, "side": "buy", "timestamp": 1766189636814}, {"id": "1014736451", "price": 125.97, "amount": 11.22, "side": "buy", "timestamp": 1766189637063}, {"id": "1014736452", "price": 125.97, "amount": 0.43, "side": "buy", "timestamp": 1766189637171}, {"id": "1014736453", "price": 125.97, "amount": 6.57, "side": "buy", "timestamp": 1766189637343}, {"id": "1014736454", "price": 125.96, "amount": 0.08, "side": "sell", "timestamp": 1766189637426}, {"id": "1014736455", "price": 125.97, "amount": 67.98, "side": "buy", "timestamp": 1766189637649}, {"id": "1014736456", "price": 125.97, "amount": 8.0, "side": "buy", "timestamp": 1766189637771}, {"id": "1014736457", "price": 125.96, "amount": 2.83, "side": "sell", "timestamp": 1766189637949}, {"id": "1014736458", "price": 125.97, "amount": 0.15, "side": "buy", "timestamp": 1766189638046}, {"id": "1014736459", "price": 125.97, "amount": 0.4, "side": "buy", "timestamp": 1766189638174}, {"id": "1014736460", "price": 125.97, "amount": 0.07, "side": "buy", "timestamp": 1766189638302}, {"id": "1014736461", "price": 125.97, "amount": 65.42, "side": "buy", "timestamp": 1766189638896}, {"id": "1014736462", "price": 125.96, "amount": 49.8, "side": "sell", "timestamp": 1766189639018}, {"id": "1014736463", "price": 125.97, "amount": 5.69, "side": "buy", "timestamp": 1766189639043}, {"id": "1014736464", "price": 125.97, "amount": 2.21, "side": "buy", "timestamp": 1766189639356}, {"id": "1014736465", "price": 125.96, "amount": 0.13, "side": "sell", "timestamp": 1766189639607}, {"id": "1014736466", "price": 125.97, "amount": 0.39, "side": "buy", "timestamp": 1766189639965}, {"id": "1014736467", "price": 125.97, "amount": 156.77, "side": "buy", "timestamp": 1766189640112}, {"id": "1014736468", "price": 125.97, "amount": 0.04, "side": "sell", "timestamp": 1766189640520}, {"id": "1014736469", "price": 125.98, "amount": 3.62, "side": "buy", "timestamp": 1766189640738}, {"id": "1014736470", "price": 125.97, "amount": 1.03, "side": "sell", "timestamp": 1766189641028}, {"id": "1014736471", "price": 125.97, "amount": 19.53, "side": "sell", "timestamp": 1766189642252}, {"id": "1014736472", "price": 125.98, "amount": 0.2, "side": "buy", "timestamp": 1766189642858}, {"id": "1014736473", "price": 125.98, "amount": 0.14, "side": "buy", "timestamp": 1766189643471}, {"id": "1014736474", "price": 125.98, "amount": 4.0, "side": "buy", "timestamp": 1766189643836}, {"id": "1014736475", "price": 125.97, "amount": 31.46, "side": "sell", "timestamp": 1766189643894}, {"id": "1014736476", "price": 125.98, "amount": 35.47, "side": "buy", "timestamp": 1766189644044}, {"id": "1014736477", "price": 125.97, "amount": 0.04, "side": "sell", "timestamp": 1766189644168}, {"id": "1014736478", "price": 125.98, "amount": 0.84, "side": "buy", "timestamp": 1766189644471}, {"id": "1014736479", "price": 125.98, "amount": 11.05, "side": "buy", "timestamp": 1766189644794}, {"id": "1014736480", "price": 125.98, "amount": 6.35, "side": "buy", "timestamp": 1766189646108}, {"id": "1014736481", "price": 125.97, "amount": 0.07, "side": "sell", "timestamp": 1766189646387}, {"id": "1014736482", "price": 125.98, "amount": 2.91, "side": "buy", "timestamp": 1766189646493}, {"id": "1014736483", "price": 125.98, "amount": 166.53, "side": "buy", "timestamp": 1766189647157}, {"id": "1014736484", "price": 125.98, "amount": 100.0, "side": "buy", "timestamp": 1766189647383}, {"id": "1014736645", "price": 125.9, "amount": 20.22, "side": "buy", "timestamp": 1766189696906}, {"id": "1014736646", "price": 125.89, "amount": 0.09, "side": "sell", "timestamp": 1766189696989}, {"id": "1014736647", "price": 125.9, "amount": 13.57, "side": "buy", "timestamp": 1766189696994}, {"id": "1014736648", "price": 125.9, "amount": 0.1, "side": "buy", "timestamp": 1766189697162}, {"id": "1014736649", "price": 125.9, "amount": 0.07, "side": "buy", "timestamp": 1766189697425}, {"id": "1014736650", "price": 125.9, "amount": 0.19, "side": "buy", "timestamp": 1766189697569}, {"id": "1014736651", "price": 125.89, "amount": 160.0, "side": "sell", "timestamp": 1766189697603}, {"id": "1014736652", "price": 125.9, "amount": 5.12, "side": "buy", "timestamp": 1766189698290}, {"id": "1014736653", "price": 125.9, "amount": 2.21, "side": "buy", "timestamp": 1766189698414}, {"id": "1014736654", "price": 125.9, "amount": 1.0, "side": "buy", "timestamp": 1766189698936}, {"id": "1014736655", "price": 125.9, "amount": 0.08, "side": "buy", "timestamp": 1766189699301}, {"id": "1014736656", "price": 125.89, "amount": 0.19, "side": "sell", "timestamp": 1766189699672}, {"id": "1014736657", "price": 125.89, "amount": 156.31, "side": "sell", "timestamp": 1766189699847}, {"id": "1014736658", "price": 125.89, "amount": 0.17, "side": "buy", "timestamp": 1766189699903}, {"id": "1014736659", "price": 125.88, "amount": 2.44, "side": "sell", "timestamp": 1766189700004}, {"id": "1014736660", "price": 125.88, "amount": 0.78, "side": "buy", "timestamp": 1766189700013}, {"id": "1014736661", "price": 125.87, "amount": 31.32, "side": "sell", "timestamp": 1766189700019}, {"id": "1014736662", "price": 125.86, "amount": 36.04, "side": "sell", "timestamp": 1766189700087}, {"id": "1014736663", "price": 125.86, "amount": 1.95, "side": "buy", "timestamp": 1766189700180}, {"id": "1014736664", "price": 125.86, "amount": 6.54, "side": "buy", "timestamp": 1766189700335}, {"id": "1014736665", "price": 125.86, "amount": 0.43, "side": "buy", "timestamp": 1766189700446}, {"id": "1014736666", "price": 125.86, "amount": 13.47, "side": "buy", "timestamp": 1766189700688}, {"id": "1014736667", "price": 125.85, "amount": 0.3, "side": "sell", "timestamp": 1766189700692}, {"id": "1014736668", "price": 125.86, "amount": 0.34, "side": "buy", "timestamp": 1766189700949}, {"id": "1014736669", "price": 125.86, "amount": 119.69, "side": "buy", "timestamp": 1766189701051}, {"id": "1014736670", "price": 125.87, "amount": 22.0, "side": "buy", "timestamp": 1766189701060}, {"id": "1014736671", "price": 125.87, "amount": 15.94, "side": "sell", "timestamp": 1766189701105}, {"id": "1014736672", "price": 125.88, "amount": 13.27, "side": "buy", "timestamp": 1766189701136}, {"id": "1014736673", "price": 125.89, "amount": 1.59, "side": "buy", "timestamp": 1766189701584}, {"id": "1014736674", "price": 125.88, "amount": 2.76, "side": "sell", "timestamp": 1766189701609}, {"id": "1014736675", "price": 125.89, "amount": 15.04, "side": "buy", "timestamp": 1766189701749}, {"id": "1014736676", "price": 125.9, "amount": 0.05, "side": "buy", "timestamp": 1766189701767}, {"id": "1014736677", "price": 125.89, "amount": 0.07, "side": "sell", "timestamp": 1766189701782}, {"id": "1014736678", "price": 125.9, "amount": 110.8, "side": "buy", "timestamp": 1766189702298}, {"id": "1014736679", "price": 125.89, "amount": 0.01, "side": "sell", "timestamp": 1766189702645}, {"id": "1014736680", "price": 125.89, "amount": 0.05, "side": "sell", "timestamp": 1766189703005}, {"id": "1014736681", "price": 125.9, "amount": 0.1, "side": "buy", "timestamp": 1766189703059}, {"id": "1014736682", "price": 125.89, "amount": 4.13, "side": "sell", "timestamp": 1766189703261}, {"id": "1014736683", "price": 125.9, "amount": 89.13, "side": "buy", "timestamp": 1766189703894}, {"id": "1014736684", "price": 125.9, "amount": 0.08, "side": "buy", "timestamp": 1766189704083}, {"id": "1014736685", "price": 125.9, "amount": 8.52, "side": "buy", "timestamp": 1766189705115}, {"id": "1014736686", "price": 125.9, "amount": 51.65, "side": "buy", "timestamp": 1766189705868}, {"id": "1014736687", "price": 125.89, "amount": 0.04, "side": "sell", "timestamp": 1766189706013}, {"id": "1014736688", "price": 125.9, "amount": 0.12, "side": "buy", "timestamp": 1766189706164}, {"id": "1014736689", "price": 125.9, "amount": 226.1, "side": "buy", "timestamp": 1766189706266}, {"id": "1014736690", "price": 125.91, "amount": 0.1, "side": "buy", "timestamp": 1766189707377}, {"id": "1014736691", "price": 125.9, "amount": 0.14, "side": "sell", "timestamp": 1766189707576}, {"id": "1014736692", "price": 125.91, "amount": 10.0, "side": "buy", "timestamp": 1766189707676}, {"id": "1014736693", "price": 125.91, "amount": 0.59, "side": "buy", "timestamp": 1766189707966}, {"id": "1014736694", "price": 125.9, "amount": 1.69, "side": "sell", "timestamp": 1766189708366}, {"id": "1014736834", "price": 125.98, "amount": 0.25, "side": "buy", "timestamp": 1766189747131}, {"id": "1014736835", "price": 125.98, "amount": 0.5, "side": "buy", "timestamp": 1766189747286}, {"id": "1014736836", "price": 125.97, "amount": 0.12, "side": "sell", "timestamp": 1766189747571}, {"id": "1014736837", "price": 125.98, "amount": 0.05, "side": "buy", "timestamp": 1766189747726}, {"id": "1014736838", "price": 125.97, "amount": 0.08, "side": "sell", "timestamp": 1766189748195}, {"id": "1014736839", "price": 125.98, "amount": 0.05, "side": "buy", "timestamp": 1766189748315}, {"id": "1014736840", "price": 125.98, "amount": 0.04, "side": "buy", "timestamp": 1766189748764}, {"id": "1014736841", "price": 125.98, "amount": 78.65, "side": "buy", "timestamp": 1766189748895}, {"id": "1014736842", "price": 125.97, "amount": 0.06, "side": "sell", "timestamp": 1766189748903}, {"id": "1014736843", "price": 125.98, "amount": 3.61, "side": "buy", "timestamp": 1766189748934}, {"id": "1014736844", "price": 125.98, "amount": 4.06, "side": "buy", "timestamp": 1766189749038}, {"id": "1014736845", "price": 125.97, "amount": 0.08, "side": "sell", "timestamp": 1766189749270}, {"id": "1014736846", "price": 125.98, "amount": 0.15, "side": "buy", "timestamp": 1766189749295}, {"id": "1014736847", "price": 125.97, "amount": 84.69, "side": "sell", "timestamp": 1766189749396}, {"id": "1014736848", "price": 125.98, "amount": 2.04, "side": "buy", "timestamp": 1766189749779}, {"id": "1014736849", "price": 125.97, "amount": 37.58, "side": "sell", "timestamp": 1766189749936}, {"id": "1014736850", "price": 125.96, "amount": 21.77, "side": "sell", "timestamp": 1766189750061}, {"id": "1014736851", "price": 125.96, "amount": 2.17, "side": "buy", "timestamp": 1766189750133}, {"id": "1014736852", "price": 125.95, "amount": 3.15, "side": "sell", "timestamp": 1766189751665}, {"id": "1014736853", "price": 125.96, "amount": 10.0, "side": "buy", "timestamp": 1766189752245}, {"id": "1014736854", "price": 125.96, "amount": 2.65, "side": "buy", "timestamp": 1766189752408}, {"id": "1014736855", "price": 125.96, "amount": 103.34, "side": "buy", "timestamp": 1766189753429}, {"id": "1014736856", "price": 125.96, "amount": 0.62, "side": "buy", "timestamp": 1766189754152}, {"id": "1014736857", "price": 125.96, "amount": 14.55, "side": "buy", "timestamp": 1766189754536}, {"id": "1014736858", "price": 125.95, "amount": 0.04, "side": "sell", "timestamp": 1766189754656}, {"id": "1014736859", "price": 125.96, "amount": 0.09, "side": "buy", "timestamp": 1766189755104}, {"id": "1014736860", "price": 125.95, "amount": 8.67, "side": "sell", "timestamp": 1766189755671}, {"id": "1014736861", "price": 125.96, "amount": 1.0, "side": "buy", "timestamp": 1766189755976}, {"id": "1014736862", "price": 125.96, "amount": 0.1, "side": "buy", "timestamp": 1766189756281}, {"id": "1014736863", "price": 125.96, "amount": 5.91, "side": "buy", "timestamp": 1766189756705}, {"id": "1014736864", "price": 125.95, "amount": 5.0, "side": "sell", "timestamp": 1766189756827}, {"id": "1014736865", "price": 125.96, "amount": 0.5, "side": "buy", "timestamp": 1766189757160}, {"id": "1014736866", "price": 125.96, "amount": 0.35, "side": "buy", "timestamp": 1766189757287}, {"id": "1014736867", "price": 125.95, "amount": 0.23, "side": "sell", "timestamp": 1766189757641}, {"id": "1014736868", "price": 125.96, "amount": 12.76, "side": "buy", "timestamp": 1766189757662}, {"id": "1014736869", "price": 125.95, "amount": 3.96, "side": "sell", "timestamp": 1766189757799}, {"id": "1014736870", "price": 125.96, "amount": 7.97, "side": "buy", "timestamp": 1766189757913}, {"id": "1014736871", "price": 125.96, "amount": 58.0, "side": "buy", "timestamp": 1766189758303}, {"id": "1014736872", "price": 125.96, "amount": 1.18, "side": "buy", "timestamp": 1766189758425}, {"id": "1014736873", "price": 125.96, "amount": 66.92, "side": "buy", "timestamp": 1766189758852}, {"id": "1014736874", "price": 125.95, "amount": 22.0, "side": "sell", "timestamp": 1766189759800}, {"id": "1014736875", "price": 125.96, "amount": 16.43, "side": "buy", "timestamp": 1766189760467}, {"id": "1014736876", "price": 125.95, "amount": 0.79, "side": "sell", "timestamp": 1766189761142}, {"id": "1014736877", "price": 125.96, "amount": 0.1, "side": "buy", "timestamp": 1766189761171}, {"id": "1014736878", "price": 125.95, "amount": 0.08, "side": "sell", "timestamp": 1766189761391}, {"id": "1014736879", "price": 125.95, "amount": 3.05, "side": "sell", "timestamp": 1766189761843}, {"id": "1014736880", "price": 125.96, "amount": 3.96, "side": "buy", "timestamp": 1766189762181}, {"id": "1014736881", "price": 125.95, "amount": 0.05, "side": "sell", "timestamp": 1766189762289}, {"id": "1014736882", "price": 125.96, "amount": 0.33, "side": "buy", "timestamp": 1766189762571}, {"id": "1014736883", "price": 125.95, "amount": 0.05, "side": "sell", "timestamp": 1766189763421}, {"id": "1014737059", "price": 126.07, "amount": 5.66, "side": "buy", "timestamp": 1766189799963}, {"id": "1014737060", "price": 126.07, "amount": 38.66, "side": "buy", "timestamp": 1766189800076}, {"id": "1014737061", "price": 126.07, "amount": 0.26, "side": "buy", "timestamp": 1766189800643}, {"id": "1014737062", "price": 126.06, "amount": 497.89, "side": "sell", "timestamp": 1766189801055}, {"id": "1014737063", "price": 126.06, "amount": 0.16, "side": "buy", "timestamp": 1766189801071}, {"id": "1014737064", "price": 126.06, "amount": 0.78, "side": "buy", "timestamp": 1766189801216}, {"id": "1014737065", "price": 126.06, "amount": 100.0, "side": "buy", "timestamp": 1766189801430}, {"id": "1014737066", "price": 126.06, "amount": 0.6, "side": "buy", "timestamp": 1766189801704}, {"id": "1014737067", "price": 126.06, "amount": 7.92, "side": "buy", "timestamp": 1766189801905}, {"id": "1014737068", "price": 126.06, "amount": 9.17, "side": "buy", "timestamp": 1766189802801}, {"id": "1014737069", "price": 126.05, "amount": 1.3, "side": "sell", "timestamp": 1766189803031}, {"id": "1014737070", "price": 126.06, "amount": 1.0, "side": "buy", "timestamp": 1766189803516}, {"id": "1014737071", "price": 126.06, "amount": 5.95, "side": "buy", "timestamp": 1766189803709}, {"id": "1014737072", "price": 126.06, "amount": 10.0, "side": "buy", "timestamp": 1766189804064}, {"id": "1014737073", "price": 126.06, "amount": 0.19, "side": "buy", "timestamp": 1766189805774}, {"id": "1014737074", "price": 126.06, "amount": 0.89, "side": "buy", "timestamp": 1766189806013}, {"id": "1014737075", "price": 126.06, "amount": 2.21, "side": "buy", "timestamp": 1766189806889}, {"id": "1014737076", "price": 126.06, "amount": 0.48, "side": "buy", "timestamp": 1766189807326}, {"id": "1014737077", "price": 126.05, "amount": 27.48, "side": "sell", "timestamp": 1766189807620}, {"id": "1014737078", "price": 126.05, "amount": 0.11, "side": "sell", "timestamp": 1766189807936}, {"id": "1014737079", "price": 126.05, "amount": 0.05, "side": "sell", "timestamp": 1766189808038}, {"id": "1014737080", "price": 126.06, "amount": 0.05, "side": "buy", "timestamp": 1766189808196}, {"id": "1014737081", "price": 126.06, "amount": 3.32, "side": "buy", "timestamp": 1766189808637}, {"id": "1014737082", "price": 126.05, "amount": 0.1, "side": "sell", "timestamp": 1766189808951}, {"id": "1014737083", "price": 126.05, "amount": 193.28, "side": "sell", "timestamp": 1766189809440}, {"id": "1014737084", "price": 126.04, "amount": 86.89, "side": "sell", "timestamp": 1766189809547}, {"id": "1014737085", "price": 126.04, "amount": 9.86, "side": "buy", "timestamp": 1766189809552}, {"id": "1014737086", "price": 126.04, "amount": 0.05, "side": "buy", "timestamp": 1766189810124}, {"id": "1014737087", "price": 126.04, "amount": 0.97, "side": "buy", "timestamp": 1766189810473}, {"id": "1014737088", "price": 126.04, "amount": 200.0, "side": "buy", "timestamp": 1766189811101}, {"id": "1014737089", "price": 126.04, "amount": 25.03, "side": "buy", "timestamp": 1766189811242}, {"id": "1014737090", "price": 126.04, "amount": 0.31, "side": "buy", "timestamp": 1766189811416}, {"id": "1014737091", "price": 126.03, "amount": 4.34, "side": "sell", "timestamp": 1766189811722}, {"id": "1014737092", "price": 126.03, "amount": 354.35, "side": "sell", "timestamp": 1766189812040}, {"id": "1014737093", "price": 126.02, "amount": 15.89, "side": "sell", "timestamp": 1766189812248}, {"id": "1014737094", "price": 126.03, "amount": 0.34, "side": "buy", "timestamp": 1766189812332}, {"id": "1014737095", "price": 126.02, "amount": 0.14, "side": "sell", "timestamp": 1766189812392}, {"id": "1014737096", "price": 126.03, "amount": 0.45, "side": "buy", "timestamp": 1766189812514}, {"id": "1014737097", "price": 126.02, "amount": 0.05, "side": "sell", "timestamp": 1766189812608}, {"id": "1014737098", "price": 126.02, "amount": 0.06, "side": "sell", "timestamp": 1766189813287}, {"id": "1014737099", "price": 126.03, "amount": 3.98, "side": "buy", "timestamp": 1766189814582}, {"id": "1014737100", "price": 126.03, "amount": 4.07, "side": "buy", "timestamp": 1766189815115}, {"id": "1014737101", "price": 126.03, "amount": 0.19, "side": "buy", "timestamp": 1766189815738}, {"id": "1014737102", "price": 126.02, "amount": 0.16, "side": "sell", "timestamp": 1766189815851}, {"id": "1014737103", "price": 126.03, "amount": 8.85, "side": "buy", "timestamp": 1766189816649}, {"id": "1014737104", "price": 126.02, "amount": 0.79, "side": "sell", "timestamp": 1766189816668}, {"id": "1014737105", "price": 126.03, "amount": 0.13, "side": "buy", "timestamp": 1766189816778}, {"id": "1014737106", "price": 126.02, "amount": 0.1, "side": "sell", "timestamp": 1766189817637}, {"id": "1014737107", "price": 126.02, "amount": 0.03, "side": "sell", "timestamp": 1766189817917}, {"id": "1014737108", "price": 126.02, "amount": 0.03, "side": "sell", "timestamp": 1766189818051}]