[{"symbol": "AVAXUSDT", "bids": [[13.182, 385.0], [13.181, 5261.0], [13.18, 1346.0], [13.179, 1206.0], [13.178, 2900.0], [13.177, 7142.0], [13.176, 1491.0], [13.175, 817.0], [13.174, 1307.0], [13.173, 6087.0], [13.172, 2021.0], [13.171, 2749.0], [13.17, 1428.0], [13.169, 2013.0], [13.168, 898.0], [13.167, 1942.0], [13.166, 2164.0], [13.165, 895.0], [13.164, 901.0], [13.163, 1403.0]], "asks": [[13.183, 586.0], [13.184, 455.0], [13.185, 769.0], [13.186, 1348.0], [13.187, 1328.0], [13.188, 1372.0], [13.189, 1881.0], [13.19, 858.0], [13.191, 1857.0], [13.192, 1225.0], [13.193, 891.0], [13.194, 1213.0], [13.195, 1938.0], [13.196, 3916.0], [13.197, 1289.0], [13.198, 2220.0], [13.199, 1955.0], [13.2, 1020.0], [13.201, 2013.0], [13.202, 1146.0]], "timestamp": "2025-12-14T08:49:46.208716+00:00"}, {"symbol": "AVAXUSDT", "bids": [[13.184, 507.0], [13.183, 2398.0], [13.182, 5953.0], [13.181, 854.0], [13.18, 1641.0], [13.179, 7478.0], [13.178, 2093.0], [13.177, 3156.0], [13.176, 7368.0], [13.175, 860.0], [13.174, 1044.0], [13.173, 1831.0], [13.172, 1642.0], [13.171, 1296.0], [13.17, 4159.0], [13.169, 1150.0], [13.168, 984.0], [13.167, 1935.0], [13.166, 885.0], [13.165, 917.0]], "asks": [[13.185, 634.0], [13.186, 368.0], [13.187, 952.0], [13.188, 616.0], [13.189, 1521.0], [13.19, 2010.0], [13.191, 1594.0], [13.192, 1371.0], [13.193, 847.0], [13.194, 1085.0], [13.195, 1589.0], [13.196, 1791.0], [13.197, 1483.0], [13.198, 3235.0], [13.199, 2542.0], [13.2, 1042.0], [13.201, 1524.0], [13.202, 2487.0], [13.203, 1869.0], [13.204, 1424.0]], "timestamp": "2025-12-14T08:50:39.072867+00:00"}, {"symbol": "AVAXUSDT", "bids": [[13.181, 516.0], [13.18, 549.0], [13.179, 1721.0], [13.178, 6090.0], [13.177, 2086.0], [13.176, 2522.0], [13.175, 5926.0], [13.174, 1174.0], [13.173, 2715.0], [13.172, 1561.0], [13.171, 6840.0], [13.17, 1843.0], [13.169, 1475.0], [13.168, 941.0], [13.167, 2355.0], [13.166, 1387.0], [13.165, 913.0], [13.164, 2982.0], [13.163, 998.0], [13.162, 1481.0]], "asks": [[13.182, 506.0], [13.183, 704.0], [13.184, 1124.0], [13.185, 977.0], [13.186, 1315.0], [13.187, 1644.0], [13.188, 603.0], [13.189, 1239.0], [13.19, 1366.0], [13.191, 1135.0], [13.192, 1705.0], [13.193, 1662.0], [13.194, 2941.0], [13.195, 1586.0], [13.196, 2339.0], [13.197, 1635.0], [13.198, 1114.0], [13.199, 2445.0], [13.2, 1222.0], [13.201, 2023.0]], "timestamp": "2025-12-14T08:51:32.001613+00:00"}, {"symbol": "AVAXUSDT", "bids": [[13.181, 670.0], [13.18, 1632.0], [13.179, 6210.0], [13.178, 1932.0], [13.177, 6309.0], [13.176, 2042.0], [13.175, 6174.0], [13.174, 1591.0], [13.173, 2171.0], [13.172, 1823.0], [13.171, 1588.0], [13.17, 2427.0], [13.169, 1057.0], [13.168, 1083.0], [13.167, 2270.0], [13.166, 1866.0], [13.165, 1084.0], [13.164, 588.0], [13.163, 1235.0], [13.162, 1549.0]], "asks": [[13.182, 494.0], [13.183, 873.0], [13.184, 735.0], [13.185, 1124.0], [13.186, 1833.0], [13.187, 1643.0], [13.188, 1335.0], [13.189, 1013.0], [13.19, 1099.0], [13.191, 1598.0], [13.192, 1753.0], [13.193, 2795.0], [13.194, 937.0], [13.195, 1980.0], [13.196, 2060.0], [13.197, 1983.0], [13.198, 2251.0], [13.199, 1379.0], [13.2, 1104.0], [13.201, 1571.0]], "timestamp": "2025-12-14T08:52:25.138482+00:00"}, {"symbol": "AVAXUSDT", "bids": [[13.184, 311.0], [13.183, 5918.0], [13.182, 745.0], [13.181, 1476.0], [13.18, 1769.0], [13.179, 5780.0], [13.178, 1665.0], [13.177, 2623.0], [13.176, 6780.0], [13.175, 960.0], [13.174, 1343.0], [13.173, 2215.0], [13.172, 1898.0], [13.171, 2407.0], [13.17, 3417.0], [13.169, 1422.0], [13.168, 924.0], [13.167, 1390.0], [13.166, 1224.0], [13.165, 915.0]], "asks": [[13.185, 298.0], [13.186, 906.0], [13.187, 1219.0], [13.188, 1344.0], [13.189, 1753.0], [13.19, 809.0], [13.191, 1225.0], [13.192, 1404.0], [13.193, 959.0], [13.194, 1077.0], [13.195, 1126.0], [13.196, 2365.0], [13.197, 3906.0], [13.198, 1122.0], [13.199, 2262.0], [13.2, 928.0], [13.201, 1802.0], [13.202, 2751.0], [13.203, 3666.0], [13.204, 1101.0]], "timestamp": "2025-12-14T08:53:18.425437+00:00"}, {"symbol": "AVAXUSDT", "bids": [[13.182, 497.0], [13.181, 5827.0], [13.18, 724.0], [13.179, 1396.0], [13.178, 2944.0], [13.177, 6995.0], [13.176, 1731.0], [13.175, 1635.0], [13.174, 6263.0], [13.173, 2295.0], [13.172, 2295.0], [13.171, 2180.0], [13.17, 1809.0], [13.169, 1223.0], [13.168, 2564.0], [13.167, 2429.0], [13.166, 726.0], [13.165, 915.0], [13.164, 2868.0], [13.163, 1000.0]], "asks": [[13.183, 907.0], [13.184, 617.0], [13.185, 765.0], [13.186, 781.0], [13.187, 785.0], [13.188, 579.0], [13.189, 1154.0], [13.19, 1052.0], [13.191, 1251.0], [13.192, 1681.0], [13.193, 1541.0], [13.194, 1319.0], [13.195, 3093.0], [13.196, 2367.0], [13.197, 1489.0], [13.198, 1622.0], [13.199, 1933.0], [13.2, 2053.0], [13.201, 1575.0], [13.202, 1266.0]], "timestamp": "2025-12-14T08:54:12.144973+00:00"}, {"symbol": "AVAXUSDT", "bids": [[13.185, 468.0], [13.184, 5326.0], [13.183, 1379.0], [13.182, 1651.0], [13.181, 1472.0], [13.18, 5856.0], [13.179, 1980.0], [13.178, 2953.0], [13.177, 7024.0], [13.176, 1700.0], [13.175, 916.0], [13.174, 1522.0], [13.173, 1627.0], [13.172, 1584.0], [13.171, 3351.0], [13.17, 1440.0], [13.169, 1241.0], [13.168, 1470.0], [13.167, 1566.0], [13.166, 1048.0]], "asks": [[13.186, 586.0], [13.187, 981.0], [13.188, 843.0], [13.189, 1284.0], [13.19, 1330.0], [13.191, 1075.0], [13.192, 1497.0], [13.193, 1538.0], [13.194, 1049.0], [13.195, 1317.0], [13.196, 2484.0], [13.197, 1788.0], [13.198, 3107.0], [13.199, 1870.0], [13.2, 1368.0], [13.201, 1572.0], [13.202, 1446.0], [13.203, 2540.0], [13.204, 1253.0], [13.205, 3309.0]], "timestamp": "2025-12-14T08:55:05.603797+00:00"}, {"symbol": "AVAXUSDT", "bids": [[13.185, 533.0], [13.184, 958.0], [13.183, 1845.0], [13.182, 6283.0], [13.181, 1329.0], [13.18, 5765.0], [13.179, 2266.0], [13.178, 2953.0], [13.177, 7012.0], [13.176, 1687.0], [13.175, 916.0], [13.174, 1068.0], [13.173, 1468.0], [13.172, 2039.0], [13.171, 3712.0], [13.17, 1638.0], [13.169, 1474.0], [13.168, 924.0], [13.167, 1384.0], [13.166, 1040.0]], "asks": [[13.186, 485.0], [13.187, 501.0], [13.188, 539.0], [13.189, 1262.0], [13.19, 1190.0], [13.191, 1077.0], [13.192, 1467.0], [13.193, 1538.0], [13.194, 1050.0], [13.195, 1320.0], [13.196, 2371.0], [13.197, 1407.0], [13.198, 3592.0], [13.199, 1901.0], [13.2, 1369.0], [13.201, 1624.0], [13.202, 1698.0], [13.203, 2492.0], [13.204, 1253.0], [13.205, 3316.0]], "timestamp": "2025-12-14T08:55:58.469206+00:00"}, {"symbol": "AVAXUSDT", "bids": [[13.18, 108.0], [13.179, 5447.0], [13.178, 878.0], [13.177, 907.0], [13.176, 945.0], [13.175, 1866.0], [13.174, 7200.0], [13.173, 2226.0], [13.172, 2440.0], [13.171, 6250.0], [13.17, 1869.0], [13.169, 978.0], [13.168, 1438.0], [13.167, 1571.0], [13.166, 1870.0], [13.165, 914.0], [13.164, 3938.0], [13.163, 1442.0], [13.162, 2010.0], [13.161, 1245.0]], "asks": [[13.181, 1271.0], [13.182, 1075.0], [13.183, 1245.0], [13.184, 1302.0], [13.185, 1042.0], [13.186, 1846.0], [13.187, 1070.0], [13.188, 1754.0], [13.189, 1437.0], [13.19, 1333.0], [13.191, 967.0], [13.192, 1717.0], [13.193, 2789.0], [13.194, 940.0], [13.195, 1584.0], [13.196, 1881.0], [13.197, 1115.0], [13.198, 2624.0], [13.199, 1434.0], [13.2, 1769.0]], "timestamp": "2025-12-14T08:56:52.252652+00:00"}, {"symbol": "AVAXUSDT", "bids": [[13.177, 5589.0], [13.176, 278.0], [13.175, 500.0], [13.174, 1312.0], [13.173, 5702.0], [13.172, 1505.0], [13.171, 1691.0], [13.17, 6290.0], [13.169, 880.0], [13.168, 1501.0], [13.167, 2832.0], [13.166, 1142.0], [13.165, 1695.0], [13.164, 1024.0], [13.163, 2064.0], [13.162, 1878.0], [13.161, 1875.0], [13.16, 1732.0], [13.159, 2900.0], [13.158, 1401.0]], "asks": [[13.178, 307.0], [13.179, 403.0], [13.18, 1197.0], [13.181, 1367.0], [13.182, 2081.0], [13.183, 2661.0], [13.184, 1910.0], [13.185, 2252.0], [13.186, 2489.0], [13.187, 932.0], [13.188, 1049.0], [13.189, 1455.0], [13.19, 1514.0], [13.191, 3468.0], [13.192, 1318.0], [13.193, 957.0], [13.194, 1691.0], [13.195, 2557.0], [13.196, 1758.0], [13.197, 924.0]], "timestamp": "2025-12-14T08:57:46.033385+00:00"}, {"symbol": "AVAXUSDT", "bids": [[13.173, 101.0], [13.172, 1300.0], [13.171, 5405.0], [13.17, 782.0], [13.169, 834.0], [13.168, 2848.0], [13.167, 6726.0], [13.166, 1287.0], [13.165, 879.0], [13.164, 830.0], [13.163, 6135.0], [13.162, 2400.0], [13.161, 1553.0], [13.16, 2559.0], [13.159, 2499.0], [13.158, 3904.0], [13.157, 1419.0], [13.156, 960.0], [13.155, 1228.0], [13.154, 1132.0]], "asks": [[13.174, 542.0], [13.175, 848.0], [13.176, 1117.0], [13.177, 916.0], [13.178, 1526.0], [13.179, 1131.0], [13.18, 1340.0], [13.181, 1770.0], [13.182, 2116.0], [13.183, 2284.0], [13.184, 1651.0], [13.185, 1684.0], [13.186, 2004.0], [13.187, 4026.0], [13.188, 1058.0], [13.189, 1637.0], [13.19, 1292.0], [13.191, 2127.0], [13.192, 1884.0], [13.193, 940.0]], "timestamp": "2025-12-14T08:58:39.050436+00:00"}, {"symbol": "AVAXUSDT", "bids": [[13.174, 1029.0], [13.173, 7035.0], [13.172, 723.0], [13.171, 902.0], [13.17, 1578.0], [13.169, 6270.0], [13.168, 1814.0], [13.167, 2435.0], [13.166, 6325.0], [13.165, 948.0], [13.164, 821.0], [13.163, 1195.0], [13.162, 2358.0], [13.161, 1843.0], [13.16, 3633.0], [13.159, 2446.0], [13.158, 1164.0], [13.157, 3176.0], [13.156, 830.0], [13.155, 1226.0]], "asks": [[13.175, 211.0], [13.176, 275.0], [13.177, 1059.0], [13.178, 1737.0], [13.179, 1612.0], [13.18, 1283.0], [13.181, 1604.0], [13.182, 2218.0], [13.183, 1852.0], [13.184, 1078.0], [13.185, 1322.0], [13.186, 2407.0], [13.187, 1878.0], [13.188, 3800.0], [13.189, 2046.0], [13.19, 1320.0], [13.191, 2127.0], [13.192, 1897.0], [13.193, 1004.0], [13.194, 1091.0]], "timestamp": "2025-12-14T08:59:31.943701+00:00"}, {"symbol": "AVAXUSDT", "bids": [[13.165, 18.0], [13.164, 5524.0], [13.163, 1346.0], [13.162, 1430.0], [13.161, 986.0], [13.16, 1513.0], [13.159, 6796.0], [13.158, 2120.0], [13.157, 6747.0], [13.156, 1301.0], [13.155, 1456.0], [13.154, 1571.0], [13.153, 1656.0], [13.152, 2667.0], [13.151, 1977.0], [13.15, 1251.0], [13.149, 1567.0], [13.148, 753.0], [13.147, 1134.0], [13.146, 825.0]], "asks": [[13.166, 518.0], [13.167, 1474.0], [13.168, 695.0], [13.169, 688.0], [13.17, 1071.0], [13.171, 2396.0], [13.172, 2208.0], [13.173, 2019.0], [13.174, 1778.0], [13.175, 1227.0], [13.176, 1521.0], [13.177, 1747.0], [13.178, 1779.0], [13.179, 3125.0], [13.18, 2237.0], [13.181, 1091.0], [13.182, 822.0], [13.183, 1954.0], [13.184, 2278.0], [13.185, 1093.0]], "timestamp": "2025-12-14T09:00:24.818492+00:00"}, {"symbol": "AVAXUSDT", "bids": [[13.168, 104.0], [13.167, 5962.0], [13.166, 773.0], [13.165, 2176.0], [13.164, 6613.0], [13.163, 835.0], [13.162, 1340.0], [13.161, 766.0], [13.16, 6391.0], [13.159, 855.0], [13.158, 1205.0], [13.157, 1186.0], [13.156, 1053.0], [13.155, 872.0], [13.154, 2232.0], [13.153, 2384.0], [13.152, 1579.0], [13.151, 1565.0], [13.15, 1521.0], [13.149, 1882.0]], "asks": [[13.169, 317.0], [13.17, 1077.0], [13.171, 1992.0], [13.172, 1529.0], [13.173, 1571.0], [13.174, 1100.0], [13.175, 526.0], [13.176, 1115.0], [13.177, 1683.0], [13.178, 986.0], [13.179, 1192.0], [13.18, 1914.0], [13.181, 3182.0], [13.182, 2013.0], [13.183, 1718.0], [13.184, 1798.0], [13.185, 1409.0], [13.186, 3094.0], [13.187, 1075.0], [13.188, 3306.0]], "timestamp": "2025-12-14T09:01:17.955571+00:00"}, {"symbol": "AVAXUSDT", "bids": [[13.166, 517.0], [13.165, 1514.0], [13.164, 6213.0], [13.163, 1652.0], [13.162, 1988.0], [13.161, 1949.0], [13.16, 6739.0], [13.159, 1859.0], [13.158, 5768.0], [13.157, 1395.0], [13.156, 896.0], [13.155, 1331.0], [13.154, 2131.0], [13.153, 819.0], [13.152, 1588.0], [13.151, 2098.0], [13.15, 1451.0], [13.149, 3155.0], [13.148, 1637.0], [13.147, 1812.0]], "asks": [[13.167, 558.0], [13.168, 1096.0], [13.169, 852.0], [13.17, 1697.0], [13.171, 2271.0], [13.172, 1957.0], [13.173, 1002.0], [13.174, 1278.0], [13.175, 1119.0], [13.176, 1541.0], [13.177, 1711.0], [13.178, 1294.0], [13.179, 2774.0], [13.18, 3356.0], [13.181, 1938.0], [13.182, 1283.0], [13.183, 1356.0], [13.184, 1344.0], [13.185, 1357.0], [13.186, 1537.0]], "timestamp": "2025-12-14T09:02:11.075144+00:00"}, {"symbol": "AVAXUSDT", "bids": [[13.171, 5678.0], [13.17, 377.0], [13.169, 1227.0], [13.168, 2050.0], [13.167, 2384.0], [13.166, 2067.0], [13.165, 2211.0], [13.164, 7164.0], [13.163, 2968.0], [13.162, 1868.0], [13.161, 1189.0], [13.16, 2427.0], [13.159, 795.0], [13.158, 1091.0], [13.157, 1244.0], [13.156, 2068.0], [13.155, 1234.0], [13.154, 912.0], [13.153, 1389.0], [13.152, 3910.0]], "asks": [[13.172, 734.0], [13.173, 1164.0], [13.174, 638.0], [13.175, 717.0], [13.176, 1274.0], [13.177, 1470.0], [13.178, 1350.0], [13.179, 819.0], [13.18, 1363.0], [13.181, 1112.0], [13.182, 1114.0], [13.183, 1307.0], [13.184, 3798.0], [13.185, 2472.0], [13.186, 1809.0], [13.187, 972.0], [13.188, 1360.0], [13.189, 1515.0], [13.19, 1200.0], [13.191, 1421.0]], "timestamp": "2025-12-14T09:03:04.855112+00:00"}, {"symbol": "AVAXUSDT", "bids": [[13.167, 86.0], [13.166, 144.0], [13.165, 539.0], [13.164, 7180.0], [13.163, 1598.0], [13.162, 1922.0], [13.161, 6118.0], [13.16, 1531.0], [13.159, 2275.0], [13.158, 6172.0], [13.157, 1458.0], [13.156, 1368.0], [13.155, 661.0], [13.154, 1227.0], [13.153, 820.0], [13.152, 1897.0], [13.151, 2830.0], [13.15, 1317.0], [13.149, 2939.0], [13.148, 3327.0]], "asks": [[13.168, 870.0], [13.169, 1641.0], [13.17, 919.0], [13.171, 1114.0], [13.172, 1712.0], [13.173, 1553.0], [13.174, 945.0], [13.175, 1176.0], [13.176, 1390.0], [13.177, 1375.0], [13.178, 1460.0], [13.179, 2120.0], [13.18, 4441.0], [13.181, 858.0], [13.182, 953.0], [13.183, 1698.0], [13.184, 1268.0], [13.185, 1758.0], [13.186, 1491.0], [13.187, 1257.0]], "timestamp": "2025-12-14T09:03:57.932982+00:00"}, {"symbol": "AVAXUSDT", "bids": [[13.164, 1182.0], [13.163, 523.0], [13.162, 945.0], [13.161, 701.0], [13.16, 2519.0], [13.159, 6696.0], [13.158, 711.0], [13.157, 2165.0], [13.156, 6064.0], [13.155, 1487.0], [13.154, 1468.0], [13.153, 820.0], [13.152, 2268.0], [13.151, 1205.0], [13.15, 1068.0], [13.149, 2728.0], [13.148, 1441.0], [13.147, 1997.0], [13.146, 3400.0], [13.145, 3118.0]], "asks": [[13.165, 872.0], [13.166, 533.0], [13.167, 1160.0], [13.168, 778.0], [13.169, 999.0], [13.17, 1029.0], [13.171, 1489.0], [13.172, 2366.0], [13.173, 1809.0], [13.174, 1542.0], [13.175, 1134.0], [13.176, 1422.0], [13.177, 2523.0], [13.178, 1026.0], [13.179, 3374.0], [13.18, 1906.0], [13.181, 919.0], [13.182, 1317.0], [13.183, 1754.0], [13.184, 1264.0]], "timestamp": "2025-12-14T09:04:50.938935+00:00"}, {"symbol": "AVAXUSDT", "bids": [[13.162, 776.0], [13.161, 5703.0], [13.16, 1531.0], [13.159, 1402.0], [13.158, 5967.0], [13.157, 1192.0], [13.156, 983.0], [13.155, 6684.0], [13.154, 1026.0], [13.153, 928.0], [13.152, 2715.0], [13.151, 1731.0], [13.15, 933.0], [13.149, 1155.0], [13.148, 1282.0], [13.147, 3307.0], [13.146, 1654.0], [13.145, 3315.0], [13.144, 1557.0], [13.143, 3963.0]], "asks": [[13.163, 429.0], [13.164, 1173.0], [13.165, 1293.0], [13.166, 1366.0], [13.167, 847.0], [13.168, 693.0], [13.169, 1304.0], [13.17, 1048.0], [13.171, 1615.0], [13.172, 2148.0], [13.173, 1597.0], [13.174, 1577.0], [13.175, 1368.0], [13.176, 3958.0], [13.177, 2280.0], [13.178, 1020.0], [13.179, 1317.0], [13.18, 1779.0], [13.181, 919.0], [13.182, 1543.0]], "timestamp": "2025-12-14T09:05:43.992568+00:00"}, {"symbol": "AVAXUSDT", "bids": [[13.166, 197.0], [13.165, 750.0], [13.164, 5834.0], [13.163, 777.0], [13.162, 1880.0], [13.161, 1041.0], [13.16, 1865.0], [13.159, 5751.0], [13.158, 918.0], [13.157, 2122.0], [13.156, 6049.0], [13.155, 1338.0], [13.154, 724.0], [13.153, 1745.0], [13.152, 2732.0], [13.151, 2991.0], [13.15, 1462.0], [13.149, 2531.0], [13.148, 1365.0], [13.147, 1761.0]], "asks": [[13.167, 1315.0], [13.168, 1315.0], [13.169, 1166.0], [13.17, 699.0], [13.171, 1423.0], [13.172, 2223.0], [13.173, 1266.0], [13.174, 1799.0], [13.175, 1111.0], [13.176, 1634.0], [13.177, 2090.0], [13.178, 3881.0], [13.179, 1616.0], [13.18, 1780.0], [13.181, 1310.0], [13.182, 862.0], [13.183, 1756.0], [13.184, 1180.0], [13.185, 1430.0], [13.186, 2949.0]], "timestamp": "2025-12-14T09:06:37.749356+00:00"}, {"symbol": "AVAXUSDT", "bids": [[13.166, 241.0], [13.165, 51.0], [13.164, 1406.0], [13.163, 6404.0], [13.162, 1966.0], [13.161, 1835.0], [13.16, 6101.0], [13.159, 687.0], [13.158, 1665.0], [13.157, 6447.0], [13.156, 986.0], [13.155, 1394.0], [13.154, 1349.0], [13.153, 2886.0], [13.152, 2538.0], [13.151, 1217.0], [13.15, 1348.0], [13.149, 3356.0], [13.148, 866.0], [13.147, 1760.0]], "asks": [[13.167, 1389.0], [13.168, 992.0], [13.169, 866.0], [13.17, 641.0], [13.171, 1437.0], [13.172, 2197.0], [13.173, 1211.0], [13.174, 1975.0], [13.175, 1241.0], [13.176, 1869.0], [13.177, 1625.0], [13.178, 1533.0], [13.179, 4853.0], [13.18, 1325.0], [13.181, 1310.0], [13.182, 907.0], [13.183, 1755.0], [13.184, 1273.0], [13.185, 2445.0], [13.186, 1811.0]], "timestamp": "2025-12-14T09:07:30.659408+00:00"}, {"symbol": "AVAXUSDT", "bids": [[13.169, 260.0], [13.168, 832.0], [13.167, 7578.0], [13.166, 1244.0], [13.165, 1077.0], [13.164, 1897.0], [13.163, 6200.0], [13.162, 1693.0], [13.161, 1509.0], [13.16, 6581.0], [13.159, 703.0], [13.158, 897.0], [13.157, 1463.0], [13.156, 1558.0], [13.155, 1882.0], [13.154, 1176.0], [13.153, 2108.0], [13.152, 3506.0], [13.151, 1572.0], [13.15, 2092.0]], "asks": [[13.17, 792.0], [13.171, 485.0], [13.172, 1331.0], [13.173, 1129.0], [13.174, 1572.0], [13.175, 1085.0], [13.176, 1774.0], [13.177, 1966.0], [13.178, 1256.0], [13.179, 1549.0], [13.18, 1481.0], [13.181, 1504.0], [13.182, 1461.0], [13.183, 4802.0], [13.184, 1266.0], [13.185, 1304.0], [13.186, 1811.0], [13.187, 3213.0], [13.188, 2195.0], [13.189, 1517.0]], "timestamp": "2025-12-14T09:08:24.036304+00:00"}, {"symbol": "AVAXUSDT", "bids": [[13.173, 5674.0], [13.172, 1629.0], [13.171, 2326.0], [13.17, 1565.0], [13.169, 1996.0], [13.168, 7017.0], [13.167, 3201.0], [13.166, 3531.0], [13.165, 8080.0], [13.164, 1521.0], [13.163, 1041.0], [13.162, 1498.0], [13.161, 1913.0], [13.16, 863.0], [13.159, 956.0], [13.158, 2006.0], [13.157, 1711.0], [13.156, 2413.0], [13.155, 847.0], [13.154, 1075.0]], "asks": [[13.174, 450.0], [13.175, 386.0], [13.176, 735.0], [13.177, 742.0], [13.178, 1682.0], [13.179, 1452.0], [13.18, 1639.0], [13.181, 1470.0], [13.182, 1009.0], [13.183, 1459.0], [13.184, 1324.0], [13.185, 1393.0], [13.186, 2291.0], [13.187, 3444.0], [13.188, 1533.0], [13.189, 2829.0], [13.19, 3592.0], [13.191, 1653.0], [13.192, 2185.0], [13.193, 2505.0]], "timestamp": "2025-12-14T09:09:17.270090+00:00"}, {"symbol": "AVAXUSDT", "bids": [[13.164, 563.0], [13.163, 5477.0], [13.162, 93.0], [13.161, 971.0], [13.16, 2166.0], [13.159, 5904.0], [13.158, 1281.0], [13.157, 1341.0], [13.156, 930.0], [13.155, 6149.0], [13.154, 1041.0], [13.153, 2447.0], [13.152, 1514.0], [13.151, 1161.0], [13.15, 2427.0], [13.149, 1984.0], [13.148, 3026.0], [13.147, 2171.0], [13.146, 1625.0], [13.145, 3920.0]], "asks": [[13.165, 253.0], [13.166, 382.0], [13.167, 1222.0], [13.168, 1271.0], [13.169, 1693.0], [13.17, 3040.0], [13.171, 2574.0], [13.172, 1723.0], [13.173, 2539.0], [13.174, 1425.0], [13.175, 1866.0], [13.176, 2596.0], [13.177, 2698.0], [13.178, 1827.0], [13.179, 1165.0], [13.18, 3686.0], [13.181, 969.0], [13.182, 1087.0], [13.183, 1314.0], [13.184, 1896.0]], "timestamp": "2025-12-14T09:10:10.039248+00:00"}, {"symbol": "AVAXUSDT", "bids": [[13.161, 608.0], [13.16, 1247.0], [13.159, 5453.0], [13.158, 557.0], [13.157, 1456.0], [13.156, 1878.0], [13.155, 6031.0], [13.154, 1805.0], [13.153, 7417.0], [13.152, 1420.0], [13.151, 985.0], [13.15, 1448.0], [13.149, 1382.0], [13.148, 1268.0], [13.147, 1466.0], [13.146, 1235.0], [13.145, 2333.0], [13.144, 2411.0], [13.143, 3990.0], [13.142, 1465.0]], "asks": [[13.162, 218.0], [13.163, 467.0], [13.164, 1865.0], [13.165, 1083.0], [13.166, 1192.0], [13.167, 2001.0], [13.168, 1310.0], [13.169, 2162.0], [13.17, 1899.0], [13.171, 2740.0], [13.172, 1069.0], [13.173, 2060.0], [13.174, 1770.0], [13.175, 4410.0], [13.176, 2253.0], [13.177, 1654.0], [13.178, 1111.0], [13.179, 1157.0], [13.18, 1319.0], [13.181, 1064.0]], "timestamp": "2025-12-14T09:11:03.066719+00:00"}, {"symbol": "AVAXUSDT", "bids": [[13.155, 350.0], [13.154, 1165.0], [13.153, 6372.0], [13.152, 653.0], [13.151, 1378.0], [13.15, 6909.0], [13.149, 1937.0], [13.148, 6486.0], [13.147, 1428.0], [13.146, 877.0], [13.145, 645.0], [13.144, 489.0], [13.143, 1007.0], [13.142, 1814.0], [13.141, 2279.0], [13.14, 1579.0], [13.139, 5245.0], [13.138, 3489.0], [13.137, 2236.0], [13.136, 1363.0]], "asks": [[13.156, 330.0], [13.157, 792.0], [13.158, 1192.0], [13.159, 1053.0], [13.16, 2028.0], [13.161, 3091.0], [13.162, 1198.0], [13.163, 1169.0], [13.164, 1547.0], [13.165, 1654.0], [13.166, 1713.0], [13.167, 2153.0], [13.168, 2021.0], [13.169, 4098.0], [13.17, 1517.0], [13.171, 1731.0], [13.172, 958.0], [13.173, 2037.0], [13.174, 1585.0], [13.175, 990.0]], "timestamp": "2025-12-14T09:11:56.505065+00:00"}, {"symbol": "AVAXUSDT", "bids": [[13.149, 403.0], [13.148, 6288.0], [13.147, 548.0], [13.146, 765.0], [13.145, 2667.0], [13.144, 6690.0], [13.143, 2417.0], [13.142, 7447.0], [13.141, 1808.0], [13.14, 1340.0], [13.139, 1757.0], [13.138, 911.0], [13.137, 1662.0], [13.136, 1359.0], [13.135, 1898.0], [13.134, 1015.0], [13.133, 2630.0], [13.132, 2777.0], [13.131, 1545.0], [13.13, 2083.0]], "asks": [[13.15, 315.0], [13.151, 1177.0], [13.152, 1216.0], [13.153, 2368.0], [13.154, 1771.0], [13.155, 1796.0], [13.156, 1265.0], [13.157, 1888.0], [13.158, 1637.0], [13.159, 1290.0], [13.16, 1621.0], [13.161, 1433.0], [13.162, 909.0], [13.163, 1493.0], [13.164, 3846.0], [13.165, 2274.0], [13.166, 1837.0], [13.167, 1707.0], [13.168, 1049.0], [13.169, 1167.0]], "timestamp": "2025-12-14T09:12:49.975296+00:00"}, {"symbol": "AVAXUSDT", "bids": [[13.152, 688.0], [13.151, 5337.0], [13.15, 540.0], [13.149, 1592.0], [13.148, 1972.0], [13.147, 5714.0], [13.146, 1466.0], [13.145, 2861.0], [13.144, 5709.0], [13.143, 884.0], [13.142, 1108.0], [13.141, 1827.0], [13.14, 2602.0], [13.139, 1314.0], [13.138, 1142.0], [13.137, 4472.0], [13.136, 2488.0], [13.135, 1384.0], [13.134, 1126.0], [13.133, 3212.0]], "asks": [[13.153, 646.0], [13.154, 534.0], [13.155, 786.0], [13.156, 552.0], [13.157, 1274.0], [13.158, 1833.0], [13.159, 1621.0], [13.16, 1596.0], [13.161, 2340.0], [13.162, 1256.0], [13.163, 1486.0], [13.164, 2179.0], [13.165, 1584.0], [13.166, 1689.0], [13.167, 1913.0], [13.168, 4833.0], [13.169, 1167.0], [13.17, 1482.0], [13.171, 875.0], [13.172, 1514.0]], "timestamp": "2025-12-14T09:13:42.899403+00:00"}, {"symbol": "AVAXUSDT", "bids": [[13.143, 695.0], [13.142, 5355.0], [13.141, 792.0], [13.14, 813.0], [13.139, 1688.0], [13.138, 5893.0], [13.137, 1807.0], [13.136, 2341.0], [13.135, 6400.0], [13.134, 1039.0], [13.133, 1050.0], [13.132, 1668.0], [13.131, 760.0], [13.13, 1371.0], [13.129, 3737.0], [13.128, 1102.0], [13.127, 2017.0], [13.126, 4308.0], [13.125, 1366.0], [13.124, 1273.0]], "asks": [[13.144, 259.0], [13.145, 496.0], [13.146, 1358.0], [13.147, 1062.0], [13.148, 942.0], [13.149, 1238.0], [13.15, 1561.0], [13.151, 1815.0], [13.152, 2042.0], [13.153, 1294.0], [13.154, 1535.0], [13.155, 2028.0], [13.156, 1504.0], [13.157, 2555.0], [13.158, 4433.0], [13.159, 1574.0], [13.16, 1235.0], [13.161, 1428.0], [13.162, 971.0], [13.163, 1318.0]], "timestamp": "2025-12-14T09:14:36.047582+00:00"}, {"symbol": "AVAXUSDT", "bids": [[13.156, 715.0], [13.155, 6169.0], [13.154, 1241.0], [13.153, 2161.0], [13.152, 2219.0], [13.151, 7366.0], [13.15, 2277.0], [13.149, 2542.0], [13.148, 2339.0], [13.147, 6989.0], [13.146, 849.0], [13.145, 1658.0], [13.144, 1635.0], [13.143, 1621.0], [13.142, 3065.0], [13.141, 3096.0], [13.14, 2377.0], [13.139, 725.0], [13.138, 1325.0], [13.137, 2641.0]], "asks": [[13.157, 319.0], [13.158, 940.0], [13.159, 574.0], [13.16, 705.0], [13.161, 2406.0], [13.162, 1933.0], [13.163, 1301.0], [13.164, 1439.0], [13.165, 1103.0], [13.166, 1534.0], [13.167, 1917.0], [13.168, 1197.0], [13.169, 3813.0], [13.17, 2245.0], [13.171, 1507.0], [13.172, 1174.0], [13.173, 1820.0], [13.174, 3304.0], [13.175, 824.0], [13.176, 1177.0]], "timestamp": "2025-12-14T09:15:28.513546+00:00"}, {"symbol": "AVAXUSDT", "bids": [[13.156, 833.0], [13.155, 1428.0], [13.154, 2508.0], [13.153, 6244.0], [13.152, 3413.0], [13.151, 5686.0], [13.15, 1710.0], [13.149, 1918.0], [13.148, 6785.0], [13.147, 1218.0], [13.146, 1224.0], [13.145, 1560.0], [13.144, 2311.0], [13.143, 4543.0], [13.142, 2998.0], [13.141, 1845.0], [13.14, 1237.0], [13.139, 3476.0], [13.138, 1229.0], [13.137, 1414.0]], "asks": [[13.157, 53.0], [13.158, 772.0], [13.159, 179.0], [13.16, 1297.0], [13.161, 2487.0], [13.162, 1618.0], [13.163, 1273.0], [13.164, 1700.0], [13.165, 1466.0], [13.166, 1802.0], [13.167, 3919.0], [13.168, 1626.0], [13.169, 1721.0], [13.17, 2164.0], [13.171, 1574.0], [13.172, 1405.0], [13.173, 1819.0], [13.174, 3319.0], [13.175, 824.0], [13.176, 1176.0]], "timestamp": "2025-12-14T09:16:22.107255+00:00"}, {"symbol": "AVAXUSDT", "bids": [[13.156, 124.0], [13.155, 513.0], [13.154, 8501.0], [13.153, 688.0], [13.152, 653.0], [13.151, 1552.0], [13.15, 6167.0], [13.149, 1902.0], [13.148, 1458.0], [13.147, 1573.0], [13.146, 4777.0], [13.145, 1144.0], [13.144, 2116.0], [13.143, 1601.0], [13.142, 1650.0], [13.141, 2061.0], [13.14, 2071.0], [13.139, 2947.0], [13.138, 732.0], [13.137, 1415.0]], "asks": [[13.157, 598.0], [13.158, 1252.0], [13.159, 519.0], [13.16, 1100.0], [13.161, 2488.0], [13.162, 1761.0], [13.163, 1141.0], [13.164, 1993.0], [13.165, 3266.0], [13.166, 1743.0], [13.167, 2001.0], [13.168, 1619.0], [13.169, 1802.0], [13.17, 2174.0], [13.171, 1575.0], [13.172, 1368.0], [13.173, 1450.0], [13.174, 1041.0], [13.175, 1223.0], [13.176, 3457.0]], "timestamp": "2025-12-14T09:17:15.097144+00:00"}, {"symbol": "AVAXUSDT", "bids": [[13.166, 1776.0], [13.165, 453.0], [13.164, 5750.0], [13.163, 889.0], [13.162, 983.0], [13.161, 2278.0], [13.16, 6921.0], [13.159, 1326.0], [13.158, 2589.0], [13.157, 1570.0], [13.156, 1774.0], [13.155, 3074.0], [13.154, 2081.0], [13.153, 877.0], [13.152, 1646.0], [13.151, 2277.0], [13.15, 1259.0], [13.149, 2236.0], [13.148, 1814.0], [13.147, 1143.0]], "asks": [[13.167, 765.0], [13.168, 294.0], [13.169, 825.0], [13.17, 1421.0], [13.171, 1597.0], [13.172, 1160.0], [13.173, 2290.0], [13.174, 1182.0], [13.175, 1633.0], [13.176, 1754.0], [13.177, 1694.0], [13.178, 1137.0], [13.179, 1933.0], [13.18, 4311.0], [13.181, 1306.0], [13.182, 2451.0], [13.183, 1779.0], [13.184, 1067.0], [13.185, 1452.0], [13.186, 3669.0]], "timestamp": "2025-12-14T09:18:08.119952+00:00"}, {"symbol": "AVAXUSDT", "bids": [[13.168, 798.0], [13.167, 6075.0], [13.166, 1438.0], [13.165, 2048.0], [13.164, 5490.0], [13.163, 982.0], [13.162, 1696.0], [13.161, 1798.0], [13.16, 1745.0], [13.159, 1106.0], [13.158, 2175.0], [13.157, 1268.0], [13.156, 1772.0], [13.155, 3025.0], [13.154, 3981.0], [13.153, 1265.0], [13.152, 2889.0], [13.151, 995.0], [13.15, 1512.0], [13.149, 1253.0]], "asks": [[13.169, 33.0], [13.17, 776.0], [13.171, 333.0], [13.172, 1171.0], [13.173, 2207.0], [13.174, 1083.0], [13.175, 1710.0], [13.176, 2263.0], [13.177, 2295.0], [13.178, 1337.0], [13.179, 1193.0], [13.18, 1730.0], [13.181, 4221.0], [13.182, 1510.0], [13.183, 2352.0], [13.184, 1052.0], [13.185, 1115.0], [13.186, 1345.0], [13.187, 1438.0], [13.188, 7531.0]], "timestamp": "2025-12-14T09:19:00.669167+00:00"}, {"symbol": "AVAXUSDT", "bids": [[13.167, 787.0], [13.166, 2116.0], [13.165, 5869.0], [13.164, 1076.0], [13.163, 1384.0], [13.162, 1339.0], [13.161, 1913.0], [13.16, 1754.0], [13.159, 1209.0], [13.158, 2122.0], [13.157, 1325.0], [13.156, 1440.0], [13.155, 3361.0], [13.154, 3247.0], [13.153, 2763.0], [13.152, 2850.0], [13.151, 1265.0], [13.15, 1421.0], [13.149, 1255.0], [13.148, 1916.0]], "asks": [[13.168, 438.0], [13.169, 1274.0], [13.17, 1681.0], [13.171, 859.0], [13.172, 1007.0], [13.173, 1474.0], [13.174, 1256.0], [13.175, 1578.0], [13.176, 2190.0], [13.177, 2363.0], [13.178, 1285.0], [13.179, 1502.0], [13.18, 1329.0], [13.181, 2018.0], [13.182, 4201.0], [13.183, 2354.0], [13.184, 1052.0], [13.185, 1118.0], [13.186, 1359.0], [13.187, 1382.0]], "timestamp": "2025-12-14T09:19:54.105485+00:00"}, {"symbol": "AVAXUSDT", "bids": [[13.168, 241.0], [13.167, 952.0], [13.166, 7781.0], [13.165, 587.0], [13.164, 859.0], [13.163, 1367.0], [13.162, 1683.0], [13.161, 1822.0], [13.16, 1739.0], [13.159, 1187.0], [13.158, 2122.0], [13.157, 1330.0], [13.156, 1700.0], [13.155, 3209.0], [13.154, 4958.0], [13.153, 1246.0], [13.152, 1766.0], [13.151, 1429.0], [13.15, 1704.0], [13.149, 1256.0]], "asks": [[13.169, 710.0], [13.17, 778.0], [13.171, 635.0], [13.172, 1485.0], [13.173, 1825.0], [13.174, 1104.0], [13.175, 1189.0], [13.176, 1864.0], [13.177, 2416.0], [13.178, 1849.0], [13.179, 1332.0], [13.18, 1811.0], [13.181, 4009.0], [13.182, 2204.0], [13.183, 2318.0], [13.184, 1052.0], [13.185, 1118.0], [13.186, 1359.0], [13.187, 1417.0], [13.188, 5611.0]], "timestamp": "2025-12-14T09:20:47.076573+00:00"}, {"symbol": "AVAXUSDT", "bids": [[13.167, 1126.0], [13.166, 7780.0], [13.165, 662.0], [13.164, 859.0], [13.163, 1559.0], [13.162, 1570.0], [13.161, 1935.0], [13.16, 1732.0], [13.159, 1187.0], [13.158, 2130.0], [13.157, 1323.0], [13.156, 1675.0], [13.155, 3216.0], [13.154, 5067.0], [13.153, 1193.0], [13.152, 1601.0], [13.151, 1437.0], [13.15, 1706.0], [13.149, 1256.0], [13.148, 1490.0]], "asks": [[13.168, 240.0], [13.169, 416.0], [13.17, 1143.0], [13.171, 591.0], [13.172, 1021.0], [13.173, 1660.0], [13.174, 1210.0], [13.175, 1247.0], [13.176, 1868.0], [13.177, 2290.0], [13.178, 1852.0], [13.179, 1634.0], [13.18, 2282.0], [13.181, 4430.0], [13.182, 1455.0], [13.183, 1793.0], [13.184, 1052.0], [13.185, 1118.0], [13.186, 1554.0], [13.187, 2684.0]], "timestamp": "2025-12-14T09:21:40.194058+00:00"}, {"symbol": "AVAXUSDT", "bids": [[13.168, 5411.0], [13.167, 1000.0], [13.166, 2698.0], [13.165, 708.0], [13.164, 1473.0], [13.163, 1392.0], [13.162, 1441.0], [13.161, 1831.0], [13.16, 1803.0], [13.159, 1564.0], [13.158, 2283.0], [13.157, 2462.0], [13.156, 1719.0], [13.155, 3483.0], [13.154, 3804.0], [13.153, 1373.0], [13.152, 1692.0], [13.151, 2117.0], [13.15, 1331.0], [13.149, 1256.0]], "asks": [[13.169, 667.0], [13.17, 253.0], [13.171, 693.0], [13.172, 962.0], [13.173, 1864.0], [13.174, 1198.0], [13.175, 1290.0], [13.176, 2008.0], [13.177, 2290.0], [13.178, 1852.0], [13.179, 1627.0], [13.18, 1912.0], [13.181, 2119.0], [13.182, 4050.0], [13.183, 1793.0], [13.184, 1052.0], [13.185, 1118.0], [13.186, 1359.0], [13.187, 1546.0], [13.188, 5611.0]], "timestamp": "2025-12-14T09:22:33.749321+00:00"}, {"symbol": "AVAXUSDT", "bids": [[13.162, 1001.0], [13.161, 4153.0], [13.16, 759.0], [13.159, 682.0], [13.158, 1018.0], [13.157, 1832.0], [13.156, 1495.0], [13.155, 2535.0], [13.154, 1159.0], [13.153, 1610.0], [13.152, 1457.0], [13.151, 1670.0], [13.15, 2668.0], [13.149, 1806.0], [13.148, 2898.0], [13.147, 1127.0], [13.146, 1564.0], [13.145, 2031.0], [13.144, 2301.0], [13.143, 1454.0]], "asks": [[13.163, 412.0], [13.164, 532.0], [13.165, 1427.0], [13.166, 1517.0], [13.167, 1580.0], [13.168, 792.0], [13.169, 1665.0], [13.17, 1664.0], [13.171, 1258.0], [13.172, 1296.0], [13.173, 1539.0], [13.174, 1594.0], [13.175, 4234.0], [13.176, 2006.0], [13.177, 2104.0], [13.178, 1116.0], [13.179, 1552.0], [13.18, 1450.0], [13.181, 964.0], [13.182, 1778.0]], "timestamp": "2025-12-14T09:23:26.706177+00:00"}, {"symbol": "AVAXUSDT", "bids": [[13.154, 330.0], [13.153, 949.0], [13.152, 1027.0], [13.151, 1805.0], [13.15, 791.0], [13.149, 961.0], [13.148, 980.0], [13.147, 1524.0], [13.146, 1552.0], [13.145, 2201.0], [13.144, 1598.0], [13.143, 1846.0], [13.142, 1766.0], [13.141, 1713.0], [13.14, 3212.0], [13.139, 2868.0], [13.138, 1435.0], [13.137, 1428.0], [13.136, 840.0], [13.135, 1613.0]], "asks": [[13.155, 453.0], [13.156, 1920.0], [13.157, 1426.0], [13.158, 917.0], [13.159, 2205.0], [13.16, 1901.0], [13.161, 1470.0], [13.162, 1227.0], [13.163, 1278.0], [13.164, 1356.0], [13.165, 2014.0], [13.166, 3463.0], [13.167, 2165.0], [13.168, 1598.0], [13.169, 1340.0], [13.17, 1440.0], [13.171, 1213.0], [13.172, 3348.0], [13.173, 1467.0], [13.174, 973.0]], "timestamp": "2025-12-14T09:24:19.845856+00:00"}, {"symbol": "AVAXUSDT", "bids": [[13.155, 79.0], [13.154, 77.0], [13.153, 971.0], [13.152, 1840.0], [13.151, 2294.0], [13.15, 2736.0], [13.149, 852.0], [13.148, 1040.0], [13.147, 1606.0], [13.146, 1063.0], [13.145, 1341.0], [13.144, 2265.0], [13.143, 4106.0], [13.142, 2709.0], [13.141, 1469.0], [13.14, 1159.0], [13.139, 961.0], [13.138, 1482.0], [13.137, 1428.0], [13.136, 905.0]], "asks": [[13.156, 1242.0], [13.157, 942.0], [13.158, 796.0], [13.159, 1113.0], [13.16, 1386.0], [13.161, 1076.0], [13.162, 1777.0], [13.163, 1025.0], [13.164, 1997.0], [13.165, 3664.0], [13.166, 1694.0], [13.167, 1799.0], [13.168, 1073.0], [13.169, 2210.0], [13.17, 1664.0], [13.171, 1385.0], [13.172, 1069.0], [13.173, 1420.0], [13.174, 1066.0], [13.175, 1505.0]], "timestamp": "2025-12-14T09:25:12.779718+00:00"}, {"symbol": "AVAXUSDT", "bids": [[13.155, 1401.0], [13.154, 925.0], [13.153, 1499.0], [13.152, 2341.0], [13.151, 1859.0], [13.15, 2608.0], [13.149, 957.0], [13.148, 685.0], [13.147, 1383.0], [13.146, 1345.0], [13.145, 1726.0], [13.144, 3002.0], [13.143, 3493.0], [13.142, 1653.0], [13.141, 2149.0], [13.14, 1159.0], [13.139, 851.0], [13.138, 1054.0], [13.137, 1845.0], [13.136, 905.0]], "asks": [[13.156, 236.0], [13.157, 373.0], [13.158, 877.0], [13.159, 1512.0], [13.16, 1352.0], [13.161, 1126.0], [13.162, 1276.0], [13.163, 1153.0], [13.164, 1972.0], [13.165, 1528.0], [13.166, 1672.0], [13.167, 1759.0], [13.168, 1375.0], [13.169, 4496.0], [13.17, 1538.0], [13.171, 1385.0], [13.172, 1069.0], [13.173, 1420.0], [13.174, 1031.0], [13.175, 1607.0]], "timestamp": "2025-12-14T09:26:05.720198+00:00"}, {"symbol": "AVAXUSDT", "bids": [[13.155, 292.0], [13.154, 693.0], [13.153, 1368.0], [13.152, 2019.0], [13.151, 2369.0], [13.15, 2757.0], [13.149, 974.0], [13.148, 679.0], [13.147, 1642.0], [13.146, 1247.0], [13.145, 1010.0], [13.144, 2961.0], [13.143, 2380.0], [13.142, 1421.0], [13.141, 1703.0], [13.14, 1060.0], [13.139, 1282.0], [13.138, 1561.0], [13.137, 2535.0], [13.136, 3110.0]], "asks": [[13.156, 153.0], [13.157, 1024.0], [13.158, 1364.0], [13.159, 1435.0], [13.16, 1380.0], [13.161, 1191.0], [13.162, 1132.0], [13.163, 677.0], [13.164, 1466.0], [13.165, 1237.0], [13.166, 1592.0], [13.167, 1901.0], [13.168, 1608.0], [13.169, 4108.0], [13.17, 1540.0], [13.171, 1305.0], [13.172, 1071.0], [13.173, 1874.0], [13.174, 1030.0], [13.175, 1549.0]], "timestamp": "2025-12-14T09:26:58.983702+00:00"}, {"symbol": "AVAXUSDT", "bids": [[13.156, 12.0], [13.155, 644.0], [13.154, 1457.0], [13.153, 1101.0], [13.152, 1900.0], [13.151, 2085.0], [13.15, 2090.0], [13.149, 867.0], [13.148, 725.0], [13.147, 1606.0], [13.146, 1873.0], [13.145, 2591.0], [13.144, 2059.0], [13.143, 2051.0], [13.142, 1287.0], [13.141, 2443.0], [13.14, 1220.0], [13.139, 1209.0], [13.138, 1135.0], [13.137, 1837.0]], "asks": [[13.157, 815.0], [13.158, 1242.0], [13.159, 1679.0], [13.16, 1382.0], [13.161, 623.0], [13.162, 1261.0], [13.163, 982.0], [13.164, 823.0], [13.165, 1134.0], [13.166, 1335.0], [13.167, 1482.0], [13.168, 2739.0], [13.169, 1442.0], [13.17, 1993.0], [13.171, 1375.0], [13.172, 2056.0], [13.173, 1483.0], [13.174, 1032.0], [13.175, 1940.0], [13.176, 3658.0]], "timestamp": "2025-12-14T09:27:52.218122+00:00"}, {"symbol": "AVAXUSDT", "bids": [[13.156, 16.0], [13.155, 374.0], [13.154, 1438.0], [13.153, 1120.0], [13.152, 1942.0], [13.151, 2095.0], [13.15, 3002.0], [13.149, 1097.0], [13.148, 972.0], [13.147, 1924.0], [13.146, 2559.0], [13.145, 2500.0], [13.144, 2198.0], [13.143, 1303.0], [13.142, 2426.0], [13.141, 1805.0], [13.14, 939.0], [13.139, 1783.0], [13.138, 1160.0], [13.137, 1742.0]], "asks": [[13.157, 702.0], [13.158, 905.0], [13.159, 1251.0], [13.16, 703.0], [13.161, 829.0], [13.162, 1015.0], [13.163, 736.0], [13.164, 769.0], [13.165, 1418.0], [13.166, 2040.0], [13.167, 1011.0], [13.168, 1188.0], [13.169, 3602.0], [13.17, 1687.0], [13.171, 2059.0], [13.172, 1400.0], [13.173, 1939.0], [13.174, 1025.0], [13.175, 1464.0], [13.176, 1283.0]], "timestamp": "2025-12-14T09:28:45.466661+00:00"}, {"symbol": "AVAXUSDT", "bids": [[13.147, 272.0], [13.146, 526.0], [13.145, 590.0], [13.144, 402.0], [13.143, 557.0], [13.142, 786.0], [13.141, 1235.0], [13.14, 1171.0], [13.139, 1945.0], [13.138, 2178.0], [13.137, 1253.0], [13.136, 1544.0], [13.135, 1363.0], [13.134, 1289.0], [13.133, 2506.0], [13.132, 1279.0], [13.131, 1627.0], [13.13, 2083.0], [13.129, 982.0], [13.128, 1906.0]], "asks": [[13.148, 478.0], [13.149, 917.0], [13.15, 1211.0], [13.151, 1284.0], [13.152, 2658.0], [13.153, 1579.0], [13.154, 2456.0], [13.155, 1566.0], [13.156, 1401.0], [13.157, 1206.0], [13.158, 847.0], [13.159, 1826.0], [13.16, 3365.0], [13.161, 1269.0], [13.162, 1548.0], [13.163, 1033.0], [13.164, 1399.0], [13.165, 1052.0], [13.166, 1296.0], [13.167, 2978.0]], "timestamp": "2025-12-14T09:29:38.759251+00:00"}, {"symbol": "AVAXUSDT", "bids": [[13.143, 596.0], [13.142, 214.0], [13.141, 486.0], [13.14, 1001.0], [13.139, 1397.0], [13.138, 1243.0], [13.137, 1251.0], [13.136, 904.0], [13.135, 1024.0], [13.134, 1604.0], [13.133, 2672.0], [13.132, 1894.0], [13.131, 3637.0], [13.13, 909.0], [13.129, 819.0], [13.128, 1487.0], [13.127, 3652.0], [13.126, 1216.0], [13.125, 1049.0], [13.124, 1005.0]], "asks": [[13.144, 967.0], [13.145, 527.0], [13.146, 1196.0], [13.147, 1268.0], [13.148, 1728.0], [13.149, 2012.0], [13.15, 2673.0], [13.151, 1474.0], [13.152, 837.0], [13.153, 1650.0], [13.154, 1896.0], [13.155, 1438.0], [13.156, 2215.0], [13.157, 1663.0], [13.158, 2936.0], [13.159, 1710.0], [13.16, 705.0], [13.161, 1472.0], [13.162, 1131.0], [13.163, 582.0]], "timestamp": "2025-12-14T09:30:31.763260+00:00"}, {"symbol": "AVAXUSDT", "bids": [[13.161, 1328.0], [13.16, 1034.0], [13.159, 1149.0], [13.158, 1676.0], [13.157, 1766.0], [13.156, 2211.0], [13.155, 1718.0], [13.154, 1838.0], [13.153, 1755.0], [13.152, 3320.0], [13.151, 943.0], [13.15, 948.0], [13.149, 704.0], [13.148, 939.0], [13.147, 1417.0], [13.146, 1065.0], [13.145, 2678.0], [13.144, 817.0], [13.143, 1435.0], [13.142, 1239.0]], "asks": [[13.162, 10.0], [13.163, 38.0], [13.164, 406.0], [13.165, 535.0], [13.166, 1512.0], [13.167, 1569.0], [13.168, 1518.0], [13.169, 2010.0], [13.17, 1608.0], [13.171, 897.0], [13.172, 1091.0], [13.173, 1970.0], [13.174, 1395.0], [13.175, 1079.0], [13.176, 2777.0], [13.177, 1198.0], [13.178, 969.0], [13.179, 1314.0], [13.18, 1296.0], [13.181, 1413.0]], "timestamp": "2025-12-14T09:31:24.907920+00:00"}, {"symbol": "AVAXUSDT", "bids": [[13.155, 308.0], [13.154, 110.0], [13.153, 1054.0], [13.152, 621.0], [13.151, 1335.0], [13.15, 1585.0], [13.149, 2231.0], [13.148, 2716.0], [13.147, 1311.0], [13.146, 1274.0], [13.145, 1255.0], [13.144, 939.0], [13.143, 2491.0], [13.142, 2692.0], [13.141, 1572.0], [13.14, 2315.0], [13.139, 706.0], [13.138, 1142.0], [13.137, 1231.0], [13.136, 651.0]], "asks": [[13.156, 61.0], [13.157, 556.0], [13.158, 985.0], [13.159, 933.0], [13.16, 769.0], [13.161, 1577.0], [13.162, 971.0], [13.163, 904.0], [13.164, 2070.0], [13.165, 735.0], [13.166, 1256.0], [13.167, 2054.0], [13.168, 3291.0], [13.169, 1672.0], [13.17, 1838.0], [13.171, 765.0], [13.172, 1271.0], [13.173, 1205.0], [13.174, 644.0], [13.175, 1006.0]], "timestamp": "2025-12-14T09:32:18.051619+00:00"}, {"symbol": "AVAXUSDT", "bids": [[13.164, 1450.0], [13.163, 1513.0], [13.162, 1380.0], [13.161, 1017.0], [13.16, 1188.0], [13.159, 987.0], [13.158, 1432.0], [13.157, 2431.0], [13.156, 1071.0], [13.155, 1295.0], [13.154, 2330.0], [13.153, 1902.0], [13.152, 1636.0], [13.151, 2306.0], [13.15, 1012.0], [13.149, 855.0], [13.148, 2749.0], [13.147, 992.0], [13.146, 944.0], [13.145, 1508.0]], "asks": [[13.165, 31.0], [13.166, 203.0], [13.167, 1327.0], [13.168, 5495.0], [13.169, 1381.0], [13.17, 987.0], [13.171, 1052.0], [13.172, 1644.0], [13.173, 1269.0], [13.174, 1030.0], [13.175, 662.0], [13.176, 1387.0], [13.177, 1727.0], [13.178, 1206.0], [13.179, 2266.0], [13.18, 1199.0], [13.181, 2763.0], [13.182, 1182.0], [13.183, 2406.0], [13.184, 1203.0]], "timestamp": "2025-12-14T09:33:10.890448+00:00"}, {"symbol": "AVAXUSDT", "bids": [[13.164, 144.0], [13.163, 258.0], [13.162, 638.0], [13.161, 1183.0], [13.16, 1362.0], [13.159, 1411.0], [13.158, 1837.0], [13.157, 1678.0], [13.156, 1439.0], [13.155, 1662.0], [13.154, 2935.0], [13.153, 1339.0], [13.152, 2160.0], [13.151, 1526.0], [13.15, 1140.0], [13.149, 2552.0], [13.148, 1114.0], [13.147, 1053.0], [13.146, 1601.0], [13.145, 3507.0]], "asks": [[13.165, 226.0], [13.166, 1325.0], [13.167, 5424.0], [13.168, 423.0], [13.169, 952.0], [13.17, 934.0], [13.171, 1572.0], [13.172, 2114.0], [13.173, 1890.0], [13.174, 1329.0], [13.175, 746.0], [13.176, 1071.0], [13.177, 1410.0], [13.178, 876.0], [13.179, 1692.0], [13.18, 3689.0], [13.181, 1180.0], [13.182, 1061.0], [13.183, 1467.0], [13.184, 1111.0]], "timestamp": "2025-12-14T09:34:04.046309+00:00"}, {"symbol": "AVAXUSDT", "bids": [[13.167, 613.0], [13.166, 912.0], [13.165, 1631.0], [13.164, 618.0], [13.163, 1134.0], [13.162, 1093.0], [13.161, 1966.0], [13.16, 1962.0], [13.159, 1491.0], [13.158, 2382.0], [13.157, 2071.0], [13.156, 1024.0], [13.155, 1152.0], [13.154, 2488.0], [13.153, 2081.0], [13.152, 2412.0], [13.151, 1384.0], [13.15, 686.0], [13.149, 1532.0], [13.148, 1280.0]], "asks": [[13.168, 307.0], [13.169, 5380.0], [13.17, 492.0], [13.171, 667.0], [13.172, 1387.0], [13.173, 1321.0], [13.174, 706.0], [13.175, 1646.0], [13.176, 1907.0], [13.177, 1389.0], [13.178, 673.0], [13.179, 1539.0], [13.18, 2006.0], [13.181, 3492.0], [13.182, 1017.0], [13.183, 1084.0], [13.184, 1278.0], [13.185, 2606.0], [13.186, 1060.0], [13.187, 2467.0]], "timestamp": "2025-12-14T09:34:57.387822+00:00"}, {"symbol": "AVAXUSDT", "bids": [[13.167, 123.0], [13.166, 508.0], [13.165, 1011.0], [13.164, 1024.0], [13.163, 1132.0], [13.162, 1169.0], [13.161, 1940.0], [13.16, 1728.0], [13.159, 1530.0], [13.158, 1757.0], [13.157, 2036.0], [13.156, 1100.0], [13.155, 1669.0], [13.154, 4004.0], [13.153, 1090.0], [13.152, 1175.0], [13.151, 1925.0], [13.15, 1049.0], [13.149, 1145.0], [13.148, 1674.0]], "asks": [[13.168, 676.0], [13.169, 1640.0], [13.17, 5721.0], [13.171, 728.0], [13.172, 1587.0], [13.173, 1229.0], [13.174, 761.0], [13.175, 1495.0], [13.176, 1186.0], [13.177, 1477.0], [13.178, 1070.0], [13.179, 1342.0], [13.18, 3323.0], [13.181, 2361.0], [13.182, 1017.0], [13.183, 1055.0], [13.184, 1139.0], [13.185, 2581.0], [13.186, 1387.0], [13.187, 4813.0]], "timestamp": "2025-12-14T09:35:50.739224+00:00"}, {"symbol": "AVAXUSDT", "bids": [[13.165, 566.0], [13.164, 594.0], [13.163, 847.0], [13.162, 815.0], [13.161, 959.0], [13.16, 1117.0], [13.159, 1286.0], [13.158, 1487.0], [13.157, 1738.0], [13.156, 849.0], [13.155, 1566.0], [13.154, 2721.0], [13.153, 1556.0], [13.152, 1099.0], [13.151, 1931.0], [13.15, 875.0], [13.149, 1820.0], [13.148, 1320.0], [13.147, 1040.0], [13.146, 1706.0]], "asks": [[13.166, 489.0], [13.167, 5073.0], [13.168, 473.0], [13.169, 1110.0], [13.17, 1171.0], [13.171, 1022.0], [13.172, 1256.0], [13.173, 1229.0], [13.174, 754.0], [13.175, 1482.0], [13.176, 1410.0], [13.177, 2235.0], [13.178, 1033.0], [13.179, 3287.0], [13.18, 1059.0], [13.181, 1185.0], [13.182, 1608.0], [13.183, 1055.0], [13.184, 1142.0], [13.185, 2581.0]], "timestamp": "2025-12-14T09:36:43.388788+00:00"}, {"symbol": "AVAXUSDT", "bids": [[13.172, 938.0], [13.171, 815.0], [13.17, 1350.0], [13.169, 644.0], [13.168, 1632.0], [13.167, 1787.0], [13.166, 2064.0], [13.165, 2267.0], [13.164, 3179.0], [13.163, 2431.0], [13.162, 1339.0], [13.161, 2695.0], [13.16, 1437.0], [13.159, 824.0], [13.158, 1085.0], [13.157, 1622.0], [13.156, 1264.0], [13.155, 1484.0], [13.154, 1787.0], [13.153, 1843.0]], "asks": [[13.173, 423.0], [13.174, 158.0], [13.175, 1312.0], [13.176, 5446.0], [13.177, 1441.0], [13.178, 1392.0], [13.179, 4378.0], [13.18, 1682.0], [13.181, 583.0], [13.182, 658.0], [13.183, 1169.0], [13.184, 1113.0], [13.185, 1027.0], [13.186, 3374.0], [13.187, 3225.0], [13.188, 741.0], [13.189, 3960.0], [13.19, 927.0], [13.191, 733.0], [13.192, 1465.0]], "timestamp": "2025-12-14T09:37:37.032974+00:00"}, {"symbol": "AVAXUSDT", "bids": [[13.168, 131.0], [13.167, 671.0], [13.166, 1593.0], [13.165, 1357.0], [13.164, 2273.0], [13.163, 3065.0], [13.162, 1199.0], [13.161, 1630.0], [13.16, 2009.0], [13.159, 1780.0], [13.158, 2629.0], [13.157, 1489.0], [13.156, 698.0], [13.155, 984.0], [13.154, 1434.0], [13.153, 2195.0], [13.152, 2625.0], [13.151, 4260.0], [13.15, 1321.0], [13.149, 3863.0]], "asks": [[13.169, 331.0], [13.17, 5561.0], [13.171, 1505.0], [13.172, 1499.0], [13.173, 6348.0], [13.174, 1478.0], [13.175, 759.0], [13.176, 720.0], [13.177, 1097.0], [13.178, 761.0], [13.179, 980.0], [13.18, 1699.0], [13.181, 889.0], [13.182, 1015.0], [13.183, 1918.0], [13.184, 3303.0], [13.185, 1479.0], [13.186, 2225.0], [13.187, 1162.0], [13.188, 2112.0]], "timestamp": "2025-12-14T09:38:30.119689+00:00"}, {"symbol": "AVAXUSDT", "bids": [[13.161, 732.0], [13.16, 563.0], [13.159, 1179.0], [13.158, 851.0], [13.157, 1558.0], [13.156, 1269.0], [13.155, 1958.0], [13.154, 2022.0], [13.153, 2296.0], [13.152, 1858.0], [13.151, 2389.0], [13.15, 2520.0], [13.149, 3257.0], [13.148, 2338.0], [13.147, 1369.0], [13.146, 1019.0], [13.145, 1627.0], [13.144, 3866.0], [13.143, 2085.0], [13.142, 8859.0]], "asks": [[13.162, 101.0], [13.163, 441.0], [13.164, 5483.0], [13.165, 508.0], [13.166, 443.0], [13.167, 2138.0], [13.168, 2989.0], [13.169, 6154.0], [13.17, 1808.0], [13.171, 1419.0], [13.172, 1200.0], [13.173, 729.0], [13.174, 1496.0], [13.175, 1515.0], [13.176, 1681.0], [13.177, 1851.0], [13.178, 3434.0], [13.179, 773.0], [13.18, 1926.0], [13.181, 2681.0]], "timestamp": "2025-12-14T09:39:23.830594+00:00"}, {"symbol": "AVAXUSDT", "bids": [[13.162, 872.0], [13.161, 393.0], [13.16, 661.0], [13.159, 966.0], [13.158, 1306.0], [13.157, 1717.0], [13.156, 1320.0], [13.155, 1622.0], [13.154, 2242.0], [13.153, 2187.0], [13.152, 1776.0], [13.151, 4140.0], [13.15, 2937.0], [13.149, 1665.0], [13.148, 1807.0], [13.147, 1462.0], [13.146, 1520.0], [13.145, 1320.0], [13.144, 1016.0], [13.143, 2085.0]], "asks": [[13.163, 147.0], [13.164, 2077.0], [13.165, 5387.0], [13.166, 1091.0], [13.167, 6951.0], [13.168, 1143.0], [13.169, 1310.0], [13.17, 1586.0], [13.171, 1443.0], [13.172, 594.0], [13.173, 823.0], [13.174, 1768.0], [13.175, 1064.0], [13.176, 1621.0], [13.177, 1232.0], [13.178, 3613.0], [13.179, 1229.0], [13.18, 2090.0], [13.181, 2634.0], [13.182, 600.0]], "timestamp": "2025-12-14T09:40:16.888290+00:00"}, {"symbol": "AVAXUSDT", "bids": [[13.156, 20.0], [13.155, 102.0], [13.154, 384.0], [13.153, 636.0], [13.152, 1317.0], [13.151, 1776.0], [13.15, 2137.0], [13.149, 1385.0], [13.148, 2105.0], [13.147, 1679.0], [13.146, 3239.0], [13.145, 2036.0], [13.144, 1171.0], [13.143, 1105.0], [13.142, 1439.0], [13.141, 1695.0], [13.14, 3344.0], [13.139, 1446.0], [13.138, 1399.0], [13.137, 1994.0]], "asks": [[13.157, 1487.0], [13.158, 5198.0], [13.159, 1029.0], [13.16, 1614.0], [13.161, 1901.0], [13.162, 1305.0], [13.163, 1553.0], [13.164, 1794.0], [13.165, 795.0], [13.166, 1782.0], [13.167, 1731.0], [13.168, 895.0], [13.169, 844.0], [13.17, 3612.0], [13.171, 2296.0], [13.172, 1714.0], [13.173, 828.0], [13.174, 1515.0], [13.175, 1432.0], [13.176, 1278.0]], "timestamp": "2025-12-14T09:41:10.144813+00:00"}, {"symbol": "AVAXUSDT", "bids": [[13.153, 462.0], [13.152, 665.0], [13.151, 1634.0], [13.15, 976.0], [13.149, 1265.0], [13.148, 1133.0], [13.147, 1358.0], [13.146, 2151.0], [13.145, 1705.0], [13.144, 1632.0], [13.143, 2640.0], [13.142, 2040.0], [13.141, 1138.0], [13.14, 2734.0], [13.139, 1499.0], [13.138, 1932.0], [13.137, 4558.0], [13.136, 9321.0], [13.135, 1535.0], [13.134, 3165.0]], "asks": [[13.154, 77.0], [13.155, 614.0], [13.156, 1958.0], [13.157, 5736.0], [13.158, 1053.0], [13.159, 2479.0], [13.16, 1822.0], [13.161, 2336.0], [13.162, 1854.0], [13.163, 983.0], [13.164, 879.0], [13.165, 757.0], [13.166, 1186.0], [13.167, 2547.0], [13.168, 1496.0], [13.169, 2117.0], [13.17, 3842.0], [13.171, 1817.0], [13.172, 624.0], [13.173, 909.0]], "timestamp": "2025-12-14T09:42:03.380655+00:00"}, {"symbol": "AVAXUSDT", "bids": [[13.159, 1053.0], [13.158, 285.0], [13.157, 1242.0], [13.156, 1240.0], [13.155, 1527.0], [13.154, 1988.0], [13.153, 1457.0], [13.152, 1785.0], [13.151, 1991.0], [13.15, 1385.0], [13.149, 952.0], [13.148, 1391.0], [13.147, 2924.0], [13.146, 1353.0], [13.145, 1304.0], [13.144, 934.0], [13.143, 1573.0], [13.142, 1758.0], [13.141, 1493.0], [13.14, 2057.0]], "asks": [[13.16, 435.0], [13.161, 532.0], [13.162, 830.0], [13.163, 956.0], [13.164, 1683.0], [13.165, 1103.0], [13.166, 1842.0], [13.167, 1694.0], [13.168, 1086.0], [13.169, 1231.0], [13.17, 1410.0], [13.171, 2160.0], [13.172, 1287.0], [13.173, 3025.0], [13.174, 2466.0], [13.175, 1773.0], [13.176, 1461.0], [13.177, 1312.0], [13.178, 1387.0], [13.179, 3336.0]], "timestamp": "2025-12-14T09:42:56.831789+00:00"}, {"symbol": "AVAXUSDT", "bids": [[13.159, 594.0], [13.158, 412.0], [13.157, 1237.0], [13.156, 1637.0], [13.155, 1705.0], [13.154, 1961.0], [13.153, 1246.0], [13.152, 1423.0], [13.151, 1991.0], [13.15, 1566.0], [13.149, 2549.0], [13.148, 1363.0], [13.147, 2281.0], [13.146, 1492.0], [13.145, 1376.0], [13.144, 985.0], [13.143, 1251.0], [13.142, 1684.0], [13.141, 1994.0], [13.14, 1808.0]], "asks": [[13.16, 425.0], [13.161, 681.0], [13.162, 992.0], [13.163, 980.0], [13.164, 1729.0], [13.165, 905.0], [13.166, 1828.0], [13.167, 1676.0], [13.168, 1086.0], [13.169, 1202.0], [13.17, 1410.0], [13.171, 2423.0], [13.172, 2919.0], [13.173, 1078.0], [13.174, 2083.0], [13.175, 1831.0], [13.176, 1532.0], [13.177, 2352.0], [13.178, 1387.0], [13.179, 3337.0]], "timestamp": "2025-12-14T09:43:50.489479+00:00"}, {"symbol": "AVAXUSDT", "bids": [[13.151, 542.0], [13.15, 578.0], [13.149, 970.0], [13.148, 1289.0], [13.147, 1253.0], [13.146, 1724.0], [13.145, 1570.0], [13.144, 920.0], [13.143, 745.0], [13.142, 1867.0], [13.141, 2481.0], [13.14, 3327.0], [13.139, 1405.0], [13.138, 2132.0], [13.137, 3321.0], [13.136, 1706.0], [13.135, 2104.0], [13.134, 1079.0], [13.133, 3722.0], [13.132, 1712.0]], "asks": [[13.152, 921.0], [13.153, 735.0], [13.154, 1834.0], [13.155, 1372.0], [13.156, 938.0], [13.157, 1529.0], [13.158, 2319.0], [13.159, 2099.0], [13.16, 1568.0], [13.161, 2262.0], [13.162, 1259.0], [13.163, 851.0], [13.164, 1516.0], [13.165, 1294.0], [13.166, 2183.0], [13.167, 3800.0], [13.168, 3366.0], [13.169, 1150.0], [13.17, 1815.0], [13.171, 1846.0]], "timestamp": "2025-12-14T09:44:44.659522+00:00"}, {"symbol": "AVAXUSDT", "bids": [[13.151, 80.0], [13.15, 552.0], [13.149, 302.0], [13.148, 999.0], [13.147, 827.0], [13.146, 1745.0], [13.145, 1487.0], [13.144, 1004.0], [13.143, 1266.0], [13.142, 2336.0], [13.141, 1289.0], [13.14, 2127.0], [13.139, 2292.0], [13.138, 1991.0], [13.137, 714.0], [13.136, 695.0], [13.135, 1822.0], [13.134, 1515.0], [13.133, 4042.0], [13.132, 3734.0]], "asks": [[13.152, 2503.0], [13.153, 1014.0], [13.154, 1242.0], [13.155, 1370.0], [13.156, 1135.0], [13.157, 1792.0], [13.158, 2440.0], [13.159, 2348.0], [13.16, 1751.0], [13.161, 2367.0], [13.162, 1248.0], [13.163, 1180.0], [13.164, 4513.0], [13.165, 1539.0], [13.166, 1441.0], [13.167, 2803.0], [13.168, 909.0], [13.169, 708.0], [13.17, 836.0], [13.171, 1571.0]], "timestamp": "2025-12-14T09:45:37.827662+00:00"}, {"symbol": "AVAXUSDT", "bids": [[13.153, 637.0], [13.152, 309.0], [13.151, 1123.0], [13.15, 842.0], [13.149, 548.0], [13.148, 1336.0], [13.147, 1338.0], [13.146, 1669.0], [13.145, 1235.0], [13.144, 843.0], [13.143, 1315.0], [13.142, 3031.0], [13.141, 2117.0], [13.14, 2125.0], [13.139, 1969.0], [13.138, 2467.0], [13.137, 1461.0], [13.136, 923.0], [13.135, 1687.0], [13.134, 1353.0]], "asks": [[13.154, 243.0], [13.155, 492.0], [13.156, 898.0], [13.157, 1361.0], [13.158, 2996.0], [13.159, 2461.0], [13.16, 1893.0], [13.161, 2367.0], [13.162, 1244.0], [13.163, 929.0], [13.164, 1944.0], [13.165, 1318.0], [13.166, 2062.0], [13.167, 4321.0], [13.168, 909.0], [13.169, 676.0], [13.17, 696.0], [13.171, 1497.0], [13.172, 874.0], [13.173, 1889.0]], "timestamp": "2025-12-14T09:46:31.259658+00:00"}, {"symbol": "AVAXUSDT", "bids": [[13.156, 63.0], [13.155, 81.0], [13.154, 997.0], [13.153, 646.0], [13.152, 1208.0], [13.151, 2080.0], [13.15, 1137.0], [13.149, 791.0], [13.148, 1352.0], [13.147, 1241.0], [13.146, 2535.0], [13.145, 1574.0], [13.144, 1061.0], [13.143, 2023.0], [13.142, 1221.0], [13.141, 767.0], [13.14, 1744.0], [13.139, 2119.0], [13.138, 2998.0], [13.137, 4336.0]], "asks": [[13.157, 2191.0], [13.158, 2285.0], [13.159, 1776.0], [13.16, 675.0], [13.161, 1366.0], [13.162, 904.0], [13.163, 1207.0], [13.164, 1419.0], [13.165, 1043.0], [13.166, 2051.0], [13.167, 1951.0], [13.168, 773.0], [13.169, 987.0], [13.17, 4041.0], [13.171, 2856.0], [13.172, 682.0], [13.173, 1314.0], [13.174, 1150.0], [13.175, 1214.0], [13.176, 3263.0]], "timestamp": "2025-12-14T09:47:24.811509+00:00"}, {"symbol": "AVAXUSDT", "bids": [[13.153, 433.0], [13.152, 418.0], [13.151, 1043.0], [13.15, 1175.0], [13.149, 1079.0], [13.148, 1732.0], [13.147, 1434.0], [13.146, 1650.0], [13.145, 1252.0], [13.144, 1955.0], [13.143, 2194.0], [13.142, 1677.0], [13.141, 974.0], [13.14, 2122.0], [13.139, 1447.0], [13.138, 2986.0], [13.137, 2055.0], [13.136, 8154.0], [13.135, 1750.0], [13.134, 3700.0]], "asks": [[13.154, 346.0], [13.155, 430.0], [13.156, 919.0], [13.157, 850.0], [13.158, 2084.0], [13.159, 1380.0], [13.16, 1150.0], [13.161, 2470.0], [13.162, 1226.0], [13.163, 1099.0], [13.164, 1531.0], [13.165, 1263.0], [13.166, 3455.0], [13.167, 2298.0], [13.168, 2092.0], [13.169, 680.0], [13.17, 1714.0], [13.171, 1643.0], [13.172, 869.0], [13.173, 1228.0]], "timestamp": "2025-12-14T09:48:18.064145+00:00"}, {"symbol": "AVAXUSDT", "bids": [[13.156, 1244.0], [13.155, 920.0], [13.154, 1173.0], [13.153, 686.0], [13.152, 233.0], [13.151, 1130.0], [13.15, 1378.0], [13.149, 730.0], [13.148, 1685.0], [13.147, 1846.0], [13.146, 2791.0], [13.145, 1429.0], [13.144, 2384.0], [13.143, 1310.0], [13.142, 1475.0], [13.141, 794.0], [13.14, 1130.0], [13.139, 951.0], [13.138, 2421.0], [13.137, 2564.0]], "asks": [[13.157, 13.0], [13.158, 210.0], [13.159, 850.0], [13.16, 889.0], [13.161, 2602.0], [13.162, 1274.0], [13.163, 1101.0], [13.164, 1428.0], [13.165, 1375.0], [13.166, 1688.0], [13.167, 2204.0], [13.168, 857.0], [13.169, 1417.0], [13.17, 4340.0], [13.171, 1642.0], [13.172, 682.0], [13.173, 1268.0], [13.174, 1248.0], [13.175, 1477.0], [13.176, 5225.0]], "timestamp": "2025-12-14T09:49:10.801163+00:00"}, {"symbol": "AVAXUSDT", "bids": [[13.156, 499.0], [13.155, 892.0], [13.154, 875.0], [13.153, 883.0], [13.152, 734.0], [13.151, 1893.0], [13.15, 986.0], [13.149, 943.0], [13.148, 1550.0], [13.147, 2133.0], [13.146, 2593.0], [13.145, 2668.0], [13.144, 1166.0], [13.143, 1239.0], [13.142, 1075.0], [13.141, 792.0], [13.14, 1130.0], [13.139, 1810.0], [13.138, 2598.0], [13.137, 4344.0]], "asks": [[13.157, 486.0], [13.158, 417.0], [13.159, 915.0], [13.16, 954.0], [13.161, 1194.0], [13.162, 1095.0], [13.163, 1163.0], [13.164, 1418.0], [13.165, 1075.0], [13.166, 2322.0], [13.167, 2274.0], [13.168, 919.0], [13.169, 1281.0], [13.17, 3382.0], [13.171, 2208.0], [13.172, 1137.0], [13.173, 1721.0], [13.174, 1239.0], [13.175, 1216.0], [13.176, 2949.0]], "timestamp": "2025-12-14T09:50:03.909431+00:00"}, {"symbol": "AVAXUSDT", "bids": [[13.157, 587.0], [13.156, 614.0], [13.155, 976.0], [13.154, 1246.0], [13.153, 1057.0], [13.152, 958.0], [13.151, 1974.0], [13.15, 1039.0], [13.149, 1544.0], [13.148, 2338.0], [13.147, 1246.0], [13.146, 1454.0], [13.145, 1710.0], [13.144, 2815.0], [13.143, 1059.0], [13.142, 1074.0], [13.141, 585.0], [13.14, 1512.0], [13.139, 1056.0], [13.138, 2215.0]], "asks": [[13.158, 762.0], [13.159, 613.0], [13.16, 681.0], [13.161, 1407.0], [13.162, 1266.0], [13.163, 1164.0], [13.164, 1433.0], [13.165, 1460.0], [13.166, 2030.0], [13.167, 2271.0], [13.168, 705.0], [13.169, 1025.0], [13.17, 1811.0], [13.171, 4397.0], [13.172, 1137.0], [13.173, 1747.0], [13.174, 1225.0], [13.175, 1216.0], [13.176, 2750.0], [13.177, 1568.0]], "timestamp": "2025-12-14T09:50:57.400637+00:00"}, {"symbol": "AVAXUSDT", "bids": [[13.152, 1010.0], [13.151, 1040.0], [13.15, 963.0], [13.149, 660.0], [13.148, 1178.0], [13.147, 1249.0], [13.146, 1133.0], [13.145, 2198.0], [13.144, 1111.0], [13.143, 1272.0], [13.142, 2286.0], [13.141, 1249.0], [13.14, 2324.0], [13.139, 647.0], [13.138, 1593.0], [13.137, 1994.0], [13.136, 8907.0], [13.135, 1881.0], [13.134, 1203.0], [13.133, 3922.0]], "asks": [[13.153, 290.0], [13.154, 761.0], [13.155, 2136.0], [13.156, 1474.0], [13.157, 1325.0], [13.158, 1644.0], [13.159, 1150.0], [13.16, 1008.0], [13.161, 1847.0], [13.162, 1036.0], [13.163, 1118.0], [13.164, 1375.0], [13.165, 1348.0], [13.166, 4056.0], [13.167, 2665.0], [13.168, 701.0], [13.169, 1034.0], [13.17, 1548.0], [13.171, 2453.0], [13.172, 1025.0]], "timestamp": "2025-12-14T09:52:11.607054+00:00"}, {"symbol": "AVAXUSDT", "bids": [[13.153, 515.0], [13.152, 428.0], [13.151, 1213.0], [13.15, 998.0], [13.149, 1043.0], [13.148, 1750.0], [13.147, 1049.0], [13.146, 1495.0], [13.145, 2130.0], [13.144, 2223.0], [13.143, 964.0], [13.142, 2350.0], [13.141, 1610.0], [13.14, 1337.0], [13.139, 1341.0], [13.138, 1628.0], [13.137, 1995.0], [13.136, 8224.0], [13.135, 1700.0], [13.134, 1212.0]], "asks": [[13.154, 667.0], [13.155, 701.0], [13.156, 892.0], [13.157, 643.0], [13.158, 1347.0], [13.159, 749.0], [13.16, 1092.0], [13.161, 1753.0], [13.162, 1036.0], [13.163, 1300.0], [13.164, 1688.0], [13.165, 967.0], [13.166, 1721.0], [13.167, 4281.0], [13.168, 1652.0], [13.169, 1043.0], [13.17, 1547.0], [13.171, 2453.0], [13.172, 682.0], [13.173, 1278.0]], "timestamp": "2025-12-14T09:53:05.512023+00:00"}, {"symbol": "AVAXUSDT", "bids": [[13.156, 425.0], [13.155, 671.0], [13.154, 1642.0], [13.153, 569.0], [13.152, 995.0], [13.151, 1682.0], [13.15, 1715.0], [13.149, 796.0], [13.148, 1353.0], [13.147, 1534.0], [13.146, 2127.0], [13.145, 1366.0], [13.144, 2787.0], [13.143, 1176.0], [13.142, 1141.0], [13.141, 1726.0], [13.14, 1177.0], [13.139, 843.0], [13.138, 1629.0], [13.137, 2186.0]], "asks": [[13.157, 31.0], [13.158, 401.0], [13.159, 770.0], [13.16, 913.0], [13.161, 1578.0], [13.162, 906.0], [13.163, 1377.0], [13.164, 1403.0], [13.165, 912.0], [13.166, 1767.0], [13.167, 2172.0], [13.168, 731.0], [13.169, 3137.0], [13.17, 2711.0], [13.171, 2426.0], [13.172, 1145.0], [13.173, 1278.0], [13.174, 1239.0], [13.175, 1216.0], [13.176, 2967.0]], "timestamp": "2025-12-14T09:53:59.021060+00:00"}, {"symbol": "AVAXUSDT", "bids": [[13.153, 441.0], [13.152, 491.0], [13.151, 1090.0], [13.15, 849.0], [13.149, 901.0], [13.148, 1464.0], [13.147, 1465.0], [13.146, 1790.0], [13.145, 1318.0], [13.144, 2545.0], [13.143, 2708.0], [13.142, 1596.0], [13.141, 1301.0], [13.14, 1188.0], [13.139, 1059.0], [13.138, 2459.0], [13.137, 2033.0], [13.136, 8525.0], [13.135, 3594.0], [13.134, 1580.0]], "asks": [[13.154, 648.0], [13.155, 547.0], [13.156, 842.0], [13.157, 518.0], [13.158, 905.0], [13.159, 579.0], [13.16, 1651.0], [13.161, 1736.0], [13.162, 1030.0], [13.163, 915.0], [13.164, 1360.0], [13.165, 1327.0], [13.166, 4182.0], [13.167, 2143.0], [13.168, 732.0], [13.169, 1043.0], [13.17, 2049.0], [13.171, 2499.0], [13.172, 1272.0], [13.173, 1799.0]], "timestamp": "2025-12-14T09:54:52.313946+00:00"}, {"symbol": "AVAXUSDT", "bids": [[13.148, 486.0], [13.147, 336.0], [13.146, 878.0], [13.145, 1021.0], [13.144, 1366.0], [13.143, 1669.0], [13.142, 2190.0], [13.141, 2017.0], [13.14, 1323.0], [13.139, 1526.0], [13.138, 3169.0], [13.137, 1511.0], [13.136, 1372.0], [13.135, 2359.0], [13.134, 1021.0], [13.133, 1312.0], [13.132, 1988.0], [13.131, 4661.0], [13.13, 8202.0], [13.129, 796.0]], "asks": [[13.149, 408.0], [13.15, 632.0], [13.151, 706.0], [13.152, 1233.0], [13.153, 1159.0], [13.154, 1070.0], [13.155, 1483.0], [13.156, 1545.0], [13.157, 1080.0], [13.158, 1369.0], [13.159, 1007.0], [13.16, 3388.0], [13.161, 1167.0], [13.162, 976.0], [13.163, 682.0], [13.164, 2361.0], [13.165, 1468.0], [13.166, 1296.0], [13.167, 1598.0], [13.168, 853.0]], "timestamp": "2025-12-14T09:55:45.455682+00:00"}, {"symbol": "AVAXUSDT", "bids": [[13.151, 38.0], [13.15, 275.0], [13.149, 872.0], [13.148, 1226.0], [13.147, 1436.0], [13.146, 2515.0], [13.145, 1373.0], [13.144, 1222.0], [13.143, 1650.0], [13.142, 3561.0], [13.141, 2446.0], [13.14, 1632.0], [13.139, 848.0], [13.138, 2221.0], [13.137, 604.0], [13.136, 776.0], [13.135, 1193.0], [13.134, 767.0], [13.133, 1962.0], [13.132, 3312.0]], "asks": [[13.152, 1408.0], [13.153, 1402.0], [13.154, 895.0], [13.155, 377.0], [13.156, 571.0], [13.157, 1349.0], [13.158, 1523.0], [13.159, 935.0], [13.16, 1493.0], [13.161, 1324.0], [13.162, 2817.0], [13.163, 1155.0], [13.164, 1098.0], [13.165, 1103.0], [13.166, 2280.0], [13.167, 2053.0], [13.168, 461.0], [13.169, 665.0], [13.17, 1744.0], [13.171, 3454.0]], "timestamp": "2025-12-14T09:56:38.569172+00:00"}, {"symbol": "AVAXUSDT", "bids": [[13.15, 374.0], [13.149, 1023.0], [13.148, 947.0], [13.147, 1208.0], [13.146, 2484.0], [13.145, 1357.0], [13.144, 1055.0], [13.143, 1527.0], [13.142, 2298.0], [13.141, 1847.0], [13.14, 2430.0], [13.139, 1779.0], [13.138, 1791.0], [13.137, 604.0], [13.136, 775.0], [13.135, 1773.0], [13.134, 1132.0], [13.133, 1090.0], [13.132, 1407.0], [13.131, 4450.0]], "asks": [[13.151, 185.0], [13.152, 228.0], [13.153, 962.0], [13.154, 860.0], [13.155, 799.0], [13.156, 691.0], [13.157, 1127.0], [13.158, 1537.0], [13.159, 845.0], [13.16, 1482.0], [13.161, 1402.0], [13.162, 2485.0], [13.163, 1115.0], [13.164, 1098.0], [13.165, 929.0], [13.166, 2186.0], [13.167, 2335.0], [13.168, 460.0], [13.169, 666.0], [13.17, 1745.0]], "timestamp": "2025-12-14T09:57:31.790520+00:00"}, {"symbol": "AVAXUSDT", "bids": [[13.159, 646.0], [13.158, 502.0], [13.157, 1084.0], [13.156, 675.0], [13.155, 1198.0], [13.154, 1680.0], [13.153, 1370.0], [13.152, 1464.0], [13.151, 1981.0], [13.15, 1560.0], [13.149, 1982.0], [13.148, 1268.0], [13.147, 2021.0], [13.146, 2799.0], [13.145, 1069.0], [13.144, 870.0], [13.143, 1293.0], [13.142, 1949.0], [13.141, 1878.0], [13.14, 1711.0]], "asks": [[13.16, 455.0], [13.161, 506.0], [13.162, 911.0], [13.163, 672.0], [13.164, 1966.0], [13.165, 1412.0], [13.166, 1096.0], [13.167, 1837.0], [13.168, 896.0], [13.169, 1003.0], [13.17, 1936.0], [13.171, 1484.0], [13.172, 1801.0], [13.173, 4523.0], [13.174, 3876.0], [13.175, 693.0], [13.176, 1372.0], [13.177, 3724.0], [13.178, 800.0], [13.179, 850.0]], "timestamp": "2025-12-14T09:58:25.280257+00:00"}, {"symbol": "AVAXUSDT", "bids": [[13.154, 2001.0], [13.153, 1003.0], [13.152, 1342.0], [13.151, 474.0], [13.15, 373.0], [13.149, 994.0], [13.148, 1422.0], [13.147, 1025.0], [13.146, 1375.0], [13.145, 1566.0], [13.144, 1655.0], [13.143, 1772.0], [13.142, 1342.0], [13.141, 2040.0], [13.14, 1675.0], [13.139, 1543.0], [13.138, 1574.0], [13.137, 875.0], [13.136, 807.0], [13.135, 1564.0]], "asks": [[13.155, 33.0], [13.156, 26.0], [13.157, 864.0], [13.158, 1429.0], [13.159, 1560.0], [13.16, 2625.0], [13.161, 1677.0], [13.162, 1368.0], [13.163, 1440.0], [13.164, 1523.0], [13.165, 825.0], [13.166, 1269.0], [13.167, 2449.0], [13.168, 962.0], [13.169, 4051.0], [13.17, 1369.0], [13.171, 1560.0], [13.172, 1343.0], [13.173, 3674.0], [13.174, 1574.0]], "timestamp": "2025-12-14T09:59:18.206406+00:00"}, {"symbol": "AVAXUSDT", "bids": [[13.151, 234.0], [13.15, 557.0], [13.149, 877.0], [13.148, 2085.0], [13.147, 1542.0], [13.146, 1927.0], [13.145, 1288.0], [13.144, 1007.0], [13.143, 933.0], [13.142, 2060.0], [13.141, 1881.0], [13.14, 1522.0], [13.139, 1512.0], [13.138, 2697.0], [13.137, 1303.0], [13.136, 1246.0], [13.135, 2120.0], [13.134, 3993.0], [13.133, 1083.0], [13.132, 2210.0]], "asks": [[13.152, 693.0], [13.153, 1048.0], [13.154, 1455.0], [13.155, 865.0], [13.156, 723.0], [13.157, 986.0], [13.158, 1645.0], [13.159, 1328.0], [13.16, 1025.0], [13.161, 1812.0], [13.162, 1117.0], [13.163, 1365.0], [13.164, 2983.0], [13.165, 1086.0], [13.166, 2211.0], [13.167, 2304.0], [13.168, 482.0], [13.169, 841.0], [13.17, 1359.0], [13.171, 2213.0]], "timestamp": "2025-12-14T10:00:11.752968+00:00"}, {"symbol": "AVAXUSDT", "bids": [[13.146, 364.0], [13.145, 551.0], [13.144, 839.0], [13.143, 1043.0], [13.142, 850.0], [13.141, 1506.0], [13.14, 1238.0], [13.139, 1613.0], [13.138, 1449.0], [13.137, 1649.0], [13.136, 1818.0], [13.135, 2149.0], [13.134, 2302.0], [13.133, 1430.0], [13.132, 1872.0], [13.131, 3326.0], [13.13, 1858.0], [13.129, 1256.0], [13.128, 1187.0], [13.127, 2410.0]], "asks": [[13.147, 113.0], [13.148, 318.0], [13.149, 1229.0], [13.15, 2723.0], [13.151, 3851.0], [13.152, 273.0], [13.153, 1762.0], [13.154, 1880.0], [13.155, 1826.0], [13.156, 1777.0], [13.157, 723.0], [13.158, 1182.0], [13.159, 1005.0], [13.16, 1577.0], [13.161, 2025.0], [13.162, 4607.0], [13.163, 926.0], [13.164, 1069.0], [13.165, 760.0], [13.166, 1443.0]], "timestamp": "2025-12-14T10:01:05.242103+00:00"}, {"symbol": "AVAXUSDT", "bids": [[13.146, 79.0], [13.145, 222.0], [13.144, 1005.0], [13.143, 563.0], [13.142, 691.0], [13.141, 1549.0], [13.14, 1129.0], [13.139, 1657.0], [13.138, 1442.0], [13.137, 1554.0], [13.136, 2124.0], [13.135, 2547.0], [13.134, 1997.0], [13.133, 1124.0], [13.132, 1094.0], [13.131, 1446.0], [13.13, 2541.0], [13.129, 1622.0], [13.128, 1551.0], [13.127, 4735.0]], "asks": [[13.147, 743.0], [13.148, 916.0], [13.149, 1548.0], [13.15, 2489.0], [13.151, 3870.0], [13.152, 546.0], [13.153, 1599.0], [13.154, 1872.0], [13.155, 1875.0], [13.156, 1846.0], [13.157, 1000.0], [13.158, 1268.0], [13.159, 1669.0], [13.16, 4328.0], [13.161, 2144.0], [13.162, 1223.0], [13.163, 464.0], [13.164, 1068.0], [13.165, 666.0], [13.166, 1497.0]], "timestamp": "2025-12-14T10:01:59.164561+00:00"}, {"symbol": "AVAXUSDT", "bids": [[13.143, 151.0], [13.142, 774.0], [13.141, 1114.0], [13.14, 854.0], [13.139, 1715.0], [13.138, 1472.0], [13.137, 1552.0], [13.136, 1413.0], [13.135, 2139.0], [13.134, 1998.0], [13.133, 1764.0], [13.132, 1300.0], [13.131, 1668.0], [13.13, 1726.0], [13.129, 1756.0], [13.128, 1849.0], [13.127, 2452.0], [13.126, 8344.0], [13.125, 2582.0], [13.124, 5896.0]], "asks": [[13.144, 691.0], [13.145, 1531.0], [13.146, 1632.0], [13.147, 1206.0], [13.148, 789.0], [13.149, 1410.0], [13.15, 2978.0], [13.151, 4796.0], [13.152, 616.0], [13.153, 1486.0], [13.154, 1157.0], [13.155, 1405.0], [13.156, 1037.0], [13.157, 846.0], [13.158, 1500.0], [13.159, 4035.0], [13.16, 1829.0], [13.161, 1332.0], [13.162, 1321.0], [13.163, 907.0]], "timestamp": "2025-12-14T10:02:53.083063+00:00"}, {"symbol": "AVAXUSDT", "bids": [[13.144, 1077.0], [13.143, 1133.0], [13.142, 824.0], [13.141, 1017.0], [13.14, 769.0], [13.139, 1207.0], [13.138, 1836.0], [13.137, 1592.0], [13.136, 1867.0], [13.135, 2739.0], [13.134, 1921.0], [13.133, 1028.0], [13.132, 1855.0], [13.131, 1856.0], [13.13, 1742.0], [13.129, 1335.0], [13.128, 1578.0], [13.127, 2586.0], [13.126, 8469.0], [13.125, 2508.0]], "asks": [[13.145, 478.0], [13.146, 26.0], [13.147, 1052.0], [13.148, 1068.0], [13.149, 1717.0], [13.15, 2985.0], [13.151, 4803.0], [13.152, 562.0], [13.153, 1123.0], [13.154, 1270.0], [13.155, 1405.0], [13.156, 1891.0], [13.157, 814.0], [13.158, 1303.0], [13.159, 1649.0], [13.16, 1623.0], [13.161, 3436.0], [13.162, 869.0], [13.163, 1121.0], [13.164, 2206.0]], "timestamp": "2025-12-14T10:03:45.928631+00:00"}, {"symbol": "AVAXUSDT", "bids": [[13.145, 929.0], [13.144, 833.0], [13.143, 443.0], [13.142, 662.0], [13.141, 1312.0], [13.14, 1463.0], [13.139, 998.0], [13.138, 1172.0], [13.137, 1320.0], [13.136, 1587.0], [13.135, 1932.0], [13.134, 2583.0], [13.133, 1059.0], [13.132, 1245.0], [13.131, 1449.0], [13.13, 2455.0], [13.129, 1228.0], [13.128, 2183.0], [13.127, 9084.0], [13.126, 3876.0]], "asks": [[13.146, 928.0], [13.147, 1040.0], [13.148, 1311.0], [13.149, 919.0], [13.15, 999.0], [13.151, 1700.0], [13.152, 1692.0], [13.153, 2239.0], [13.154, 1140.0], [13.155, 1214.0], [13.156, 1133.0], [13.157, 1415.0], [13.158, 2014.0], [13.159, 2811.0], [13.16, 1311.0], [13.161, 1804.0], [13.162, 1421.0], [13.163, 550.0], [13.164, 1687.0], [13.165, 663.0]], "timestamp": "2025-12-14T10:04:39.113274+00:00"}, {"symbol": "AVAXUSDT", "bids": [[13.154, 472.0], [13.153, 1403.0], [13.152, 1260.0], [13.151, 1707.0], [13.15, 1615.0], [13.149, 1875.0], [13.148, 1546.0], [13.147, 2502.0], [13.146, 1715.0], [13.145, 1598.0], [13.144, 1642.0], [13.143, 3999.0], [13.142, 1647.0], [13.141, 1327.0], [13.14, 893.0], [13.139, 1350.0], [13.138, 1085.0], [13.137, 669.0], [13.136, 908.0], [13.135, 1615.0]], "asks": [[13.155, 140.0], [13.156, 232.0], [13.157, 530.0], [13.158, 780.0], [13.159, 751.0], [13.16, 1216.0], [13.161, 1175.0], [13.162, 1746.0], [13.163, 565.0], [13.164, 1251.0], [13.165, 1058.0], [13.166, 1375.0], [13.167, 2590.0], [13.168, 2925.0], [13.169, 1230.0], [13.17, 739.0], [13.171, 1986.0], [13.172, 835.0], [13.173, 1723.0], [13.174, 3431.0]], "timestamp": "2025-12-14T10:05:32.624204+00:00"}, {"symbol": "AVAXUSDT", "bids": [[13.163, 382.0], [13.162, 657.0], [13.161, 913.0], [13.16, 1529.0], [13.159, 1430.0], [13.158, 1737.0], [13.157, 1249.0], [13.156, 1631.0], [13.155, 2031.0], [13.154, 1334.0], [13.153, 1896.0], [13.152, 2753.0], [13.151, 740.0], [13.15, 1025.0], [13.149, 705.0], [13.148, 663.0], [13.147, 2301.0], [13.146, 3198.0], [13.145, 1049.0], [13.144, 1796.0]], "asks": [[13.164, 451.0], [13.165, 4772.0], [13.166, 889.0], [13.167, 739.0], [13.168, 1681.0], [13.169, 1899.0], [13.17, 1141.0], [13.171, 1392.0], [13.172, 1729.0], [13.173, 775.0], [13.174, 1237.0], [13.175, 1022.0], [13.176, 1934.0], [13.177, 3877.0], [13.178, 1796.0], [13.179, 1468.0], [13.18, 954.0], [13.181, 646.0], [13.182, 1040.0], [13.183, 1977.0]], "timestamp": "2025-12-14T10:06:26.167514+00:00"}, {"symbol": "AVAXUSDT", "bids": [[13.163, 863.0], [13.162, 805.0], [13.161, 1198.0], [13.16, 1291.0], [13.159, 2181.0], [13.158, 2079.0], [13.157, 1620.0], [13.156, 2033.0], [13.155, 2345.0], [13.154, 1805.0], [13.153, 3466.0], [13.152, 1224.0], [13.151, 1147.0], [13.15, 1020.0], [13.149, 706.0], [13.148, 1162.0], [13.147, 1802.0], [13.146, 3335.0], [13.145, 1798.0], [13.144, 1362.0]], "asks": [[13.164, 35.0], [13.165, 273.0], [13.166, 993.0], [13.167, 4477.0], [13.168, 783.0], [13.169, 636.0], [13.17, 1656.0], [13.171, 1702.0], [13.172, 1342.0], [13.173, 775.0], [13.174, 1131.0], [13.175, 797.0], [13.176, 1278.0], [13.177, 1550.0], [13.178, 1953.0], [13.179, 1394.0], [13.18, 3392.0], [13.181, 646.0], [13.182, 1009.0], [13.183, 1978.0]], "timestamp": "2025-12-14T10:07:19.306645+00:00"}, {"symbol": "AVAXUSDT", "bids": [[13.161, 445.0], [13.16, 250.0], [13.159, 1461.0], [13.158, 1951.0], [13.157, 1922.0], [13.156, 2344.0], [13.155, 2238.0], [13.154, 1500.0], [13.153, 1470.0], [13.152, 1276.0], [13.151, 1829.0], [13.15, 3259.0], [13.149, 946.0], [13.148, 810.0], [13.147, 1972.0], [13.146, 1023.0], [13.145, 1556.0], [13.144, 3626.0], [13.143, 1931.0], [13.142, 2826.0]], "asks": [[13.162, 264.0], [13.163, 893.0], [13.164, 4226.0], [13.165, 690.0], [13.166, 966.0], [13.167, 1269.0], [13.168, 1107.0], [13.169, 1099.0], [13.17, 1200.0], [13.171, 1584.0], [13.172, 1321.0], [13.173, 898.0], [13.174, 1734.0], [13.175, 1111.0], [13.176, 3711.0], [13.177, 3012.0], [13.178, 755.0], [13.179, 776.0], [13.18, 953.0], [13.181, 646.0]], "timestamp": "2025-12-14T10:08:12.267610+00:00"}, {"symbol": "AVAXUSDT", "bids": [[13.159, 1178.0], [13.158, 1122.0], [13.157, 1183.0], [13.156, 1047.0], [13.155, 851.0], [13.154, 901.0], [13.153, 2639.0], [13.152, 1494.0], [13.151, 1688.0], [13.15, 1623.0], [13.149, 1486.0], [13.148, 1508.0], [13.147, 2911.0], [13.146, 1336.0], [13.145, 2104.0], [13.144, 2328.0], [13.143, 1581.0], [13.142, 2963.0], [13.141, 1167.0], [13.14, 1192.0]], "asks": [[13.16, 6.0], [13.161, 204.0], [13.162, 608.0], [13.163, 1575.0], [13.164, 1539.0], [13.165, 1385.0], [13.166, 1532.0], [13.167, 1432.0], [13.168, 518.0], [13.169, 1508.0], [13.17, 1066.0], [13.171, 1336.0], [13.172, 1730.0], [13.173, 1061.0], [13.174, 3232.0], [13.175, 745.0], [13.176, 838.0], [13.177, 1602.0], [13.178, 4721.0], [13.179, 12613.0]], "timestamp": "2025-12-14T10:09:05.414091+00:00"}, {"symbol": "AVAXUSDT", "bids": [[13.157, 1290.0], [13.156, 1547.0], [13.155, 788.0], [13.154, 631.0], [13.153, 1430.0], [13.152, 1356.0], [13.151, 1537.0], [13.15, 1869.0], [13.149, 1683.0], [13.148, 1325.0], [13.147, 1832.0], [13.146, 2393.0], [13.145, 1379.0], [13.144, 1781.0], [13.143, 683.0], [13.142, 687.0], [13.141, 1240.0], [13.14, 1875.0], [13.139, 2427.0], [13.138, 9615.0]], "asks": [[13.158, 94.0], [13.159, 196.0], [13.16, 1192.0], [13.161, 727.0], [13.162, 1400.0], [13.163, 1951.0], [13.164, 1296.0], [13.165, 1296.0], [13.166, 1353.0], [13.167, 2092.0], [13.168, 1119.0], [13.169, 1166.0], [13.17, 1482.0], [13.171, 2182.0], [13.172, 1640.0], [13.173, 3070.0], [13.174, 1137.0], [13.175, 956.0], [13.176, 3025.0], [13.177, 1323.0]], "timestamp": "2025-12-14T10:09:58.432801+00:00"}, {"symbol": "AVAXUSDT", "bids": [[13.156, 465.0], [13.155, 909.0], [13.154, 611.0], [13.153, 1343.0], [13.152, 1035.0], [13.151, 1162.0], [13.15, 1862.0], [13.149, 1607.0], [13.148, 1296.0], [13.147, 2041.0], [13.146, 2395.0], [13.145, 1426.0], [13.144, 1447.0], [13.143, 1449.0], [13.142, 1225.0], [13.141, 1530.0], [13.14, 2122.0], [13.139, 2612.0], [13.138, 9606.0], [13.137, 3318.0]], "asks": [[13.157, 259.0], [13.158, 148.0], [13.159, 524.0], [13.16, 1743.0], [13.161, 1212.0], [13.162, 1330.0], [13.163, 1934.0], [13.164, 1281.0], [13.165, 1297.0], [13.166, 1537.0], [13.167, 2092.0], [13.168, 1150.0], [13.169, 1882.0], [13.17, 3647.0], [13.171, 1411.0], [13.172, 1260.0], [13.173, 1169.0], [13.174, 1137.0], [13.175, 795.0], [13.176, 3131.0]], "timestamp": "2025-12-14T10:10:51.809158+00:00"}, {"symbol": "AVAXUSDT", "bids": [[13.163, 1267.0], [13.162, 741.0], [13.161, 420.0], [13.16, 974.0], [13.159, 1760.0], [13.158, 1208.0], [13.157, 2170.0], [13.156, 1955.0], [13.155, 2039.0], [13.154, 1870.0], [13.153, 2429.0], [13.152, 2208.0], [13.151, 2473.0], [13.15, 1984.0], [13.149, 1517.0], [13.148, 781.0], [13.147, 1203.0], [13.146, 813.0], [13.145, 712.0], [13.144, 1085.0]], "asks": [[13.164, 78.0], [13.165, 3671.0], [13.166, 132.0], [13.167, 883.0], [13.168, 1359.0], [13.169, 1072.0], [13.17, 1015.0], [13.171, 1260.0], [13.172, 1358.0], [13.173, 1027.0], [13.174, 1734.0], [13.175, 974.0], [13.176, 1085.0], [13.177, 1788.0], [13.178, 2749.0], [13.179, 2494.0], [13.18, 1070.0], [13.181, 1122.0], [13.182, 3197.0], [13.183, 5282.0]], "timestamp": "2025-12-14T10:11:45.586160+00:00"}, {"symbol": "AVAXUSDT", "bids": [[13.156, 59.0], [13.155, 939.0], [13.154, 1553.0], [13.153, 1459.0], [13.152, 773.0], [13.151, 912.0], [13.15, 2070.0], [13.149, 1395.0], [13.148, 1539.0], [13.147, 1915.0], [13.146, 1672.0], [13.145, 1587.0], [13.144, 2645.0], [13.143, 1121.0], [13.142, 1879.0], [13.141, 1497.0], [13.14, 3433.0], [13.139, 1033.0], [13.138, 2209.0], [13.137, 2440.0]], "asks": [[13.157, 526.0], [13.158, 3426.0], [13.159, 781.0], [13.16, 758.0], [13.161, 1933.0], [13.162, 1242.0], [13.163, 1226.0], [13.164, 1701.0], [13.165, 509.0], [13.166, 1142.0], [13.167, 1170.0], [13.168, 1054.0], [13.169, 949.0], [13.17, 1624.0], [13.171, 4315.0], [13.172, 1607.0], [13.173, 852.0], [13.174, 1252.0], [13.175, 916.0], [13.176, 2841.0]], "timestamp": "2025-12-14T10:12:38.840041+00:00"}, {"symbol": "AVAXUSDT", "bids": [[13.135, 657.0], [13.134, 694.0], [13.133, 1361.0], [13.132, 604.0], [13.131, 1311.0], [13.13, 1832.0], [13.129, 1280.0], [13.128, 856.0], [13.127, 2121.0], [13.126, 1133.0], [13.125, 1145.0], [13.124, 1622.0], [13.123, 2735.0], [13.122, 1272.0], [13.121, 2166.0], [13.12, 2030.0], [13.119, 3195.0], [13.118, 1285.0], [13.117, 1014.0], [13.116, 1235.0]], "asks": [[13.136, 14.0], [13.137, 59.0], [13.138, 123.0], [13.139, 811.0], [13.14, 875.0], [13.141, 2555.0], [13.142, 2030.0], [13.143, 1179.0], [13.144, 1803.0], [13.145, 1090.0], [13.146, 946.0], [13.147, 1691.0], [13.148, 1000.0], [13.149, 1304.0], [13.15, 4133.0], [13.151, 1204.0], [13.152, 716.0], [13.153, 1241.0], [13.154, 1746.0], [13.155, 1282.0]], "timestamp": "2025-12-14T10:13:32.066977+00:00"}, {"symbol": "AVAXUSDT", "bids": [[13.108, 422.0], [13.107, 474.0], [13.106, 5170.0], [13.105, 755.0], [13.104, 582.0], [13.103, 1635.0], [13.102, 6392.0], [13.101, 892.0], [13.1, 1149.0], [13.099, 1003.0], [13.098, 1224.0], [13.097, 653.0], [13.096, 1334.0], [13.095, 843.0], [13.094, 569.0], [13.093, 937.0], [13.092, 2351.0], [13.091, 2364.0], [13.09, 2006.0], [13.089, 1336.0]], "asks": [[13.109, 246.0], [13.11, 109.0], [13.111, 641.0], [13.112, 640.0], [13.113, 1069.0], [13.114, 931.0], [13.115, 1720.0], [13.116, 1157.0], [13.117, 1472.0], [13.118, 1843.0], [13.119, 1264.0], [13.12, 2633.0], [13.121, 1331.0], [13.122, 1748.0], [13.123, 1476.0], [13.124, 1196.0], [13.125, 1860.0], [13.126, 839.0], [13.127, 1225.0], [13.128, 3020.0]], "timestamp": "2025-12-14T10:14:25.417996+00:00"}, {"symbol": "AVAXUSDT", "bids": [[13.122, 1245.0], [13.121, 1648.0], [13.12, 1528.0], [13.119, 746.0], [13.118, 1153.0], [13.117, 1116.0], [13.116, 1037.0], [13.115, 1058.0], [13.114, 1313.0], [13.113, 1789.0], [13.112, 1914.0], [13.111, 1073.0], [13.11, 1317.0], [13.109, 1198.0], [13.108, 1087.0], [13.107, 1526.0], [13.106, 1090.0], [13.105, 2921.0], [13.104, 1264.0], [13.103, 2050.0]], "asks": [[13.123, 60.0], [13.124, 172.0], [13.125, 781.0], [13.126, 37.0], [13.127, 514.0], [13.128, 1050.0], [13.129, 1577.0], [13.13, 884.0], [13.131, 1294.0], [13.132, 1037.0], [13.133, 962.0], [13.134, 1511.0], [13.135, 2147.0], [13.136, 922.0], [13.137, 730.0], [13.138, 1613.0], [13.139, 3250.0], [13.14, 836.0], [13.141, 1201.0], [13.142, 875.0]], "timestamp": "2025-12-14T10:15:18.215860+00:00"}, {"symbol": "AVAXUSDT", "bids": [[13.108, 229.0], [13.107, 63.0], [13.106, 92.0], [13.105, 436.0], [13.104, 1135.0], [13.103, 1337.0], [13.102, 807.0], [13.101, 785.0], [13.1, 870.0], [13.099, 1202.0], [13.098, 624.0], [13.097, 1055.0], [13.096, 3104.0], [13.095, 1539.0], [13.094, 2850.0], [13.093, 1069.0], [13.092, 1422.0], [13.091, 1346.0], [13.09, 1712.0], [13.089, 2016.0]], "asks": [[13.109, 522.0], [13.11, 4998.0], [13.111, 527.0], [13.112, 705.0], [13.113, 697.0], [13.114, 1048.0], [13.115, 3251.0], [13.116, 1546.0], [13.117, 1504.0], [13.118, 1762.0], [13.119, 2385.0], [13.12, 1323.0], [13.121, 874.0], [13.122, 1120.0], [13.123, 1717.0], [13.124, 1516.0], [13.125, 947.0], [13.126, 2402.0], [13.127, 827.0], [13.128, 763.0]], "timestamp": "2025-12-14T10:16:12.324849+00:00"}, {"symbol": "AVAXUSDT", "bids": [[13.116, 160.0], [13.115, 72.0], [13.114, 379.0], [13.113, 483.0], [13.112, 1120.0], [13.111, 729.0], [13.11, 1008.0], [13.109, 1320.0], [13.108, 1353.0], [13.107, 1026.0], [13.106, 3245.0], [13.105, 1525.0], [13.104, 1281.0], [13.103, 3559.0], [13.102, 672.0], [13.101, 1055.0], [13.1, 1699.0], [13.099, 1300.0], [13.098, 565.0], [13.097, 879.0]], "asks": [[13.117, 406.0], [13.118, 1016.0], [13.119, 1181.0], [13.12, 913.0], [13.121, 838.0], [13.122, 2107.0], [13.123, 1343.0], [13.124, 1515.0], [13.125, 1850.0], [13.126, 1127.0], [13.127, 1256.0], [13.128, 1302.0], [13.129, 1397.0], [13.13, 3700.0], [13.131, 1217.0], [13.132, 995.0], [13.133, 727.0], [13.134, 1053.0], [13.135, 582.0], [13.136, 728.0]], "timestamp": "2025-12-14T10:17:05.393607+00:00"}, {"symbol": "AVAXUSDT", "bids": [[13.108, 28.0], [13.107, 202.0], [13.106, 405.0], [13.105, 402.0], [13.104, 688.0], [13.103, 1112.0], [13.102, 1413.0], [13.101, 588.0], [13.1, 915.0], [13.099, 1052.0], [13.098, 1235.0], [13.097, 1737.0], [13.096, 3915.0], [13.095, 3684.0], [13.094, 1043.0], [13.093, 865.0], [13.092, 1055.0], [13.091, 2311.0], [13.09, 2101.0], [13.089, 1331.0]], "asks": [[13.109, 851.0], [13.11, 861.0], [13.111, 1260.0], [13.112, 761.0], [13.113, 1361.0], [13.114, 2267.0], [13.115, 3304.0], [13.116, 1950.0], [13.117, 1174.0], [13.118, 1168.0], [13.119, 1157.0], [13.12, 1179.0], [13.121, 1043.0], [13.122, 2051.0], [13.123, 673.0], [13.124, 3013.0], [13.125, 918.0], [13.126, 1233.0], [13.127, 848.0], [13.128, 537.0]], "timestamp": "2025-12-14T10:17:58.496865+00:00"}, {"symbol": "AVAXUSDT", "bids": [[13.118, 375.0], [13.117, 526.0], [13.116, 546.0], [13.115, 1109.0], [13.114, 612.0], [13.113, 1173.0], [13.112, 915.0], [13.111, 810.0], [13.11, 782.0], [13.109, 1484.0], [13.108, 2970.0], [13.107, 1128.0], [13.106, 1096.0], [13.105, 1397.0], [13.104, 2347.0], [13.103, 3280.0], [13.102, 1371.0], [13.101, 1433.0], [13.1, 2881.0], [13.099, 801.0]], "asks": [[13.119, 1.0], [13.12, 434.0], [13.121, 468.0], [13.122, 776.0], [13.123, 816.0], [13.124, 790.0], [13.125, 1942.0], [13.126, 1622.0], [13.127, 1633.0], [13.128, 879.0], [13.129, 1275.0], [13.13, 1402.0], [13.131, 1293.0], [13.132, 1650.0], [13.133, 2757.0], [13.134, 1556.0], [13.135, 1419.0], [13.136, 1620.0], [13.137, 749.0], [13.138, 949.0]], "timestamp": "2025-12-14T10:18:51.764519+00:00"}, {"symbol": "AVAXUSDT", "bids": [[13.118, 147.0], [13.117, 821.0], [13.116, 791.0], [13.115, 1257.0], [13.114, 1164.0], [13.113, 1465.0], [13.112, 1339.0], [13.111, 1064.0], [13.11, 1387.0], [13.109, 1613.0], [13.108, 1491.0], [13.107, 3195.0], [13.106, 1104.0], [13.105, 1065.0], [13.104, 2736.0], [13.103, 2137.0], [13.102, 3346.0], [13.101, 812.0], [13.1, 1394.0], [13.099, 1413.0]], "asks": [[13.119, 85.0], [13.12, 116.0], [13.121, 789.0], [13.122, 808.0], [13.123, 676.0], [13.124, 1641.0], [13.125, 927.0], [13.126, 1532.0], [13.127, 2066.0], [13.128, 607.0], [13.129, 1059.0], [13.13, 1199.0], [13.131, 1052.0], [13.132, 1522.0], [13.133, 2630.0], [13.134, 1688.0], [13.135, 831.0], [13.136, 861.0], [13.137, 1194.0], [13.138, 2098.0]], "timestamp": "2025-12-14T10:19:44.728819+00:00"}, {"symbol": "AVAXUSDT", "bids": [[13.121, 477.0], [13.12, 936.0], [13.119, 1137.0], [13.118, 926.0], [13.117, 2057.0], [13.116, 1622.0], [13.115, 1505.0], [13.114, 1185.0], [13.113, 799.0], [13.112, 600.0], [13.111, 1299.0], [13.11, 1395.0], [13.109, 2086.0], [13.108, 851.0], [13.107, 798.0], [13.106, 2125.0], [13.105, 3467.0], [13.104, 1644.0], [13.103, 596.0], [13.102, 803.0]], "asks": [[13.122, 1.0], [13.123, 605.0], [13.124, 773.0], [13.125, 579.0], [13.126, 758.0], [13.127, 735.0], [13.128, 1542.0], [13.129, 953.0], [13.13, 957.0], [13.131, 1030.0], [13.132, 1488.0], [13.133, 972.0], [13.134, 1311.0], [13.135, 2870.0], [13.136, 2255.0], [13.137, 770.0], [13.138, 1413.0], [13.139, 1120.0], [13.14, 1132.0], [13.141, 3180.0]], "timestamp": "2025-12-14T10:20:37.647156+00:00"}, {"symbol": "AVAXUSDT", "bids": [[13.133, 53.0], [13.132, 628.0], [13.131, 695.0], [13.13, 1115.0], [13.129, 568.0], [13.128, 810.0], [13.127, 1157.0], [13.126, 1379.0], [13.125, 752.0], [13.124, 1595.0], [13.123, 3430.0], [13.122, 2419.0], [13.121, 696.0], [13.12, 1114.0], [13.119, 2202.0], [13.118, 2106.0], [13.117, 767.0], [13.116, 633.0], [13.115, 1096.0], [13.114, 1409.0]], "asks": [[13.134, 262.0], [13.135, 589.0], [13.136, 598.0], [13.137, 1251.0], [13.138, 1435.0], [13.139, 909.0], [13.14, 634.0], [13.141, 965.0], [13.142, 1000.0], [13.143, 1191.0], [13.144, 1619.0], [13.145, 1511.0], [13.146, 2240.0], [13.147, 2146.0], [13.148, 3589.0], [13.149, 971.0], [13.15, 746.0], [13.151, 782.0], [13.152, 769.0], [13.153, 2154.0]], "timestamp": "2025-12-14T10:21:30.997855+00:00"}, {"symbol": "AVAXUSDT", "bids": [[13.141, 460.0], [13.14, 761.0], [13.139, 463.0], [13.138, 513.0], [13.137, 1206.0], [13.136, 1137.0], [13.135, 916.0], [13.134, 995.0], [13.133, 1442.0], [13.132, 1394.0], [13.131, 673.0], [13.13, 700.0], [13.129, 1038.0], [13.128, 1477.0], [13.127, 2376.0], [13.126, 1637.0], [13.125, 720.0], [13.124, 1432.0], [13.123, 2456.0], [13.122, 1063.0]], "asks": [[13.142, 4.0], [13.143, 1337.0], [13.144, 4650.0], [13.145, 1001.0], [13.146, 1232.0], [13.147, 1391.0], [13.148, 596.0], [13.149, 1350.0], [13.15, 1552.0], [13.151, 930.0], [13.152, 801.0], [13.153, 746.0], [13.154, 916.0], [13.155, 1866.0], [13.156, 2851.0], [13.157, 860.0], [13.158, 1154.0], [13.159, 1235.0], [13.16, 2394.0], [13.161, 16861.0]], "timestamp": "2025-12-14T10:22:24.722162+00:00"}, {"symbol": "AVAXUSDT", "bids": [[13.136, 658.0], [13.135, 624.0], [13.134, 647.0], [13.133, 854.0], [13.132, 789.0], [13.131, 1089.0], [13.13, 1218.0], [13.129, 1598.0], [13.128, 723.0], [13.127, 1171.0], [13.126, 1598.0], [13.125, 1748.0], [13.124, 1600.0], [13.123, 3487.0], [13.122, 1509.0], [13.121, 1402.0], [13.12, 1028.0], [13.119, 456.0], [13.118, 1142.0], [13.117, 710.0]], "asks": [[13.137, 272.0], [13.138, 488.0], [13.139, 1236.0], [13.14, 4423.0], [13.141, 1172.0], [13.142, 898.0], [13.143, 1807.0], [13.144, 892.0], [13.145, 1047.0], [13.146, 1115.0], [13.147, 547.0], [13.148, 1005.0], [13.149, 2121.0], [13.15, 3235.0], [13.151, 611.0], [13.152, 693.0], [13.153, 1282.0], [13.154, 755.0], [13.155, 868.0], [13.156, 2646.0]], "timestamp": "2025-12-14T10:23:17.802079+00:00"}, {"symbol": "AVAXUSDT", "bids": [[13.146, 408.0], [13.145, 646.0], [13.144, 873.0], [13.143, 607.0], [13.142, 730.0], [13.141, 931.0], [13.14, 1597.0], [13.139, 1610.0], [13.138, 1404.0], [13.137, 2212.0], [13.136, 1847.0], [13.135, 1376.0], [13.134, 1965.0], [13.133, 1752.0], [13.132, 2419.0], [13.131, 638.0], [13.13, 988.0], [13.129, 756.0], [13.128, 918.0], [13.127, 1006.0]], "asks": [[13.147, 158.0], [13.148, 4644.0], [13.149, 134.0], [13.15, 791.0], [13.151, 791.0], [13.152, 1125.0], [13.153, 2464.0], [13.154, 911.0], [13.155, 1222.0], [13.156, 1243.0], [13.157, 775.0], [13.158, 1157.0], [13.159, 1092.0], [13.16, 1417.0], [13.161, 3330.0], [13.162, 1195.0], [13.163, 1047.0], [13.164, 1871.0], [13.165, 2040.0], [13.166, 1576.0]], "timestamp": "2025-12-14T10:24:11.050964+00:00"}, {"symbol": "AVAXUSDT", "bids": [[13.163, 557.0], [13.162, 976.0], [13.161, 661.0], [13.16, 862.0], [13.159, 1130.0], [13.158, 1767.0], [13.157, 1422.0], [13.156, 1884.0], [13.155, 1402.0], [13.154, 794.0], [13.153, 2267.0], [13.152, 892.0], [13.151, 986.0], [13.15, 956.0], [13.149, 838.0], [13.148, 1377.0], [13.147, 2103.0], [13.146, 1497.0], [13.145, 1389.0], [13.144, 1533.0]], "asks": [[13.164, 28.0], [13.165, 4.0], [13.166, 5342.0], [13.167, 249.0], [13.168, 318.0], [13.169, 1451.0], [13.17, 1109.0], [13.171, 1094.0], [13.172, 698.0], [13.173, 951.0], [13.174, 664.0], [13.175, 915.0], [13.176, 1380.0], [13.177, 1108.0], [13.178, 1178.0], [13.179, 3089.0], [13.18, 2232.0], [13.181, 749.0], [13.182, 935.0], [13.183, 1392.0]], "timestamp": "2025-12-14T10:25:03.731865+00:00"}, {"symbol": "AVAXUSDT", "bids": [[13.168, 14.0], [13.167, 28.0], [13.166, 338.0], [13.165, 625.0], [13.164, 745.0], [13.163, 941.0], [13.162, 1225.0], [13.161, 1176.0], [13.16, 1201.0], [13.159, 1691.0], [13.158, 983.0], [13.157, 1091.0], [13.156, 2711.0], [13.155, 1264.0], [13.154, 1222.0], [13.153, 2081.0], [13.152, 784.0], [13.151, 1276.0], [13.15, 1136.0], [13.149, 1839.0]], "asks": [[13.169, 725.0], [13.17, 1270.0], [13.171, 1699.0], [13.172, 5438.0], [13.173, 1076.0], [13.174, 1292.0], [13.175, 1012.0], [13.176, 1375.0], [13.177, 1362.0], [13.178, 640.0], [13.179, 1165.0], [13.18, 794.0], [13.181, 1631.0], [13.182, 3838.0], [13.183, 1075.0], [13.184, 1732.0], [13.185, 845.0], [13.186, 541.0], [13.187, 436.0], [13.188, 2387.0]], "timestamp": "2025-12-14T10:25:57.558380+00:00"}, {"symbol": "AVAXUSDT", "bids": [[13.171, 659.0], [13.17, 682.0], [13.169, 918.0], [13.168, 1047.0], [13.167, 900.0], [13.166, 927.0], [13.165, 1865.0], [13.164, 2838.0], [13.163, 1874.0], [13.162, 1122.0], [13.161, 974.0], [13.16, 2077.0], [13.159, 1561.0], [13.158, 1130.0], [13.157, 2343.0], [13.156, 1229.0], [13.155, 1662.0], [13.154, 715.0], [13.153, 1266.0], [13.152, 2807.0]], "asks": [[13.172, 941.0], [13.173, 173.0], [13.174, 608.0], [13.175, 405.0], [13.176, 971.0], [13.177, 1749.0], [13.178, 801.0], [13.179, 518.0], [13.18, 630.0], [13.181, 977.0], [13.182, 1090.0], [13.183, 1249.0], [13.184, 1471.0], [13.185, 1859.0], [13.186, 3016.0], [13.187, 1132.0], [13.188, 833.0], [13.189, 928.0], [13.19, 1286.0], [13.191, 1918.0]], "timestamp": "2025-12-14T10:26:50.797054+00:00"}, {"symbol": "AVAXUSDT", "bids": [[13.173, 41.0], [13.172, 236.0], [13.171, 439.0], [13.17, 995.0], [13.169, 957.0], [13.168, 1774.0], [13.167, 770.0], [13.166, 1384.0], [13.165, 859.0], [13.164, 1356.0], [13.163, 1516.0], [13.162, 1102.0], [13.161, 1325.0], [13.16, 1409.0], [13.159, 2856.0], [13.158, 821.0], [13.157, 1072.0], [13.156, 2240.0], [13.155, 920.0], [13.154, 938.0]], "asks": [[13.174, 457.0], [13.175, 2151.0], [13.176, 5705.0], [13.177, 1382.0], [13.178, 1421.0], [13.179, 1302.0], [13.18, 1007.0], [13.181, 858.0], [13.182, 1224.0], [13.183, 1286.0], [13.184, 800.0], [13.185, 943.0], [13.186, 996.0], [13.187, 911.0], [13.188, 2225.0], [13.189, 3394.0], [13.19, 792.0], [13.191, 835.0], [13.192, 1799.0], [13.193, 1342.0]], "timestamp": "2025-12-14T10:27:43.943017+00:00"}, {"symbol": "AVAXUSDT", "bids": [[13.168, 3.0], [13.167, 754.0], [13.166, 406.0], [13.165, 625.0], [13.164, 1007.0], [13.163, 933.0], [13.162, 1269.0], [13.161, 1965.0], [13.16, 919.0], [13.159, 972.0], [13.158, 1520.0], [13.157, 1564.0], [13.156, 2758.0], [13.155, 1979.0], [13.154, 806.0], [13.153, 1109.0], [13.152, 1342.0], [13.151, 1276.0], [13.15, 1947.0], [13.149, 1512.0]], "asks": [[13.169, 4699.0], [13.17, 794.0], [13.171, 703.0], [13.172, 915.0], [13.173, 1462.0], [13.174, 490.0], [13.175, 861.0], [13.176, 1934.0], [13.177, 1414.0], [13.178, 1198.0], [13.179, 797.0], [13.18, 803.0], [13.181, 1054.0], [13.182, 1268.0], [13.183, 2966.0], [13.184, 1480.0], [13.185, 687.0], [13.186, 590.0], [13.187, 876.0], [13.188, 3160.0]], "timestamp": "2025-12-14T10:28:37.541286+00:00"}, {"symbol": "AVAXUSDT", "bids": [[13.16, 172.0], [13.159, 408.0], [13.158, 230.0], [13.157, 788.0], [13.156, 2295.0], [13.155, 746.0], [13.154, 510.0], [13.153, 669.0], [13.152, 971.0], [13.151, 1370.0], [13.15, 1995.0], [13.149, 1760.0], [13.148, 2036.0], [13.147, 2890.0], [13.146, 873.0], [13.145, 545.0], [13.144, 1398.0], [13.143, 1041.0], [13.142, 966.0], [13.141, 1383.0]], "asks": [[13.161, 516.0], [13.162, 1264.0], [13.163, 4803.0], [13.164, 839.0], [13.165, 1401.0], [13.166, 1350.0], [13.167, 1972.0], [13.168, 971.0], [13.169, 1004.0], [13.17, 1062.0], [13.171, 514.0], [13.172, 1436.0], [13.173, 584.0], [13.174, 1107.0], [13.175, 3558.0], [13.176, 1380.0], [13.177, 912.0], [13.178, 915.0], [13.179, 1341.0], [13.18, 2062.0]], "timestamp": "2025-12-14T10:29:31.055100+00:00"}, {"symbol": "AVAXUSDT", "bids": [[13.153, 500.0], [13.152, 912.0], [13.151, 862.0], [13.15, 915.0], [13.149, 814.0], [13.148, 897.0], [13.147, 1305.0], [13.146, 1766.0], [13.145, 1169.0], [13.144, 1017.0], [13.143, 978.0], [13.142, 1618.0], [13.141, 1784.0], [13.14, 995.0], [13.139, 1872.0], [13.138, 1873.0], [13.137, 1529.0], [13.136, 1427.0], [13.135, 3259.0], [13.134, 1797.0]], "asks": [[13.154, 35.0], [13.155, 281.0], [13.156, 780.0], [13.157, 1389.0], [13.158, 1878.0], [13.159, 814.0], [13.16, 871.0], [13.161, 804.0], [13.162, 1358.0], [13.163, 805.0], [13.164, 1246.0], [13.165, 1109.0], [13.166, 2128.0], [13.167, 2535.0], [13.168, 1636.0], [13.169, 1441.0], [13.17, 905.0], [13.171, 954.0], [13.172, 2025.0], [13.173, 819.0]], "timestamp": "2025-12-14T10:30:24.607231+00:00"}, {"symbol": "AVAXUSDT", "bids": [[13.145, 231.0], [13.144, 238.0], [13.143, 427.0], [13.142, 1075.0], [13.141, 998.0], [13.14, 1730.0], [13.139, 759.0], [13.138, 1453.0], [13.137, 1079.0], [13.136, 1188.0], [13.135, 1253.0], [13.134, 1078.0], [13.133, 1912.0], [13.132, 2940.0], [13.131, 2993.0], [13.13, 734.0], [13.129, 1210.0], [13.128, 1275.0], [13.127, 910.0], [13.126, 1171.0]], "asks": [[13.146, 468.0], [13.147, 323.0], [13.148, 913.0], [13.149, 1086.0], [13.15, 1988.0], [13.151, 1995.0], [13.152, 1487.0], [13.153, 471.0], [13.154, 807.0], [13.155, 1227.0], [13.156, 1478.0], [13.157, 2393.0], [13.158, 1976.0], [13.159, 2862.0], [13.16, 1883.0], [13.161, 955.0], [13.162, 832.0], [13.163, 1035.0], [13.164, 1152.0], [13.165, 2503.0]], "timestamp": "2025-12-14T10:31:17.724102+00:00"}, {"symbol": "AVAXUSDT", "bids": [[13.132, 91.0], [13.131, 72.0], [13.13, 484.0], [13.129, 1016.0], [13.128, 916.0], [13.127, 562.0], [13.126, 1004.0], [13.125, 1309.0], [13.124, 940.0], [13.123, 1354.0], [13.122, 672.0], [13.121, 1283.0], [13.12, 1856.0], [13.119, 2317.0], [13.118, 1638.0], [13.117, 1597.0], [13.116, 1242.0], [13.115, 1351.0], [13.114, 1497.0], [13.113, 3945.0]], "asks": [[13.133, 681.0], [13.134, 505.0], [13.135, 730.0], [13.136, 886.0], [13.137, 1726.0], [13.138, 826.0], [13.139, 1293.0], [13.14, 805.0], [13.141, 1071.0], [13.142, 1375.0], [13.143, 1611.0], [13.144, 3595.0], [13.145, 704.0], [13.146, 1112.0], [13.147, 1005.0], [13.148, 797.0], [13.149, 948.0], [13.15, 1450.0], [13.151, 2873.0], [13.152, 1767.0]], "timestamp": "2025-12-14T10:32:11.033701+00:00"}, {"symbol": "AVAXUSDT", "bids": [[13.134, 149.0], [13.133, 47.0], [13.132, 316.0], [13.131, 801.0], [13.13, 951.0], [13.129, 1466.0], [13.128, 950.0], [13.127, 616.0], [13.126, 1111.0], [13.125, 950.0], [13.124, 635.0], [13.123, 1505.0], [13.122, 645.0], [13.121, 1348.0], [13.12, 2222.0], [13.119, 1061.0], [13.118, 1173.0], [13.117, 1201.0], [13.116, 1211.0], [13.115, 1177.0]], "asks": [[13.135, 388.0], [13.136, 926.0], [13.137, 700.0], [13.138, 1044.0], [13.139, 878.0], [13.14, 1340.0], [13.141, 2630.0], [13.142, 935.0], [13.143, 1392.0], [13.144, 2082.0], [13.145, 1382.0], [13.146, 2934.0], [13.147, 1130.0], [13.148, 637.0], [13.149, 1017.0], [13.15, 1791.0], [13.151, 431.0], [13.152, 543.0], [13.153, 947.0], [13.154, 1064.0]], "timestamp": "2025-12-14T10:33:03.978490+00:00"}, {"symbol": "AVAXUSDT", "bids": [[13.152, 1324.0], [13.151, 1736.0], [13.15, 1078.0], [13.149, 1111.0], [13.148, 926.0], [13.147, 1209.0], [13.146, 1708.0], [13.145, 1758.0], [13.144, 2232.0], [13.143, 1468.0], [13.142, 1780.0], [13.141, 1726.0], [13.14, 1370.0], [13.139, 2010.0], [13.138, 1179.0], [13.137, 688.0], [13.136, 1152.0], [13.135, 1766.0], [13.134, 521.0], [13.133, 1130.0]], "asks": [[13.153, 4.0], [13.154, 35.0], [13.155, 141.0], [13.156, 423.0], [13.157, 670.0], [13.158, 1721.0], [13.159, 847.0], [13.16, 1461.0], [13.161, 494.0], [13.162, 623.0], [13.163, 890.0], [13.164, 1533.0], [13.165, 2046.0], [13.166, 1987.0], [13.167, 467.0], [13.168, 1536.0], [13.169, 3437.0], [13.17, 1133.0], [13.171, 458.0], [13.172, 1851.0]], "timestamp": "2025-12-14T10:33:57.605727+00:00"}, {"symbol": "AVAXUSDT", "bids": [[13.159, 815.0], [13.158, 929.0], [13.157, 933.0], [13.156, 577.0], [13.155, 803.0], [13.154, 1090.0], [13.153, 774.0], [13.152, 1452.0], [13.151, 1457.0], [13.15, 2721.0], [13.149, 761.0], [13.148, 867.0], [13.147, 1136.0], [13.146, 2439.0], [13.145, 3101.0], [13.144, 2716.0], [13.143, 1400.0], [13.142, 895.0], [13.141, 624.0], [13.14, 873.0]], "asks": [[13.16, 138.0], [13.161, 58.0], [13.162, 431.0], [13.163, 782.0], [13.164, 1530.0], [13.165, 1325.0], [13.166, 1754.0], [13.167, 805.0], [13.168, 623.0], [13.169, 1064.0], [13.17, 1081.0], [13.171, 2980.0], [13.172, 816.0], [13.173, 840.0], [13.174, 665.0], [13.175, 833.0], [13.176, 944.0], [13.177, 1040.0], [13.178, 3479.0], [13.179, 1162.0]], "timestamp": "2025-12-14T10:34:50.879420+00:00"}, {"symbol": "AVAXUSDT", "bids": [[13.16, 190.0], [13.159, 609.0], [13.158, 1111.0], [13.157, 1067.0], [13.156, 970.0], [13.155, 1176.0], [13.154, 902.0], [13.153, 1751.0], [13.152, 833.0], [13.151, 1135.0], [13.15, 1337.0], [13.149, 1012.0], [13.148, 2743.0], [13.147, 1789.0], [13.146, 1523.0], [13.145, 1968.0], [13.144, 1693.0], [13.143, 1659.0], [13.142, 618.0], [13.141, 1600.0]], "asks": [[13.161, 195.0], [13.162, 590.0], [13.163, 563.0], [13.164, 793.0], [13.165, 1686.0], [13.166, 1180.0], [13.167, 583.0], [13.168, 832.0], [13.169, 1021.0], [13.17, 844.0], [13.171, 2025.0], [13.172, 933.0], [13.173, 1044.0], [13.174, 1237.0], [13.175, 1711.0], [13.176, 1523.0], [13.177, 1024.0], [13.178, 3089.0], [13.179, 789.0], [13.18, 1699.0]], "timestamp": "2025-12-14T10:35:43.898297+00:00"}, {"symbol": "AVAXUSDT", "bids": [[13.153, 255.0], [13.152, 253.0], [13.151, 278.0], [13.15, 442.0], [13.149, 654.0], [13.148, 972.0], [13.147, 1225.0], [13.146, 1932.0], [13.145, 1821.0], [13.144, 1593.0], [13.143, 1526.0], [13.142, 1136.0], [13.141, 2752.0], [13.14, 2648.0], [13.139, 3317.0], [13.138, 795.0], [13.137, 518.0], [13.136, 895.0], [13.135, 1229.0], [13.134, 511.0]], "asks": [[13.154, 522.0], [13.155, 951.0], [13.156, 3537.0], [13.157, 397.0], [13.158, 606.0], [13.159, 1152.0], [13.16, 2015.0], [13.161, 1374.0], [13.162, 1245.0], [13.163, 1092.0], [13.164, 854.0], [13.165, 1878.0], [13.166, 2634.0], [13.167, 1467.0], [13.168, 1996.0], [13.169, 868.0], [13.17, 1494.0], [13.171, 616.0], [13.172, 907.0], [13.173, 1703.0]], "timestamp": "2025-12-14T10:36:37.356868+00:00"}, {"symbol": "AVAXUSDT", "bids": [[13.148, 300.0], [13.147, 161.0], [13.146, 809.0], [13.145, 1083.0], [13.144, 1104.0], [13.143, 778.0], [13.142, 1082.0], [13.141, 1664.0], [13.14, 1019.0], [13.139, 628.0], [13.138, 1332.0], [13.137, 2661.0], [13.136, 2079.0], [13.135, 711.0], [13.134, 948.0], [13.133, 795.0], [13.132, 1916.0], [13.131, 1504.0], [13.13, 3329.0], [13.129, 1222.0]], "asks": [[13.149, 630.0], [13.15, 565.0], [13.151, 646.0], [13.152, 1016.0], [13.153, 1776.0], [13.154, 696.0], [13.155, 1440.0], [13.156, 741.0], [13.157, 881.0], [13.158, 608.0], [13.159, 1103.0], [13.16, 1322.0], [13.161, 3037.0], [13.162, 1544.0], [13.163, 476.0], [13.164, 439.0], [13.165, 964.0], [13.166, 1128.0], [13.167, 985.0], [13.168, 1687.0]], "timestamp": "2025-12-14T10:37:30.495708+00:00"}, {"symbol": "AVAXUSDT", "bids": [[13.154, 365.0], [13.153, 734.0], [13.152, 643.0], [13.151, 848.0], [13.15, 868.0], [13.149, 897.0], [13.148, 1248.0], [13.147, 1022.0], [13.146, 2044.0], [13.145, 1334.0], [13.144, 930.0], [13.143, 1787.0], [13.142, 3431.0], [13.141, 950.0], [13.14, 1814.0], [13.139, 1308.0], [13.138, 853.0], [13.137, 1156.0], [13.136, 1133.0], [13.135, 669.0]], "asks": [[13.155, 96.0], [13.156, 11.0], [13.157, 424.0], [13.158, 989.0], [13.159, 1080.0], [13.16, 2405.0], [13.161, 858.0], [13.162, 831.0], [13.163, 743.0], [13.164, 924.0], [13.165, 1575.0], [13.166, 1929.0], [13.167, 2657.0], [13.168, 1806.0], [13.169, 656.0], [13.17, 520.0], [13.171, 1119.0], [13.172, 3174.0], [13.173, 1828.0], [13.174, 787.0]], "timestamp": "2025-12-14T10:38:23.447120+00:00"}, {"symbol": "AVAXUSDT", "bids": [[13.147, 277.0], [13.146, 10.0], [13.145, 1059.0], [13.144, 756.0], [13.143, 723.0], [13.142, 1023.0], [13.141, 1323.0], [13.14, 915.0], [13.139, 1045.0], [13.138, 1135.0], [13.137, 921.0], [13.136, 2914.0], [13.135, 892.0], [13.134, 2396.0], [13.133, 951.0], [13.132, 927.0], [13.131, 1770.0], [13.13, 3552.0], [13.129, 1299.0], [13.128, 693.0]], "asks": [[13.148, 98.0], [13.149, 491.0], [13.15, 836.0], [13.151, 705.0], [13.152, 1230.0], [13.153, 1732.0], [13.154, 1427.0], [13.155, 1825.0], [13.156, 1281.0], [13.157, 1113.0], [13.158, 1326.0], [13.159, 1680.0], [13.16, 1548.0], [13.161, 1335.0], [13.162, 2885.0], [13.163, 762.0], [13.164, 884.0], [13.165, 591.0], [13.166, 622.0], [13.167, 1700.0]], "timestamp": "2025-12-14T10:39:17.507844+00:00"}, {"symbol": "AVAXUSDT", "bids": [[13.147, 13.0], [13.146, 38.0], [13.145, 166.0], [13.144, 844.0], [13.143, 627.0], [13.142, 698.0], [13.141, 910.0], [13.14, 923.0], [13.139, 1275.0], [13.138, 970.0], [13.137, 778.0], [13.136, 1988.0], [13.135, 3987.0], [13.134, 995.0], [13.133, 1229.0], [13.132, 1254.0], [13.131, 1838.0], [13.13, 3539.0], [13.129, 2132.0], [13.128, 727.0]], "asks": [[13.148, 513.0], [13.149, 1020.0], [13.15, 932.0], [13.151, 467.0], [13.152, 987.0], [13.153, 1729.0], [13.154, 1347.0], [13.155, 1543.0], [13.156, 1053.0], [13.157, 1147.0], [13.158, 1878.0], [13.159, 3613.0], [13.16, 1399.0], [13.161, 700.0], [13.162, 1060.0], [13.163, 1192.0], [13.164, 466.0], [13.165, 747.0], [13.166, 989.0], [13.167, 734.0]], "timestamp": "2025-12-14T10:40:10.357932+00:00"}