[{"id": "529455480", "price": 12.884, "amount": 27.0, "side": "sell", "timestamp": 1765755715087}, {"id": "529455481", "price": 12.884, "amount": 1.0, "side": "sell", "timestamp": 1765755715238}, {"id": "529455482", "price": 12.885, "amount": 21.0, "side": "buy", "timestamp": 1765755716837}, {"id": "529455483", "price": 12.884, "amount": 9.0, "side": "sell", "timestamp": 1765755717096}, {"id": "529455484", "price": 12.884, "amount": 79.0, "side": "sell", "timestamp": 1765755717214}, {"id": "529455485", "price": 12.884, "amount": 1.0, "side": "buy", "timestamp": 1765755717561}, {"id": "529455486", "price": 12.883, "amount": 1.0, "side": "sell", "timestamp": 1765755718097}, {"id": "529455487", "price": 12.883, "amount": 278.0, "side": "sell", "timestamp": 1765755719222}, {"id": "529455488", "price": 12.882, "amount": 126.0, "side": "sell", "timestamp": 1765755719222}, {"id": "529455489", "price": 12.883, "amount": 1.0, "side": "sell", "timestamp": 1765755719478}, {"id": "529455490", "price": 12.882, "amount": 20.0, "side": "sell", "timestamp": 1765755719478}, {"id": "529455491", "price": 12.883, "amount": 5.0, "side": "buy", "timestamp": 1765755719564}, {"id": "529455492", "price": 12.883, "amount": 1.0, "side": "buy", "timestamp": 1765755719684}, {"id": "529455493", "price": 12.883, "amount": 8.0, "side": "buy", "timestamp": 1765755720835}, {"id": "529455494", "price": 12.884, "amount": 3.0, "side": "buy", "timestamp": 1765755720876}, {"id": "529455495", "price": 12.885, "amount": 16.0, "side": "buy", "timestamp": 1765755721128}, {"id": "529455496", "price": 12.884, "amount": 1.0, "side": "sell", "timestamp": 1765755721244}, {"id": "529455497", "price": 12.885, "amount": 15.0, "side": "buy", "timestamp": 1765755721249}, {"id": "529455498", "price": 12.884, "amount": 6.0, "side": "sell", "timestamp": 1765755721259}, {"id": "529455499", "price": 12.885, "amount": 1.0, "side": "buy", "timestamp": 1765755722433}, {"id": "529455500", "price": 12.885, "amount": 227.0, "side": "buy", "timestamp": 1765755722582}, {"id": "529455501", "price": 12.885, "amount": 254.0, "side": "buy", "timestamp": 1765755722910}, {"id": "529455502", "price": 12.886, "amount": 6.0, "side": "buy", "timestamp": 1765755723373}, {"id": "529455503", "price": 12.887, "amount": 2.0, "side": "buy", "timestamp": 1765755723582}, {"id": "529455504", "price": 12.888, "amount": 1.0, "side": "buy", "timestamp": 1765755723666}, {"id": "529455505", "price": 12.887, "amount": 208.0, "side": "sell", "timestamp": 1765755724665}, {"id": "529455506", "price": 12.886, "amount": 3.0, "side": "sell", "timestamp": 1765755724666}, {"id": "529455507", "price": 12.885, "amount": 152.0, "side": "sell", "timestamp": 1765755724684}, {"id": "529455508", "price": 12.884, "amount": 70.0, "side": "sell", "timestamp": 1765755724705}, {"id": "529455509", "price": 12.884, "amount": 6.0, "side": "buy", "timestamp": 1765755724886}, {"id": "529455510", "price": 12.883, "amount": 97.0, "side": "sell", "timestamp": 1765755726250}, {"id": "529455511", "price": 12.884, "amount": 2.0, "side": "buy", "timestamp": 1765755726298}, {"id": "529455512", "price": 12.885, "amount": 6.0, "side": "buy", "timestamp": 1765755726298}, {"id": "529455513", "price": 12.885, "amount": 3.0, "side": "buy", "timestamp": 1765755727078}, {"id": "529455514", "price": 12.886, "amount": 7.0, "side": "buy", "timestamp": 1765755727098}, {"id": "529455515", "price": 12.886, "amount": 38.0, "side": "buy", "timestamp": 1765755727238}, {"id": "529455516", "price": 12.887, "amount": 2.0, "side": "buy", "timestamp": 1765755727456}, {"id": "529455517", "price": 12.887, "amount": 1.0, "side": "sell", "timestamp": 1765755727555}, {"id": "529455518", "price": 12.887, "amount": 3.0, "side": "buy", "timestamp": 1765755727623}, {"id": "529455519", "price": 12.886, "amount": 124.0, "side": "sell", "timestamp": 1765755728613}, {"id": "529455520", "price": 12.885, "amount": 3.0, "side": "sell", "timestamp": 1765755728618}, {"id": "529455521", "price": 12.884, "amount": 37.0, "side": "sell", "timestamp": 1765755728858}, {"id": "529455522", "price": 12.883, "amount": 38.0, "side": "sell", "timestamp": 1765755728930}, {"id": "529455523", "price": 12.882, "amount": 11.0, "side": "sell", "timestamp": 1765755728930}, {"id": "529455524", "price": 12.881, "amount": 51.0, "side": "sell", "timestamp": 1765755728930}, {"id": "529455525", "price": 12.881, "amount": 96.0, "side": "sell", "timestamp": 1765755731002}, {"id": "529455526", "price": 12.88, "amount": 10.0, "side": "sell", "timestamp": 1765755731008}, {"id": "529455527", "price": 12.879, "amount": 1.0, "side": "sell", "timestamp": 1765755731221}, {"id": "529455528", "price": 12.879, "amount": 147.0, "side": "sell", "timestamp": 1765755731723}, {"id": "529455529", "price": 12.878, "amount": 58.0, "side": "sell", "timestamp": 1765755732045}, {"id": "529455576", "price": 12.872, "amount": 2.0, "side": "sell", "timestamp": 1765755752321}, {"id": "529455577", "price": 12.872, "amount": 15.0, "side": "sell", "timestamp": 1765755752547}, {"id": "529455578", "price": 12.873, "amount": 1.0, "side": "buy", "timestamp": 1765755752786}, {"id": "529455579", "price": 12.873, "amount": 23.0, "side": "sell", "timestamp": 1765755753873}, {"id": "529455580", "price": 12.873, "amount": 1.0, "side": "sell", "timestamp": 1765755754224}, {"id": "529455581", "price": 12.874, "amount": 15.0, "side": "buy", "timestamp": 1765755754865}, {"id": "529455582", "price": 12.875, "amount": 2.0, "side": "buy", "timestamp": 1765755755035}, {"id": "529455583", "price": 12.876, "amount": 1.0, "side": "buy", "timestamp": 1765755755698}, {"id": "529455584", "price": 12.875, "amount": 118.0, "side": "sell", "timestamp": 1765755755736}, {"id": "529455585", "price": 12.874, "amount": 403.0, "side": "sell", "timestamp": 1765755755736}, {"id": "529455586", "price": 12.873, "amount": 688.0, "side": "sell", "timestamp": 1765755755736}, {"id": "529455587", "price": 12.873, "amount": 592.0, "side": "buy", "timestamp": 1765755759766}, {"id": "529455588", "price": 12.873, "amount": 12.0, "side": "sell", "timestamp": 1765755759841}, {"id": "529455589", "price": 12.874, "amount": 10.0, "side": "buy", "timestamp": 1765755762948}, {"id": "529455590", "price": 12.875, "amount": 4.0, "side": "buy", "timestamp": 1765755763181}, {"id": "529455591", "price": 12.875, "amount": 118.0, "side": "buy", "timestamp": 1765755764820}, {"id": "529455592", "price": 12.875, "amount": 1.0, "side": "sell", "timestamp": 1765755764994}, {"id": "529455593", "price": 12.876, "amount": 131.0, "side": "buy", "timestamp": 1765755765564}, {"id": "529455594", "price": 12.877, "amount": 16.0, "side": "buy", "timestamp": 1765755765834}, {"id": "529455595", "price": 12.878, "amount": 8.0, "side": "buy", "timestamp": 1765755765834}, {"id": "529455596", "price": 12.877, "amount": 42.0, "side": "sell", "timestamp": 1765755766226}, {"id": "529455597", "price": 12.876, "amount": 6.0, "side": "sell", "timestamp": 1765755766336}, {"id": "529455598", "price": 12.875, "amount": 26.0, "side": "sell", "timestamp": 1765755766339}, {"id": "529455599", "price": 12.874, "amount": 26.0, "side": "sell", "timestamp": 1765755766593}, {"id": "529455600", "price": 12.874, "amount": 1.0, "side": "sell", "timestamp": 1765755767219}, {"id": "529455601", "price": 12.874, "amount": 29.0, "side": "sell", "timestamp": 1765755767506}, {"id": "529455602", "price": 12.874, "amount": 1.0, "side": "buy", "timestamp": 1765755770076}, {"id": "529455603", "price": 12.874, "amount": 22.0, "side": "buy", "timestamp": 1765755771965}, {"id": "529455604", "price": 12.873, "amount": 1.0, "side": "sell", "timestamp": 1765755772237}, {"id": "529455605", "price": 12.874, "amount": 1.0, "side": "buy", "timestamp": 1765755773752}, {"id": "529455606", "price": 12.874, "amount": 15.0, "side": "buy", "timestamp": 1765755774802}, {"id": "529455607", "price": 12.874, "amount": 27.0, "side": "buy", "timestamp": 1765755776491}, {"id": "529455608", "price": 12.874, "amount": 4.0, "side": "sell", "timestamp": 1765755777166}, {"id": "529455609", "price": 12.874, "amount": 2.0, "side": "sell", "timestamp": 1765755777606}, {"id": "529455610", "price": 12.874, "amount": 21.0, "side": "sell", "timestamp": 1765755779589}, {"id": "529455611", "price": 12.875, "amount": 21.0, "side": "buy", "timestamp": 1765755781342}, {"id": "529455612", "price": 12.875, "amount": 101.0, "side": "buy", "timestamp": 1765755781473}, {"id": "529455613", "price": 12.876, "amount": 5.0, "side": "buy", "timestamp": 1765755781665}, {"id": "529455614", "price": 12.877, "amount": 6.0, "side": "buy", "timestamp": 1765755781684}, {"id": "529455615", "price": 12.878, "amount": 138.0, "side": "buy", "timestamp": 1765755782381}, {"id": "529455616", "price": 12.879, "amount": 7.0, "side": "buy", "timestamp": 1765755782458}, {"id": "529455617", "price": 12.88, "amount": 4.0, "side": "buy", "timestamp": 1765755782585}, {"id": "529455618", "price": 12.881, "amount": 8.0, "side": "buy", "timestamp": 1765755782628}, {"id": "529455619", "price": 12.882, "amount": 21.0, "side": "buy", "timestamp": 1765755782717}, {"id": "529455620", "price": 12.883, "amount": 2.0, "side": "buy", "timestamp": 1765755782785}, {"id": "529455621", "price": 12.884, "amount": 56.0, "side": "buy", "timestamp": 1765755782869}, {"id": "529455622", "price": 12.885, "amount": 5.0, "side": "buy", "timestamp": 1765755783271}, {"id": "529455623", "price": 12.886, "amount": 126.0, "side": "buy", "timestamp": 1765755783302}, {"id": "529455624", "price": 12.886, "amount": 474.0, "side": "sell", "timestamp": 1765755786412}, {"id": "529455625", "price": 12.886, "amount": 23.0, "side": "buy", "timestamp": 1765755786531}, {"id": "529455658", "price": 12.887, "amount": 146.0, "side": "sell", "timestamp": 1765755806172}, {"id": "529455659", "price": 12.886, "amount": 38.0, "side": "sell", "timestamp": 1765755806338}, {"id": "529455660", "price": 12.886, "amount": 58.0, "side": "buy", "timestamp": 1765755806378}, {"id": "529455661", "price": 12.887, "amount": 3.0, "side": "buy", "timestamp": 1765755806464}, {"id": "529455662", "price": 12.886, "amount": 2.0, "side": "sell", "timestamp": 1765755806649}, {"id": "529455663", "price": 12.886, "amount": 13.0, "side": "sell", "timestamp": 1765755809193}, {"id": "529455664", "price": 12.886, "amount": 52.0, "side": "sell", "timestamp": 1765755811740}, {"id": "529455665", "price": 12.885, "amount": 12.0, "side": "sell", "timestamp": 1765755812620}, {"id": "529455666", "price": 12.886, "amount": 15.0, "side": "buy", "timestamp": 1765755812757}, {"id": "529455667", "price": 12.886, "amount": 1.0, "side": "buy", "timestamp": 1765755813252}, {"id": "529455668", "price": 12.886, "amount": 7.0, "side": "buy", "timestamp": 1765755813518}, {"id": "529455669", "price": 12.885, "amount": 1.0, "side": "sell", "timestamp": 1765755815234}, {"id": "529455670", "price": 12.886, "amount": 133.0, "side": "buy", "timestamp": 1765755816687}, {"id": "529455671", "price": 12.886, "amount": 8.0, "side": "sell", "timestamp": 1765755821323}, {"id": "529455672", "price": 12.886, "amount": 33.0, "side": "sell", "timestamp": 1765755824789}, {"id": "529455673", "price": 12.887, "amount": 7.0, "side": "buy", "timestamp": 1765755825098}, {"id": "529455674", "price": 12.886, "amount": 36.0, "side": "sell", "timestamp": 1765755825698}, {"id": "529455675", "price": 12.886, "amount": 46.0, "side": "sell", "timestamp": 1765755826877}, {"id": "529455676", "price": 12.885, "amount": 32.0, "side": "sell", "timestamp": 1765755826925}, {"id": "529455677", "price": 12.884, "amount": 7.0, "side": "sell", "timestamp": 1765755826994}, {"id": "529455678", "price": 12.883, "amount": 4.0, "side": "sell", "timestamp": 1765755827556}, {"id": "529455679", "price": 12.884, "amount": 1.0, "side": "buy", "timestamp": 1765755827699}, {"id": "529455680", "price": 12.883, "amount": 52.0, "side": "sell", "timestamp": 1765755828064}, {"id": "529455681", "price": 12.882, "amount": 2.0, "side": "sell", "timestamp": 1765755828902}, {"id": "529455682", "price": 12.882, "amount": 1.0, "side": "sell", "timestamp": 1765755830106}, {"id": "529455683", "price": 12.882, "amount": 158.0, "side": "sell", "timestamp": 1765755830446}, {"id": "529455684", "price": 12.881, "amount": 1.0, "side": "sell", "timestamp": 1765755831179}, {"id": "529455685", "price": 12.881, "amount": 437.0, "side": "sell", "timestamp": 1765755833279}, {"id": "529455686", "price": 12.88, "amount": 169.0, "side": "sell", "timestamp": 1765755834384}, {"id": "529455687", "price": 12.879, "amount": 411.0, "side": "sell", "timestamp": 1765755834385}, {"id": "529455688", "price": 12.878, "amount": 21.0, "side": "sell", "timestamp": 1765755834385}, {"id": "529455689", "price": 12.879, "amount": 19.0, "side": "buy", "timestamp": 1765755834704}, {"id": "529455690", "price": 12.879, "amount": 2.0, "side": "buy", "timestamp": 1765755834868}, {"id": "529455691", "price": 12.88, "amount": 18.0, "side": "sell", "timestamp": 1765755835996}, {"id": "529455692", "price": 12.879, "amount": 3.0, "side": "sell", "timestamp": 1765755836000}, {"id": "529455693", "price": 12.878, "amount": 2.0, "side": "sell", "timestamp": 1765755836188}, {"id": "529455694", "price": 12.878, "amount": 8.0, "side": "sell", "timestamp": 1765755836575}, {"id": "529455695", "price": 12.878, "amount": 1.0, "side": "sell", "timestamp": 1765755837205}, {"id": "529455696", "price": 12.878, "amount": 21.0, "side": "sell", "timestamp": 1765755837459}, {"id": "529455697", "price": 12.879, "amount": 773.0, "side": "buy", "timestamp": 1765755838480}, {"id": "529455698", "price": 12.88, "amount": 2.0, "side": "buy", "timestamp": 1765755838488}, {"id": "529455699", "price": 12.881, "amount": 21.0, "side": "buy", "timestamp": 1765755838546}, {"id": "529455700", "price": 12.882, "amount": 227.0, "side": "buy", "timestamp": 1765755838546}, {"id": "529455701", "price": 12.883, "amount": 210.0, "side": "buy", "timestamp": 1765755838547}, {"id": "529455702", "price": 12.882, "amount": 40.0, "side": "sell", "timestamp": 1765755839140}, {"id": "529455703", "price": 12.881, "amount": 296.0, "side": "sell", "timestamp": 1765755839140}, {"id": "529455704", "price": 12.88, "amount": 63.0, "side": "sell", "timestamp": 1765755839140}, {"id": "529455705", "price": 12.881, "amount": 10.0, "side": "buy", "timestamp": 1765755840888}, {"id": "529455706", "price": 12.882, "amount": 1.0, "side": "buy", "timestamp": 1765755841147}, {"id": "529455707", "price": 12.883, "amount": 3.0, "side": "buy", "timestamp": 1765755841147}, {"id": "529455724", "price": 12.882, "amount": 7.0, "side": "buy", "timestamp": 1765755851375}, {"id": "529455725", "price": 12.881, "amount": 42.0, "side": "sell", "timestamp": 1765755852473}, {"id": "529455726", "price": 12.882, "amount": 2.0, "side": "buy", "timestamp": 1765755853836}, {"id": "529455727", "price": 12.882, "amount": 26.0, "side": "buy", "timestamp": 1765755856597}, {"id": "529455728", "price": 12.881, "amount": 1.0, "side": "sell", "timestamp": 1765755858207}, {"id": "529455729", "price": 12.882, "amount": 2.0, "side": "buy", "timestamp": 1765755858353}, {"id": "529455730", "price": 12.881, "amount": 1.0, "side": "sell", "timestamp": 1765755858540}, {"id": "529455731", "price": 12.881, "amount": 4.0, "side": "sell", "timestamp": 1765755861393}, {"id": "529455732", "price": 12.882, "amount": 270.0, "side": "buy", "timestamp": 1765755861511}, {"id": "529455733", "price": 12.883, "amount": 1.0, "side": "buy", "timestamp": 1765755861702}, {"id": "529455734", "price": 12.882, "amount": 1.0, "side": "sell", "timestamp": 1765755863230}, {"id": "529455735", "price": 12.883, "amount": 1.0, "side": "buy", "timestamp": 1765755863690}, {"id": "529455736", "price": 12.882, "amount": 4.0, "side": "sell", "timestamp": 1765755865670}, {"id": "529455737", "price": 12.882, "amount": 40.0, "side": "sell", "timestamp": 1765755866051}, {"id": "529455738", "price": 12.881, "amount": 53.0, "side": "sell", "timestamp": 1765755866128}, {"id": "529455739", "price": 12.88, "amount": 12.0, "side": "sell", "timestamp": 1765755870790}, {"id": "529455740", "price": 12.88, "amount": 125.0, "side": "sell", "timestamp": 1765755872410}, {"id": "529455741", "price": 12.879, "amount": 22.0, "side": "sell", "timestamp": 1765755872492}, {"id": "529455742", "price": 12.878, "amount": 78.0, "side": "sell", "timestamp": 1765755872587}, {"id": "529455743", "price": 12.877, "amount": 17.0, "side": "sell", "timestamp": 1765755873071}, {"id": "529455744", "price": 12.878, "amount": 5.0, "side": "buy", "timestamp": 1765755873262}, {"id": "529455745", "price": 12.877, "amount": 33.0, "side": "sell", "timestamp": 1765755873760}, {"id": "529455746", "price": 12.876, "amount": 14.0, "side": "sell", "timestamp": 1765755874392}, {"id": "529455747", "price": 12.875, "amount": 19.0, "side": "sell", "timestamp": 1765755874392}, {"id": "529455748", "price": 12.876, "amount": 5.0, "side": "buy", "timestamp": 1765755874493}, {"id": "529455749", "price": 12.876, "amount": 13.0, "side": "buy", "timestamp": 1765755874652}, {"id": "529455750", "price": 12.875, "amount": 36.0, "side": "sell", "timestamp": 1765755875285}, {"id": "529455751", "price": 12.875, "amount": 1.0, "side": "sell", "timestamp": 1765755876198}, {"id": "529455752", "price": 12.875, "amount": 30.0, "side": "sell", "timestamp": 1765755876899}, {"id": "529455753", "price": 12.874, "amount": 189.0, "side": "sell", "timestamp": 1765755876900}, {"id": "529455754", "price": 12.874, "amount": 39.0, "side": "buy", "timestamp": 1765755877051}, {"id": "529455755", "price": 12.873, "amount": 10.0, "side": "sell", "timestamp": 1765755877244}, {"id": "529455756", "price": 12.873, "amount": 7.0, "side": "sell", "timestamp": 1765755878236}, {"id": "529455757", "price": 12.874, "amount": 10.0, "side": "buy", "timestamp": 1765755880306}, {"id": "529455758", "price": 12.873, "amount": 7.0, "side": "sell", "timestamp": 1765755883266}, {"id": "529455759", "price": 12.873, "amount": 196.0, "side": "sell", "timestamp": 1765755885310}, {"id": "529455760", "price": 12.872, "amount": 144.0, "side": "sell", "timestamp": 1765755885310}, {"id": "529455761", "price": 12.871, "amount": 693.0, "side": "sell", "timestamp": 1765755885310}, {"id": "529455762", "price": 12.87, "amount": 169.0, "side": "sell", "timestamp": 1765755885310}, {"id": "529455763", "price": 12.873, "amount": 22.0, "side": "buy", "timestamp": 1765755885393}, {"id": "529455764", "price": 12.874, "amount": 23.0, "side": "buy", "timestamp": 1765755885419}, {"id": "529455765", "price": 12.874, "amount": 4.0, "side": "buy", "timestamp": 1765755886782}, {"id": "529455766", "price": 12.873, "amount": 1.0, "side": "sell", "timestamp": 1765755888174}, {"id": "529455767", "price": 12.873, "amount": 1.0, "side": "sell", "timestamp": 1765755888352}, {"id": "529455768", "price": 12.874, "amount": 1.0, "side": "buy", "timestamp": 1765755890004}, {"id": "529455769", "price": 12.873, "amount": 26.0, "side": "sell", "timestamp": 1765755890931}, {"id": "529455770", "price": 12.873, "amount": 53.0, "side": "sell", "timestamp": 1765755891523}, {"id": "529455771", "price": 12.874, "amount": 247.0, "side": "buy", "timestamp": 1765755893770}, {"id": "529455772", "price": 12.874, "amount": 6.0, "side": "sell", "timestamp": 1765755894088}, {"id": "529455773", "price": 12.874, "amount": 42.0, "side": "sell", "timestamp": 1765755895354}, {"id": "529455825", "price": 12.876, "amount": 117.0, "side": "sell", "timestamp": 1765755924603}, {"id": "529455826", "price": 12.875, "amount": 108.0, "side": "sell", "timestamp": 1765755924649}, {"id": "529455827", "price": 12.876, "amount": 14.0, "side": "buy", "timestamp": 1765755925182}, {"id": "529455828", "price": 12.876, "amount": 1.0, "side": "buy", "timestamp": 1765755925380}, {"id": "529455829", "price": 12.875, "amount": 4.0, "side": "sell", "timestamp": 1765755925521}, {"id": "529455830", "price": 12.875, "amount": 717.0, "side": "buy", "timestamp": 1765755925774}, {"id": "529455831", "price": 12.875, "amount": 2.0, "side": "buy", "timestamp": 1765755926531}, {"id": "529455832", "price": 12.874, "amount": 270.0, "side": "sell", "timestamp": 1765755927040}, {"id": "529455833", "price": 12.873, "amount": 126.0, "side": "sell", "timestamp": 1765755927041}, {"id": "529455834", "price": 12.872, "amount": 956.0, "side": "sell", "timestamp": 1765755927041}, {"id": "529455835", "price": 12.871, "amount": 302.0, "side": "sell", "timestamp": 1765755927041}, {"id": "529455836", "price": 12.874, "amount": 155.0, "side": "buy", "timestamp": 1765755927650}, {"id": "529455837", "price": 12.875, "amount": 9.0, "side": "buy", "timestamp": 1765755927677}, {"id": "529455838", "price": 12.876, "amount": 10.0, "side": "buy", "timestamp": 1765755927755}, {"id": "529455839", "price": 12.876, "amount": 192.0, "side": "buy", "timestamp": 1765755928109}, {"id": "529455840", "price": 12.877, "amount": 32.0, "side": "buy", "timestamp": 1765755928109}, {"id": "529455841", "price": 12.878, "amount": 472.0, "side": "buy", "timestamp": 1765755928109}, {"id": "529455842", "price": 12.878, "amount": 4.0, "side": "sell", "timestamp": 1765755930888}, {"id": "529455843", "price": 12.878, "amount": 3.0, "side": "buy", "timestamp": 1765755934038}, {"id": "529455844", "price": 12.877, "amount": 33.0, "side": "sell", "timestamp": 1765755934349}, {"id": "529455845", "price": 12.878, "amount": 466.0, "side": "buy", "timestamp": 1765755934535}, {"id": "529455846", "price": 12.878, "amount": 7.0, "side": "buy", "timestamp": 1765755934657}, {"id": "529455847", "price": 12.878, "amount": 4.0, "side": "buy", "timestamp": 1765755934774}, {"id": "529455848", "price": 12.877, "amount": 54.0, "side": "sell", "timestamp": 1765755935209}, {"id": "529455849", "price": 12.876, "amount": 36.0, "side": "sell", "timestamp": 1765755935264}, {"id": "529455850", "price": 12.877, "amount": 1.0, "side": "buy", "timestamp": 1765755935695}, {"id": "529455851", "price": 12.877, "amount": 121.0, "side": "buy", "timestamp": 1765755937469}, {"id": "529455852", "price": 12.878, "amount": 411.0, "side": "buy", "timestamp": 1765755937469}, {"id": "529455853", "price": 12.879, "amount": 71.0, "side": "buy", "timestamp": 1765755937469}, {"id": "529455854", "price": 12.879, "amount": 155.0, "side": "buy", "timestamp": 1765755938998}, {"id": "529455855", "price": 12.878, "amount": 5.0, "side": "sell", "timestamp": 1765755940470}, {"id": "529455856", "price": 12.877, "amount": 5.0, "side": "sell", "timestamp": 1765755940560}, {"id": "529455857", "price": 12.876, "amount": 4.0, "side": "sell", "timestamp": 1765755940685}, {"id": "529455858", "price": 12.876, "amount": 21.0, "side": "sell", "timestamp": 1765755942049}, {"id": "529455859", "price": 12.876, "amount": 1.0, "side": "sell", "timestamp": 1765755942248}, {"id": "529455860", "price": 12.876, "amount": 3.0, "side": "sell", "timestamp": 1765755944150}, {"id": "529455861", "price": 12.875, "amount": 150.0, "side": "sell", "timestamp": 1765755944422}, {"id": "529455862", "price": 12.874, "amount": 21.0, "side": "sell", "timestamp": 1765755945340}, {"id": "529455863", "price": 12.874, "amount": 8.0, "side": "sell", "timestamp": 1765755946561}, {"id": "529455864", "price": 12.874, "amount": 66.0, "side": "sell", "timestamp": 1765755946713}, {"id": "529455865", "price": 12.873, "amount": 23.0, "side": "sell", "timestamp": 1765755947007}, {"id": "529455866", "price": 12.872, "amount": 8.0, "side": "sell", "timestamp": 1765755947038}, {"id": "529455867", "price": 12.872, "amount": 1.0, "side": "buy", "timestamp": 1765755947206}, {"id": "529455868", "price": 12.871, "amount": 16.0, "side": "sell", "timestamp": 1765755947633}, {"id": "529455869", "price": 12.87, "amount": 262.0, "side": "sell", "timestamp": 1765755947750}, {"id": "529455870", "price": 12.869, "amount": 174.0, "side": "sell", "timestamp": 1765755947760}, {"id": "529455871", "price": 12.868, "amount": 12.0, "side": "sell", "timestamp": 1765755950069}, {"id": "529455872", "price": 12.868, "amount": 1.0, "side": "sell", "timestamp": 1765755950218}, {"id": "529455873", "price": 12.868, "amount": 188.0, "side": "sell", "timestamp": 1765755950699}, {"id": "529455874", "price": 12.867, "amount": 1.0, "side": "sell", "timestamp": 1765755951096}, {"id": "529455951", "price": 12.864, "amount": 2.0, "side": "buy", "timestamp": 1765755979252}, {"id": "529455952", "price": 12.864, "amount": 1.0, "side": "buy", "timestamp": 1765755979517}, {"id": "529455953", "price": 12.864, "amount": 5.0, "side": "buy", "timestamp": 1765755981727}, {"id": "529455954", "price": 12.864, "amount": 9.0, "side": "sell", "timestamp": 1765755984224}, {"id": "529455955", "price": 12.864, "amount": 38.0, "side": "buy", "timestamp": 1765755984314}, {"id": "529455956", "price": 12.864, "amount": 19.0, "side": "buy", "timestamp": 1765755985372}, {"id": "529455957", "price": 12.865, "amount": 4.0, "side": "buy", "timestamp": 1765755987684}, {"id": "529455958", "price": 12.865, "amount": 28.0, "side": "buy", "timestamp": 1765755987883}, {"id": "529455959", "price": 12.865, "amount": 1.0, "side": "sell", "timestamp": 1765755988901}, {"id": "529455960", "price": 12.865, "amount": 1.0, "side": "sell", "timestamp": 1765755989320}, {"id": "529455961", "price": 12.865, "amount": 9.0, "side": "sell", "timestamp": 1765755989458}, {"id": "529455962", "price": 12.864, "amount": 1.0, "side": "sell", "timestamp": 1765755989656}, {"id": "529455963", "price": 12.864, "amount": 1.0, "side": "sell", "timestamp": 1765755990370}, {"id": "529455964", "price": 12.864, "amount": 1.0, "side": "sell", "timestamp": 1765755990792}, {"id": "529455965", "price": 12.864, "amount": 1.0, "side": "sell", "timestamp": 1765755991021}, {"id": "529455966", "price": 12.865, "amount": 4.0, "side": "buy", "timestamp": 1765755992086}, {"id": "529455967", "price": 12.865, "amount": 630.0, "side": "sell", "timestamp": 1765755992976}, {"id": "529455968", "price": 12.864, "amount": 225.0, "side": "sell", "timestamp": 1765755992976}, {"id": "529455969", "price": 12.863, "amount": 607.0, "side": "sell", "timestamp": 1765755992976}, {"id": "529455970", "price": 12.862, "amount": 348.0, "side": "sell", "timestamp": 1765755992976}, {"id": "529455971", "price": 12.861, "amount": 521.0, "side": "sell", "timestamp": 1765755992976}, {"id": "529455972", "price": 12.866, "amount": 100.0, "side": "buy", "timestamp": 1765755992978}, {"id": "529455973", "price": 12.866, "amount": 295.0, "side": "sell", "timestamp": 1765755992997}, {"id": "529455974", "price": 12.866, "amount": 1.0, "side": "sell", "timestamp": 1765755993283}, {"id": "529455975", "price": 12.865, "amount": 49.0, "side": "sell", "timestamp": 1765755993283}, {"id": "529455976", "price": 12.864, "amount": 303.0, "side": "sell", "timestamp": 1765755993283}, {"id": "529455977", "price": 12.865, "amount": 1.0, "side": "buy", "timestamp": 1765755993962}, {"id": "529455978", "price": 12.865, "amount": 42.0, "side": "sell", "timestamp": 1765755994657}, {"id": "529455979", "price": 12.866, "amount": 2.0, "side": "buy", "timestamp": 1765755994820}, {"id": "529455980", "price": 12.866, "amount": 33.0, "side": "sell", "timestamp": 1765755995229}, {"id": "529455981", "price": 12.866, "amount": 30.0, "side": "sell", "timestamp": 1765755995421}, {"id": "529455982", "price": 12.866, "amount": 8.0, "side": "buy", "timestamp": 1765755995544}, {"id": "529455983", "price": 12.865, "amount": 1.0, "side": "sell", "timestamp": 1765755995887}, {"id": "529455984", "price": 12.864, "amount": 4.0, "side": "sell", "timestamp": 1765755996139}, {"id": "529455985", "price": 12.863, "amount": 5.0, "side": "sell", "timestamp": 1765755996139}, {"id": "529455986", "price": 12.862, "amount": 27.0, "side": "sell", "timestamp": 1765755996139}, {"id": "529455987", "price": 12.863, "amount": 14.0, "side": "buy", "timestamp": 1765755996612}, {"id": "529455988", "price": 12.863, "amount": 11.0, "side": "sell", "timestamp": 1765755997922}, {"id": "529455989", "price": 12.862, "amount": 4.0, "side": "sell", "timestamp": 1765755998177}, {"id": "529455990", "price": 12.861, "amount": 4.0, "side": "sell", "timestamp": 1765755998923}, {"id": "529455991", "price": 12.861, "amount": 1.0, "side": "buy", "timestamp": 1765755998939}, {"id": "529455992", "price": 12.861, "amount": 1.0, "side": "buy", "timestamp": 1765755999306}, {"id": "529455993", "price": 12.86, "amount": 149.0, "side": "sell", "timestamp": 1765755999504}, {"id": "529455994", "price": 12.859, "amount": 18.0, "side": "sell", "timestamp": 1765755999600}, {"id": "529455995", "price": 12.858, "amount": 1.0, "side": "sell", "timestamp": 1765755999615}, {"id": "529455996", "price": 12.859, "amount": 8.0, "side": "buy", "timestamp": 1765756000284}, {"id": "529455997", "price": 12.858, "amount": 1.0, "side": "sell", "timestamp": 1765756000296}, {"id": "529455998", "price": 12.858, "amount": 1.0, "side": "sell", "timestamp": 1765756001009}, {"id": "529455999", "price": 12.858, "amount": 1.0, "side": "sell", "timestamp": 1765756005262}, {"id": "529456000", "price": 12.859, "amount": 1.0, "side": "buy", "timestamp": 1765756005406}, {"id": "529456023", "price": 12.859, "amount": 4.0, "side": "sell", "timestamp": 1765756021018}, {"id": "529456024", "price": 12.859, "amount": 10.0, "side": "sell", "timestamp": 1765756021143}, {"id": "529456025", "price": 12.86, "amount": 30.0, "side": "buy", "timestamp": 1765756022904}, {"id": "529456026", "price": 12.86, "amount": 2.0, "side": "sell", "timestamp": 1765756023383}, {"id": "529456027", "price": 12.86, "amount": 4.0, "side": "sell", "timestamp": 1765756023861}, {"id": "529456028", "price": 12.86, "amount": 12.0, "side": "sell", "timestamp": 1765756024296}, {"id": "529456029", "price": 12.86, "amount": 1.0, "side": "sell", "timestamp": 1765756024779}, {"id": "529456030", "price": 12.86, "amount": 1.0, "side": "sell", "timestamp": 1765756024885}, {"id": "529456031", "price": 12.861, "amount": 4.0, "side": "buy", "timestamp": 1765756025186}, {"id": "529456032", "price": 12.862, "amount": 23.0, "side": "buy", "timestamp": 1765756025195}, {"id": "529456033", "price": 12.862, "amount": 8.0, "side": "sell", "timestamp": 1765756025560}, {"id": "529456034", "price": 12.862, "amount": 6.0, "side": "sell", "timestamp": 1765756025710}, {"id": "529456035", "price": 12.862, "amount": 1.0, "side": "sell", "timestamp": 1765756027536}, {"id": "529456036", "price": 12.862, "amount": 1.0, "side": "sell", "timestamp": 1765756028064}, {"id": "529456037", "price": 12.862, "amount": 1.0, "side": "sell", "timestamp": 1765756028213}, {"id": "529456038", "price": 12.863, "amount": 93.0, "side": "buy", "timestamp": 1765756029158}, {"id": "529456039", "price": 12.864, "amount": 45.0, "side": "buy", "timestamp": 1765756029179}, {"id": "529456040", "price": 12.864, "amount": 121.0, "side": "sell", "timestamp": 1765756031666}, {"id": "529456041", "price": 12.863, "amount": 9.0, "side": "sell", "timestamp": 1765756031695}, {"id": "529456042", "price": 12.862, "amount": 10.0, "side": "sell", "timestamp": 1765756033998}, {"id": "529456043", "price": 12.861, "amount": 4.0, "side": "sell", "timestamp": 1765756036141}, {"id": "529456044", "price": 12.86, "amount": 4.0, "side": "sell", "timestamp": 1765756036311}, {"id": "529456045", "price": 12.859, "amount": 4.0, "side": "sell", "timestamp": 1765756036366}, {"id": "529456046", "price": 12.858, "amount": 8.0, "side": "sell", "timestamp": 1765756036466}, {"id": "529456047", "price": 12.858, "amount": 8.0, "side": "buy", "timestamp": 1765756036905}, {"id": "529456048", "price": 12.858, "amount": 8.0, "side": "buy", "timestamp": 1765756037190}, {"id": "529456049", "price": 12.858, "amount": 5.0, "side": "sell", "timestamp": 1765756037374}, {"id": "529456050", "price": 12.859, "amount": 1.0, "side": "buy", "timestamp": 1765756037500}, {"id": "529456051", "price": 12.859, "amount": 2.0, "side": "buy", "timestamp": 1765756038195}, {"id": "529456052", "price": 12.86, "amount": 32.0, "side": "buy", "timestamp": 1765756039396}, {"id": "529456053", "price": 12.861, "amount": 5.0, "side": "buy", "timestamp": 1765756039401}, {"id": "529456054", "price": 12.862, "amount": 3.0, "side": "buy", "timestamp": 1765756039445}, {"id": "529456055", "price": 12.863, "amount": 5.0, "side": "buy", "timestamp": 1765756039445}, {"id": "529456056", "price": 12.863, "amount": 47.0, "side": "buy", "timestamp": 1765756040450}, {"id": "529456057", "price": 12.864, "amount": 25.0, "side": "buy", "timestamp": 1765756040755}, {"id": "529456058", "price": 12.864, "amount": 1.0, "side": "sell", "timestamp": 1765756041952}, {"id": "529456059", "price": 12.865, "amount": 8.0, "side": "buy", "timestamp": 1765756043692}, {"id": "529456060", "price": 12.865, "amount": 1.0, "side": "buy", "timestamp": 1765756043842}, {"id": "529456061", "price": 12.864, "amount": 3.0, "side": "sell", "timestamp": 1765756047959}, {"id": "529456062", "price": 12.865, "amount": 21.0, "side": "buy", "timestamp": 1765756048613}, {"id": "529456063", "price": 12.866, "amount": 51.0, "side": "buy", "timestamp": 1765756049287}, {"id": "529456064", "price": 12.866, "amount": 101.0, "side": "sell", "timestamp": 1765756050741}, {"id": "529456065", "price": 12.865, "amount": 209.0, "side": "sell", "timestamp": 1765756054304}, {"id": "529456066", "price": 12.865, "amount": 8.0, "side": "buy", "timestamp": 1765756054601}, {"id": "529456067", "price": 12.864, "amount": 36.0, "side": "sell", "timestamp": 1765756055169}, {"id": "529456068", "price": 12.864, "amount": 67.0, "side": "sell", "timestamp": 1765756055924}, {"id": "529456069", "price": 12.863, "amount": 9.0, "side": "sell", "timestamp": 1765756055924}, {"id": "529456070", "price": 12.862, "amount": 1.0, "side": "sell", "timestamp": 1765756055924}, {"id": "529456071", "price": 12.863, "amount": 11.0, "side": "buy", "timestamp": 1765756055958}, {"id": "529456072", "price": 12.862, "amount": 21.0, "side": "sell", "timestamp": 1765756060569}, {"id": "529456130", "price": 12.861, "amount": 188.0, "side": "sell", "timestamp": 1765756087620}, {"id": "529456131", "price": 12.86, "amount": 24.0, "side": "sell", "timestamp": 1765756087626}, {"id": "529456132", "price": 12.86, "amount": 95.0, "side": "buy", "timestamp": 1765756087830}, {"id": "529456133", "price": 12.861, "amount": 1.0, "side": "buy", "timestamp": 1765756087879}, {"id": "529456134", "price": 12.861, "amount": 3.0, "side": "sell", "timestamp": 1765756090194}, {"id": "529456135", "price": 12.862, "amount": 4.0, "side": "buy", "timestamp": 1765756090569}, {"id": "529456136", "price": 12.862, "amount": 1.0, "side": "buy", "timestamp": 1765756091416}, {"id": "529456137", "price": 12.861, "amount": 225.0, "side": "sell", "timestamp": 1765756094552}, {"id": "529456138", "price": 12.861, "amount": 107.0, "side": "buy", "timestamp": 1765756095051}, {"id": "529456139", "price": 12.861, "amount": 4.0, "side": "buy", "timestamp": 1765756096965}, {"id": "529456140", "price": 12.862, "amount": 224.0, "side": "buy", "timestamp": 1765756097073}, {"id": "529456141", "price": 12.863, "amount": 4.0, "side": "buy", "timestamp": 1765756097144}, {"id": "529456142", "price": 12.863, "amount": 3.0, "side": "buy", "timestamp": 1765756097635}, {"id": "529456143", "price": 12.863, "amount": 7.0, "side": "buy", "timestamp": 1765756099585}, {"id": "529456144", "price": 12.864, "amount": 4.0, "side": "buy", "timestamp": 1765756099648}, {"id": "529456145", "price": 12.864, "amount": 170.0, "side": "buy", "timestamp": 1765756099917}, {"id": "529456146", "price": 12.865, "amount": 3.0, "side": "buy", "timestamp": 1765756099936}, {"id": "529456147", "price": 12.866, "amount": 51.0, "side": "buy", "timestamp": 1765756099969}, {"id": "529456148", "price": 12.866, "amount": 5.0, "side": "buy", "timestamp": 1765756101368}, {"id": "529456149", "price": 12.866, "amount": 1.0, "side": "sell", "timestamp": 1765756102134}, {"id": "529456150", "price": 12.865, "amount": 3.0, "side": "sell", "timestamp": 1765756102175}, {"id": "529456151", "price": 12.865, "amount": 7.0, "side": "buy", "timestamp": 1765756102540}, {"id": "529456152", "price": 12.866, "amount": 1.0, "side": "buy", "timestamp": 1765756102586}, {"id": "529456153", "price": 12.867, "amount": 12.0, "side": "buy", "timestamp": 1765756103787}, {"id": "529456154", "price": 12.867, "amount": 2.0, "side": "sell", "timestamp": 1765756104788}, {"id": "529456155", "price": 12.866, "amount": 3.0, "side": "sell", "timestamp": 1765756104802}, {"id": "529456156", "price": 12.865, "amount": 4.0, "side": "sell", "timestamp": 1765756104875}, {"id": "529456157", "price": 12.865, "amount": 71.0, "side": "buy", "timestamp": 1765756104973}, {"id": "529456158", "price": 12.865, "amount": 1.0, "side": "sell", "timestamp": 1765756105271}, {"id": "529456159", "price": 12.865, "amount": 7.0, "side": "buy", "timestamp": 1765756105685}, {"id": "529456160", "price": 12.865, "amount": 11.0, "side": "buy", "timestamp": 1765756106144}, {"id": "529456161", "price": 12.864, "amount": 41.0, "side": "sell", "timestamp": 1765756106296}, {"id": "529456162", "price": 12.864, "amount": 2.0, "side": "buy", "timestamp": 1765756106650}, {"id": "529456163", "price": 12.864, "amount": 3.0, "side": "buy", "timestamp": 1765756107007}, {"id": "529456164", "price": 12.864, "amount": 1.0, "side": "buy", "timestamp": 1765756107306}, {"id": "529456165", "price": 12.865, "amount": 1.0, "side": "buy", "timestamp": 1765756108209}, {"id": "529456166", "price": 12.865, "amount": 19.0, "side": "sell", "timestamp": 1765756108580}, {"id": "529456167", "price": 12.864, "amount": 59.0, "side": "sell", "timestamp": 1765756108583}, {"id": "529456168", "price": 12.864, "amount": 1.0, "side": "buy", "timestamp": 1765756109525}, {"id": "529456169", "price": 12.864, "amount": 33.0, "side": "sell", "timestamp": 1765756111619}, {"id": "529456170", "price": 12.863, "amount": 35.0, "side": "sell", "timestamp": 1765756111716}, {"id": "529456171", "price": 12.862, "amount": 4.0, "side": "sell", "timestamp": 1765756112074}, {"id": "529456172", "price": 12.861, "amount": 58.0, "side": "sell", "timestamp": 1765756112445}, {"id": "529456173", "price": 12.861, "amount": 1.0, "side": "buy", "timestamp": 1765756113356}, {"id": "529456174", "price": 12.86, "amount": 21.0, "side": "sell", "timestamp": 1765756113956}, {"id": "529456175", "price": 12.859, "amount": 10.0, "side": "sell", "timestamp": 1765756113956}, {"id": "529456176", "price": 12.86, "amount": 2.0, "side": "buy", "timestamp": 1765756114679}, {"id": "529456177", "price": 12.859, "amount": 37.0, "side": "sell", "timestamp": 1765756114828}, {"id": "529456178", "price": 12.86, "amount": 1.0, "side": "buy", "timestamp": 1765756115002}, {"id": "529456179", "price": 12.86, "amount": 1.0, "side": "buy", "timestamp": 1765756115698}, {"id": "529456204", "price": 12.867, "amount": 4.0, "side": "sell", "timestamp": 1765756137354}, {"id": "529456205", "price": 12.868, "amount": 20.0, "side": "buy", "timestamp": 1765756137482}, {"id": "529456206", "price": 12.867, "amount": 96.0, "side": "sell", "timestamp": 1765756140925}, {"id": "529456207", "price": 12.867, "amount": 1.0, "side": "buy", "timestamp": 1765756141391}, {"id": "529456208", "price": 12.867, "amount": 7.0, "side": "sell", "timestamp": 1765756143308}, {"id": "529456209", "price": 12.867, "amount": 181.0, "side": "sell", "timestamp": 1765756143885}, {"id": "529456210", "price": 12.867, "amount": 3.0, "side": "buy", "timestamp": 1765756144260}, {"id": "529456211", "price": 12.867, "amount": 1.0, "side": "sell", "timestamp": 1765756144925}, {"id": "529456212", "price": 12.867, "amount": 20.0, "side": "sell", "timestamp": 1765756145302}, {"id": "529456213", "price": 12.868, "amount": 172.0, "side": "buy", "timestamp": 1765756145998}, {"id": "529456214", "price": 12.868, "amount": 111.0, "side": "sell", "timestamp": 1765756146200}, {"id": "529456215", "price": 12.867, "amount": 151.0, "side": "sell", "timestamp": 1765756146258}, {"id": "529456216", "price": 12.866, "amount": 5.0, "side": "sell", "timestamp": 1765756146327}, {"id": "529456217", "price": 12.865, "amount": 6.0, "side": "sell", "timestamp": 1765756146407}, {"id": "529456218", "price": 12.865, "amount": 12.0, "side": "sell", "timestamp": 1765756146721}, {"id": "529456219", "price": 12.864, "amount": 21.0, "side": "sell", "timestamp": 1765756146721}, {"id": "529456220", "price": 12.865, "amount": 8.0, "side": "buy", "timestamp": 1765756147025}, {"id": "529456221", "price": 12.865, "amount": 9.0, "side": "buy", "timestamp": 1765756147512}, {"id": "529456222", "price": 12.864, "amount": 36.0, "side": "sell", "timestamp": 1765756147650}, {"id": "529456223", "price": 12.864, "amount": 50.0, "side": "sell", "timestamp": 1765756149516}, {"id": "529456224", "price": 12.864, "amount": 9.0, "side": "buy", "timestamp": 1765756151544}, {"id": "529456225", "price": 12.865, "amount": 1.0, "side": "buy", "timestamp": 1765756151692}, {"id": "529456226", "price": 12.865, "amount": 9.0, "side": "buy", "timestamp": 1765756152395}, {"id": "529456227", "price": 12.866, "amount": 4.0, "side": "buy", "timestamp": 1765756152479}, {"id": "529456228", "price": 12.867, "amount": 48.0, "side": "buy", "timestamp": 1765756152605}, {"id": "529456229", "price": 12.868, "amount": 8.0, "side": "buy", "timestamp": 1765756152690}, {"id": "529456230", "price": 12.869, "amount": 4.0, "side": "buy", "timestamp": 1765756152690}, {"id": "529456231", "price": 12.869, "amount": 12.0, "side": "buy", "timestamp": 1765756153049}, {"id": "529456232", "price": 12.87, "amount": 32.0, "side": "buy", "timestamp": 1765756153637}, {"id": "529456233", "price": 12.871, "amount": 15.0, "side": "buy", "timestamp": 1765756153637}, {"id": "529456234", "price": 12.871, "amount": 62.0, "side": "sell", "timestamp": 1765756155080}, {"id": "529456235", "price": 12.87, "amount": 1.0, "side": "sell", "timestamp": 1765756157317}, {"id": "529456236", "price": 12.87, "amount": 4.0, "side": "sell", "timestamp": 1765756158948}, {"id": "529456237", "price": 12.87, "amount": 27.0, "side": "sell", "timestamp": 1765756159348}, {"id": "529456238", "price": 12.871, "amount": 456.0, "side": "buy", "timestamp": 1765756160775}, {"id": "529456239", "price": 12.871, "amount": 26.0, "side": "sell", "timestamp": 1765756161414}, {"id": "529456240", "price": 12.87, "amount": 92.0, "side": "sell", "timestamp": 1765756161421}, {"id": "529456241", "price": 12.869, "amount": 16.0, "side": "sell", "timestamp": 1765756161426}, {"id": "529456242", "price": 12.868, "amount": 32.0, "side": "sell", "timestamp": 1765756162877}, {"id": "529456243", "price": 12.867, "amount": 2.0, "side": "sell", "timestamp": 1765756162979}, {"id": "529456244", "price": 12.866, "amount": 76.0, "side": "sell", "timestamp": 1765756162989}, {"id": "529456245", "price": 12.866, "amount": 17.0, "side": "sell", "timestamp": 1765756163434}, {"id": "529456246", "price": 12.867, "amount": 12.0, "side": "buy", "timestamp": 1765756165260}, {"id": "529456247", "price": 12.867, "amount": 58.0, "side": "buy", "timestamp": 1765756165510}, {"id": "529456248", "price": 12.866, "amount": 6.0, "side": "sell", "timestamp": 1765756166364}, {"id": "529456249", "price": 12.867, "amount": 1.0, "side": "buy", "timestamp": 1765756168098}, {"id": "529456250", "price": 12.867, "amount": 83.0, "side": "buy", "timestamp": 1765756168486}, {"id": "529456251", "price": 12.868, "amount": 68.0, "side": "buy", "timestamp": 1765756168856}, {"id": "529456252", "price": 12.869, "amount": 56.0, "side": "buy", "timestamp": 1765756170805}, {"id": "529456253", "price": 12.87, "amount": 275.0, "side": "buy", "timestamp": 1765756170814}, {"id": "529456263", "price": 12.873, "amount": 1.0, "side": "buy", "timestamp": 1765756188401}, {"id": "529456264", "price": 12.874, "amount": 2740.0, "side": "buy", "timestamp": 1765756188696}, {"id": "529456265", "price": 12.875, "amount": 8.0, "side": "buy", "timestamp": 1765756188746}, {"id": "529456266", "price": 12.875, "amount": 1.0, "side": "buy", "timestamp": 1765756189820}, {"id": "529456267", "price": 12.874, "amount": 1.0, "side": "sell", "timestamp": 1765756190984}, {"id": "529456268", "price": 12.875, "amount": 243.0, "side": "buy", "timestamp": 1765756191797}, {"id": "529456269", "price": 12.875, "amount": 171.0, "side": "sell", "timestamp": 1765756193374}, {"id": "529456270", "price": 12.874, "amount": 1.0, "side": "sell", "timestamp": 1765756193374}, {"id": "529456271", "price": 12.874, "amount": 30.0, "side": "sell", "timestamp": 1765756193505}, {"id": "529456272", "price": 12.873, "amount": 4.0, "side": "sell", "timestamp": 1765756193733}, {"id": "529456273", "price": 12.872, "amount": 549.0, "side": "sell", "timestamp": 1765756193806}, {"id": "529456274", "price": 12.871, "amount": 4.0, "side": "sell", "timestamp": 1765756193886}, {"id": "529456275", "price": 12.87, "amount": 29.0, "side": "sell", "timestamp": 1765756193886}, {"id": "529456276", "price": 12.871, "amount": 8.0, "side": "buy", "timestamp": 1765756194200}, {"id": "529456277", "price": 12.87, "amount": 36.0, "side": "sell", "timestamp": 1765756194787}, {"id": "529456278", "price": 12.871, "amount": 9.0, "side": "buy", "timestamp": 1765756195929}, {"id": "529456279", "price": 12.87, "amount": 134.0, "side": "sell", "timestamp": 1765756196865}, {"id": "529456280", "price": 12.869, "amount": 10.0, "side": "sell", "timestamp": 1765756197029}, {"id": "529456281", "price": 12.868, "amount": 91.0, "side": "sell", "timestamp": 1765756199809}, {"id": "529456282", "price": 12.867, "amount": 21.0, "side": "sell", "timestamp": 1765756199816}, {"id": "529456283", "price": 12.866, "amount": 196.0, "side": "sell", "timestamp": 1765756199816}, {"id": "529456284", "price": 12.865, "amount": 92.0, "side": "sell", "timestamp": 1765756200184}, {"id": "529456285", "price": 12.864, "amount": 96.0, "side": "sell", "timestamp": 1765756200210}, {"id": "529456286", "price": 12.865, "amount": 4.0, "side": "buy", "timestamp": 1765756200338}, {"id": "529456287", "price": 12.864, "amount": 1.0, "side": "sell", "timestamp": 1765756200571}, {"id": "529456288", "price": 12.865, "amount": 44.0, "side": "buy", "timestamp": 1765756200752}, {"id": "529456289", "price": 12.864, "amount": 36.0, "side": "sell", "timestamp": 1765756201336}, {"id": "529456290", "price": 12.863, "amount": 229.0, "side": "sell", "timestamp": 1765756201557}, {"id": "529456291", "price": 12.863, "amount": 1.0, "side": "buy", "timestamp": 1765756201673}, {"id": "529456292", "price": 12.862, "amount": 5.0, "side": "sell", "timestamp": 1765756201680}, {"id": "529456293", "price": 12.862, "amount": 4.0, "side": "buy", "timestamp": 1765756203291}, {"id": "529456294", "price": 12.862, "amount": 1.0, "side": "buy", "timestamp": 1765756204048}, {"id": "529456295", "price": 12.862, "amount": 1.0, "side": "sell", "timestamp": 1765756205841}, {"id": "529456296", "price": 12.863, "amount": 116.0, "side": "buy", "timestamp": 1765756209258}, {"id": "529456297", "price": 12.864, "amount": 52.0, "side": "buy", "timestamp": 1765756209372}, {"id": "529456298", "price": 12.865, "amount": 4.0, "side": "buy", "timestamp": 1765756209388}, {"id": "529456299", "price": 12.866, "amount": 5.0, "side": "buy", "timestamp": 1765756213055}, {"id": "529456300", "price": 12.866, "amount": 3.0, "side": "buy", "timestamp": 1765756214461}, {"id": "529456301", "price": 12.866, "amount": 230.0, "side": "buy", "timestamp": 1765756216012}, {"id": "529456302", "price": 12.867, "amount": 102.0, "side": "buy", "timestamp": 1765756217433}, {"id": "529456303", "price": 12.868, "amount": 25.0, "side": "buy", "timestamp": 1765756217670}, {"id": "529456304", "price": 12.869, "amount": 83.0, "side": "buy", "timestamp": 1765756218182}, {"id": "529456305", "price": 12.87, "amount": 3.0, "side": "buy", "timestamp": 1765756218186}, {"id": "529456306", "price": 12.87, "amount": 1.0, "side": "sell", "timestamp": 1765756218864}, {"id": "529456307", "price": 12.871, "amount": 33.0, "side": "buy", "timestamp": 1765756219550}, {"id": "529456308", "price": 12.871, "amount": 37.0, "side": "buy", "timestamp": 1765756221542}, {"id": "529456309", "price": 12.872, "amount": 31.0, "side": "buy", "timestamp": 1765756221902}, {"id": "529456310", "price": 12.873, "amount": 1.0, "side": "buy", "timestamp": 1765756223696}, {"id": "529456311", "price": 12.873, "amount": 48.0, "side": "buy", "timestamp": 1765756223959}, {"id": "529456312", "price": 12.874, "amount": 58.0, "side": "buy", "timestamp": 1765756223959}, {"id": "529456339", "price": 12.876, "amount": 36.0, "side": "sell", "timestamp": 1765756249844}, {"id": "529456340", "price": 12.875, "amount": 1.0, "side": "sell", "timestamp": 1765756251755}, {"id": "529456341", "price": 12.875, "amount": 206.0, "side": "sell", "timestamp": 1765756252264}, {"id": "529456342", "price": 12.875, "amount": 439.0, "side": "buy", "timestamp": 1765756253328}, {"id": "529456343", "price": 12.874, "amount": 1.0, "side": "sell", "timestamp": 1765756253331}, {"id": "529456344", "price": 12.874, "amount": 3.0, "side": "sell", "timestamp": 1765756255187}, {"id": "529456345", "price": 12.873, "amount": 33.0, "side": "sell", "timestamp": 1765756255432}, {"id": "529456346", "price": 12.874, "amount": 7.0, "side": "buy", "timestamp": 1765756255732}, {"id": "529456347", "price": 12.873, "amount": 1.0, "side": "sell", "timestamp": 1765756256206}, {"id": "529456348", "price": 12.873, "amount": 36.0, "side": "sell", "timestamp": 1765756256321}, {"id": "529456349", "price": 12.873, "amount": 4.0, "side": "sell", "timestamp": 1765756257220}, {"id": "529456350", "price": 12.874, "amount": 35.0, "side": "buy", "timestamp": 1765756257859}, {"id": "529456351", "price": 12.874, "amount": 1.0, "side": "buy", "timestamp": 1765756258564}, {"id": "529456352", "price": 12.874, "amount": 1.0, "side": "buy", "timestamp": 1765756259694}, {"id": "529456353", "price": 12.873, "amount": 3.0, "side": "sell", "timestamp": 1765756260883}, {"id": "529456354", "price": 12.874, "amount": 4.0, "side": "buy", "timestamp": 1765756261116}, {"id": "529456355", "price": 12.873, "amount": 584.0, "side": "sell", "timestamp": 1765756261939}, {"id": "529456356", "price": 12.872, "amount": 2.0, "side": "sell", "timestamp": 1765756263485}, {"id": "529456357", "price": 12.873, "amount": 46.0, "side": "buy", "timestamp": 1765756263622}, {"id": "529456358", "price": 12.872, "amount": 9.0, "side": "sell", "timestamp": 1765756264252}, {"id": "529456359", "price": 12.871, "amount": 11.0, "side": "sell", "timestamp": 1765756264444}, {"id": "529456360", "price": 12.87, "amount": 3.0, "side": "sell", "timestamp": 1765756266274}, {"id": "529456361", "price": 12.871, "amount": 10.0, "side": "buy", "timestamp": 1765756266613}, {"id": "529456362", "price": 12.871, "amount": 245.0, "side": "buy", "timestamp": 1765756266917}, {"id": "529456363", "price": 12.872, "amount": 77.0, "side": "buy", "timestamp": 1765756266917}, {"id": "529456364", "price": 12.872, "amount": 75.0, "side": "sell", "timestamp": 1765756269859}, {"id": "529456365", "price": 12.872, "amount": 26.0, "side": "buy", "timestamp": 1765756270077}, {"id": "529456366", "price": 12.873, "amount": 59.0, "side": "buy", "timestamp": 1765756270105}, {"id": "529456367", "price": 12.874, "amount": 4.0, "side": "buy", "timestamp": 1765756270356}, {"id": "529456368", "price": 12.874, "amount": 70.0, "side": "buy", "timestamp": 1765756271444}, {"id": "529456369", "price": 12.875, "amount": 17.0, "side": "buy", "timestamp": 1765756271444}, {"id": "529456370", "price": 12.876, "amount": 28.0, "side": "buy", "timestamp": 1765756272729}, {"id": "529456371", "price": 12.877, "amount": 45.0, "side": "buy", "timestamp": 1765756272833}, {"id": "529456372", "price": 12.878, "amount": 17.0, "side": "buy", "timestamp": 1765756272845}, {"id": "529456373", "price": 12.878, "amount": 45.0, "side": "buy", "timestamp": 1765756273560}, {"id": "529456374", "price": 12.878, "amount": 19.0, "side": "buy", "timestamp": 1765756273775}, {"id": "529456375", "price": 12.879, "amount": 1.0, "side": "buy", "timestamp": 1765756275767}, {"id": "529456376", "price": 12.879, "amount": 84.0, "side": "buy", "timestamp": 1765756275928}, {"id": "529456377", "price": 12.88, "amount": 92.0, "side": "buy", "timestamp": 1765756275938}, {"id": "529456378", "price": 12.881, "amount": 10.0, "side": "buy", "timestamp": 1765756275940}, {"id": "529456379", "price": 12.882, "amount": 140.0, "side": "buy", "timestamp": 1765756275940}, {"id": "529456380", "price": 12.883, "amount": 142.0, "side": "buy", "timestamp": 1765756275943}, {"id": "529456381", "price": 12.882, "amount": 81.0, "side": "sell", "timestamp": 1765756275973}, {"id": "529456382", "price": 12.881, "amount": 33.0, "side": "sell", "timestamp": 1765756277006}, {"id": "529456383", "price": 12.881, "amount": 5.0, "side": "buy", "timestamp": 1765756277063}, {"id": "529456384", "price": 12.881, "amount": 4.0, "side": "buy", "timestamp": 1765756277975}, {"id": "529456385", "price": 12.88, "amount": 2.0, "side": "sell", "timestamp": 1765756278252}, {"id": "529456386", "price": 12.88, "amount": 3.0, "side": "sell", "timestamp": 1765756280120}, {"id": "529456387", "price": 12.881, "amount": 1.0, "side": "buy", "timestamp": 1765756280674}, {"id": "529456388", "price": 12.88, "amount": 1.0, "side": "sell", "timestamp": 1765756280684}, {"id": "529456477", "price": 12.901, "amount": 3.0, "side": "sell", "timestamp": 1765756315337}, {"id": "529456478", "price": 12.9, "amount": 4.0, "side": "sell", "timestamp": 1765756316455}, {"id": "529456479", "price": 12.9, "amount": 1501.0, "side": "sell", "timestamp": 1765756317589}, {"id": "529456480", "price": 12.899, "amount": 188.0, "side": "sell", "timestamp": 1765756317594}, {"id": "529456481", "price": 12.898, "amount": 81.0, "side": "sell", "timestamp": 1765756317611}, {"id": "529456482", "price": 12.898, "amount": 77.0, "side": "buy", "timestamp": 1765756317709}, {"id": "529456483", "price": 12.897, "amount": 194.0, "side": "sell", "timestamp": 1765756318449}, {"id": "529456484", "price": 12.896, "amount": 106.0, "side": "sell", "timestamp": 1765756318739}, {"id": "529456485", "price": 12.895, "amount": 155.0, "side": "sell", "timestamp": 1765756319380}, {"id": "529456486", "price": 12.894, "amount": 6.0, "side": "sell", "timestamp": 1765756319434}, {"id": "529456487", "price": 12.893, "amount": 52.0, "side": "sell", "timestamp": 1765756319631}, {"id": "529456488", "price": 12.893, "amount": 1.0, "side": "buy", "timestamp": 1765756320417}, {"id": "529456489", "price": 12.894, "amount": 2.0, "side": "buy", "timestamp": 1765756320417}, {"id": "529456490", "price": 12.894, "amount": 20.0, "side": "buy", "timestamp": 1765756320695}, {"id": "529456491", "price": 12.895, "amount": 20.0, "side": "buy", "timestamp": 1765756320924}, {"id": "529456492", "price": 12.896, "amount": 80.0, "side": "buy", "timestamp": 1765756320924}, {"id": "529456493", "price": 12.895, "amount": 1.0, "side": "sell", "timestamp": 1765756321330}, {"id": "529456494", "price": 12.895, "amount": 1.0, "side": "buy", "timestamp": 1765756321666}, {"id": "529456495", "price": 12.894, "amount": 16.0, "side": "sell", "timestamp": 1765756322167}, {"id": "529456496", "price": 12.895, "amount": 30.0, "side": "buy", "timestamp": 1765756322199}, {"id": "529456497", "price": 12.896, "amount": 7.0, "side": "buy", "timestamp": 1765756322320}, {"id": "529456498", "price": 12.897, "amount": 15.0, "side": "buy", "timestamp": 1765756322921}, {"id": "529456499", "price": 12.896, "amount": 1.0, "side": "sell", "timestamp": 1765756323103}, {"id": "529456500", "price": 12.896, "amount": 2.0, "side": "sell", "timestamp": 1765756323970}, {"id": "529456501", "price": 12.897, "amount": 3.0, "side": "buy", "timestamp": 1765756324237}, {"id": "529456502", "price": 12.897, "amount": 58.0, "side": "buy", "timestamp": 1765756324511}, {"id": "529456503", "price": 12.897, "amount": 407.0, "side": "buy", "timestamp": 1765756325098}, {"id": "529456504", "price": 12.898, "amount": 1264.0, "side": "buy", "timestamp": 1765756325098}, {"id": "529456505", "price": 12.897, "amount": 1.0, "side": "sell", "timestamp": 1765756325410}, {"id": "529456506", "price": 12.896, "amount": 6.0, "side": "sell", "timestamp": 1765756325584}, {"id": "529456507", "price": 12.897, "amount": 603.0, "side": "buy", "timestamp": 1765756325669}, {"id": "529456508", "price": 12.897, "amount": 1.0, "side": "sell", "timestamp": 1765756326042}, {"id": "529456509", "price": 12.897, "amount": 1.0, "side": "buy", "timestamp": 1765756326046}, {"id": "529456510", "price": 12.896, "amount": 55.0, "side": "sell", "timestamp": 1765756326372}, {"id": "529456511", "price": 12.895, "amount": 2.0, "side": "sell", "timestamp": 1765756326531}, {"id": "529456512", "price": 12.895, "amount": 12.0, "side": "buy", "timestamp": 1765756328015}, {"id": "529456513", "price": 12.895, "amount": 31.0, "side": "buy", "timestamp": 1765756328232}, {"id": "529456514", "price": 12.896, "amount": 4.0, "side": "buy", "timestamp": 1765756328236}, {"id": "529456515", "price": 12.896, "amount": 86.0, "side": "sell", "timestamp": 1765756330531}, {"id": "529456516", "price": 12.895, "amount": 1.0, "side": "sell", "timestamp": 1765756330589}, {"id": "529456517", "price": 12.895, "amount": 1.0, "side": "buy", "timestamp": 1765756331695}, {"id": "529456518", "price": 12.894, "amount": 174.0, "side": "sell", "timestamp": 1765756331702}, {"id": "529456519", "price": 12.895, "amount": 29.0, "side": "buy", "timestamp": 1765756331782}, {"id": "529456520", "price": 12.896, "amount": 44.0, "side": "buy", "timestamp": 1765756332053}, {"id": "529456521", "price": 12.896, "amount": 1.0, "side": "sell", "timestamp": 1765756332412}, {"id": "529456522", "price": 12.896, "amount": 1.0, "side": "buy", "timestamp": 1765756333051}, {"id": "529456523", "price": 12.896, "amount": 20.0, "side": "buy", "timestamp": 1765756333271}, {"id": "529456524", "price": 12.896, "amount": 2.0, "side": "sell", "timestamp": 1765756334366}, {"id": "529456525", "price": 12.895, "amount": 7.0, "side": "sell", "timestamp": 1765756335242}, {"id": "529456526", "price": 12.894, "amount": 7.0, "side": "sell", "timestamp": 1765756335247}, {"id": "529456573", "price": 12.887, "amount": 236.0, "side": "buy", "timestamp": 1765756362182}, {"id": "529456574", "price": 12.888, "amount": 7.0, "side": "buy", "timestamp": 1765756362300}, {"id": "529456575", "price": 12.889, "amount": 2.0, "side": "buy", "timestamp": 1765756362326}, {"id": "529456576", "price": 12.89, "amount": 2.0, "side": "buy", "timestamp": 1765756362468}, {"id": "529456577", "price": 12.89, "amount": 18.0, "side": "sell", "timestamp": 1765756362485}, {"id": "529456578", "price": 12.891, "amount": 2.0, "side": "buy", "timestamp": 1765756362551}, {"id": "529456579", "price": 12.892, "amount": 42.0, "side": "buy", "timestamp": 1765756362666}, {"id": "529456580", "price": 12.893, "amount": 46.0, "side": "buy", "timestamp": 1765756363105}, {"id": "529456581", "price": 12.892, "amount": 5.0, "side": "sell", "timestamp": 1765756364811}, {"id": "529456582", "price": 12.893, "amount": 1.0, "side": "buy", "timestamp": 1765756365226}, {"id": "529456583", "price": 12.893, "amount": 15.0, "side": "buy", "timestamp": 1765756365465}, {"id": "529456584", "price": 12.892, "amount": 1.0, "side": "sell", "timestamp": 1765756365515}, {"id": "529456585", "price": 12.892, "amount": 3.0, "side": "sell", "timestamp": 1765756366754}, {"id": "529456586", "price": 12.893, "amount": 1.0, "side": "buy", "timestamp": 1765756367695}, {"id": "529456587", "price": 12.893, "amount": 12.0, "side": "buy", "timestamp": 1765756368018}, {"id": "529456588", "price": 12.893, "amount": 5.0, "side": "sell", "timestamp": 1765756368742}, {"id": "529456589", "price": 12.894, "amount": 1.0, "side": "buy", "timestamp": 1765756370427}, {"id": "529456590", "price": 12.893, "amount": 3.0, "side": "sell", "timestamp": 1765756370828}, {"id": "529456591", "price": 12.894, "amount": 93.0, "side": "buy", "timestamp": 1765756372176}, {"id": "529456592", "price": 12.895, "amount": 8.0, "side": "buy", "timestamp": 1765756372207}, {"id": "529456593", "price": 12.896, "amount": 115.0, "side": "buy", "timestamp": 1765756372305}, {"id": "529456594", "price": 12.897, "amount": 71.0, "side": "buy", "timestamp": 1765756373243}, {"id": "529456595", "price": 12.897, "amount": 33.0, "side": "sell", "timestamp": 1765756373589}, {"id": "529456596", "price": 12.898, "amount": 7.0, "side": "buy", "timestamp": 1765756373894}, {"id": "529456597", "price": 12.897, "amount": 36.0, "side": "sell", "timestamp": 1765756374481}, {"id": "529456598", "price": 12.897, "amount": 1.0, "side": "sell", "timestamp": 1765756374785}, {"id": "529456599", "price": 12.897, "amount": 3.0, "side": "buy", "timestamp": 1765756376661}, {"id": "529456600", "price": 12.896, "amount": 26.0, "side": "sell", "timestamp": 1765756378002}, {"id": "529456601", "price": 12.895, "amount": 2.0, "side": "sell", "timestamp": 1765756378102}, {"id": "529456602", "price": 12.894, "amount": 1.0, "side": "sell", "timestamp": 1765756380816}, {"id": "529456603", "price": 12.895, "amount": 35.0, "side": "buy", "timestamp": 1765756380895}, {"id": "529456604", "price": 12.894, "amount": 1.0, "side": "sell", "timestamp": 1765756381092}, {"id": "529456605", "price": 12.895, "amount": 22.0, "side": "buy", "timestamp": 1765756381356}, {"id": "529456606", "price": 12.895, "amount": 1.0, "side": "sell", "timestamp": 1765756381955}, {"id": "529456607", "price": 12.895, "amount": 21.0, "side": "buy", "timestamp": 1765756382646}, {"id": "529456608", "price": 12.896, "amount": 43.0, "side": "buy", "timestamp": 1765756382817}, {"id": "529456609", "price": 12.897, "amount": 17.0, "side": "buy", "timestamp": 1765756382828}, {"id": "529456610", "price": 12.897, "amount": 3.0, "side": "sell", "timestamp": 1765756383393}, {"id": "529456611", "price": 12.898, "amount": 254.0, "side": "buy", "timestamp": 1765756384124}, {"id": "529456612", "price": 12.899, "amount": 1356.0, "side": "buy", "timestamp": 1765756384124}, {"id": "529456613", "price": 12.899, "amount": 72.0, "side": "sell", "timestamp": 1765756384440}, {"id": "529456614", "price": 12.899, "amount": 31.0, "side": "buy", "timestamp": 1765756384521}, {"id": "529456615", "price": 12.898, "amount": 30.0, "side": "sell", "timestamp": 1765756384886}, {"id": "529456616", "price": 12.897, "amount": 7.0, "side": "sell", "timestamp": 1765756384909}, {"id": "529456617", "price": 12.896, "amount": 7.0, "side": "sell", "timestamp": 1765756385425}, {"id": "529456618", "price": 12.896, "amount": 4.0, "side": "buy", "timestamp": 1765756386872}, {"id": "529456619", "price": 12.896, "amount": 15.0, "side": "buy", "timestamp": 1765756387668}, {"id": "529456620", "price": 12.895, "amount": 4.0, "side": "sell", "timestamp": 1765756388066}, {"id": "529456621", "price": 12.894, "amount": 108.0, "side": "sell", "timestamp": 1765756389632}, {"id": "529456622", "price": 12.893, "amount": 5.0, "side": "sell", "timestamp": 1765756390545}, {"id": "529456634", "price": 12.893, "amount": 2.0, "side": "buy", "timestamp": 1765756400354}, {"id": "529456635", "price": 12.894, "amount": 1.0, "side": "buy", "timestamp": 1765756401215}, {"id": "529456636", "price": 12.893, "amount": 91.0, "side": "sell", "timestamp": 1765756401724}, {"id": "529456637", "price": 12.892, "amount": 74.0, "side": "sell", "timestamp": 1765756401818}, {"id": "529456638", "price": 12.893, "amount": 13.0, "side": "buy", "timestamp": 1765756403158}, {"id": "529456639", "price": 12.894, "amount": 1.0, "side": "buy", "timestamp": 1765756403697}, {"id": "529456640", "price": 12.893, "amount": 11.0, "side": "sell", "timestamp": 1765756404390}, {"id": "529456641", "price": 12.893, "amount": 6.0, "side": "buy", "timestamp": 1765756406884}, {"id": "529456642", "price": 12.893, "amount": 3.0, "side": "sell", "timestamp": 1765756408751}, {"id": "529456643", "price": 12.894, "amount": 1.0, "side": "buy", "timestamp": 1765756413848}, {"id": "529456644", "price": 12.894, "amount": 2.0, "side": "buy", "timestamp": 1765756415251}, {"id": "529456645", "price": 12.894, "amount": 562.0, "side": "buy", "timestamp": 1765756421248}, {"id": "529456646", "price": 12.894, "amount": 5.0, "side": "sell", "timestamp": 1765756421295}, {"id": "529456647", "price": 12.895, "amount": 38.0, "side": "buy", "timestamp": 1765756421324}, {"id": "529456648", "price": 12.896, "amount": 11.0, "side": "buy", "timestamp": 1765756421656}, {"id": "529456649", "price": 12.896, "amount": 2.0, "side": "sell", "timestamp": 1765756422008}, {"id": "529456650", "price": 12.895, "amount": 34.0, "side": "sell", "timestamp": 1765756423215}, {"id": "529456651", "price": 12.895, "amount": 250.0, "side": "buy", "timestamp": 1765756423979}, {"id": "529456652", "price": 12.895, "amount": 1.0, "side": "buy", "timestamp": 1765756424171}, {"id": "529456653", "price": 12.896, "amount": 152.0, "side": "buy", "timestamp": 1765756424171}, {"id": "529456654", "price": 12.896, "amount": 1.0, "side": "sell", "timestamp": 1765756424861}, {"id": "529456655", "price": 12.896, "amount": 5.0, "side": "buy", "timestamp": 1765756426283}, {"id": "529456656", "price": 12.895, "amount": 3.0, "side": "sell", "timestamp": 1765756426452}, {"id": "529456657", "price": 12.895, "amount": 2.0, "side": "buy", "timestamp": 1765756427321}, {"id": "529456658", "price": 12.895, "amount": 100.0, "side": "buy", "timestamp": 1765756430472}, {"id": "529456659", "price": 12.894, "amount": 3.0, "side": "sell", "timestamp": 1765756431392}, {"id": "529456660", "price": 12.894, "amount": 144.0, "side": "sell", "timestamp": 1765756433538}, {"id": "529456661", "price": 12.893, "amount": 3.0, "side": "sell", "timestamp": 1765756435704}, {"id": "529456662", "price": 12.893, "amount": 12.0, "side": "sell", "timestamp": 1765756437096}, {"id": "529456663", "price": 12.894, "amount": 2.0, "side": "buy", "timestamp": 1765756439412}, {"id": "529456664", "price": 12.895, "amount": 1.0, "side": "buy", "timestamp": 1765756439686}, {"id": "529456665", "price": 12.894, "amount": 49.0, "side": "sell", "timestamp": 1765756439717}, {"id": "529456666", "price": 12.893, "amount": 309.0, "side": "sell", "timestamp": 1765756439777}, {"id": "529456667", "price": 12.893, "amount": 6.0, "side": "buy", "timestamp": 1765756439823}, {"id": "529456668", "price": 12.893, "amount": 2.0, "side": "buy", "timestamp": 1765756439976}, {"id": "529456669", "price": 12.892, "amount": 125.0, "side": "sell", "timestamp": 1765756440084}, {"id": "529456670", "price": 12.891, "amount": 6.0, "side": "sell", "timestamp": 1765756440132}, {"id": "529456671", "price": 12.892, "amount": 5.0, "side": "buy", "timestamp": 1765756440180}, {"id": "529456672", "price": 12.892, "amount": 23.0, "side": "buy", "timestamp": 1765756440314}, {"id": "529456673", "price": 12.891, "amount": 7.0, "side": "sell", "timestamp": 1765756440929}, {"id": "529456674", "price": 12.891, "amount": 38.0, "side": "sell", "timestamp": 1765756441051}, {"id": "529456675", "price": 12.891, "amount": 23.0, "side": "buy", "timestamp": 1765756441152}, {"id": "529456676", "price": 12.89, "amount": 2.0, "side": "sell", "timestamp": 1765756442176}, {"id": "529456677", "price": 12.89, "amount": 2.0, "side": "sell", "timestamp": 1765756442471}, {"id": "529456678", "price": 12.889, "amount": 3.0, "side": "sell", "timestamp": 1765756443046}, {"id": "529456679", "price": 12.89, "amount": 53.0, "side": "buy", "timestamp": 1765756443133}, {"id": "529456680", "price": 12.891, "amount": 1.0, "side": "buy", "timestamp": 1765756443176}, {"id": "529456681", "price": 12.892, "amount": 1.0, "side": "buy", "timestamp": 1765756443183}, {"id": "529456682", "price": 12.892, "amount": 41.0, "side": "sell", "timestamp": 1765756444598}, {"id": "529456683", "price": 12.891, "amount": 2.0, "side": "sell", "timestamp": 1765756445575}, {"id": "529456702", "price": 12.893, "amount": 2.0, "side": "buy", "timestamp": 1765756463801}, {"id": "529456703", "price": 12.893, "amount": 26.0, "side": "sell", "timestamp": 1765756464053}, {"id": "529456704", "price": 12.892, "amount": 3.0, "side": "sell", "timestamp": 1765756464196}, {"id": "529456705", "price": 12.891, "amount": 32.0, "side": "sell", "timestamp": 1765756464426}, {"id": "529456706", "price": 12.89, "amount": 6.0, "side": "sell", "timestamp": 1765756464745}, {"id": "529456707", "price": 12.889, "amount": 27.0, "side": "sell", "timestamp": 1765756464745}, {"id": "529456708", "price": 12.89, "amount": 7.0, "side": "buy", "timestamp": 1765756465049}, {"id": "529456709", "price": 12.889, "amount": 44.0, "side": "sell", "timestamp": 1765756465627}, {"id": "529456710", "price": 12.889, "amount": 7.0, "side": "buy", "timestamp": 1765756468869}, {"id": "529456711", "price": 12.89, "amount": 6.0, "side": "buy", "timestamp": 1765756468869}, {"id": "529456712", "price": 12.89, "amount": 3.0, "side": "buy", "timestamp": 1765756468990}, {"id": "529456713", "price": 12.891, "amount": 409.0, "side": "buy", "timestamp": 1765756468996}, {"id": "529456714", "price": 12.892, "amount": 5.0, "side": "buy", "timestamp": 1765756469010}, {"id": "529456715", "price": 12.893, "amount": 11.0, "side": "buy", "timestamp": 1765756469518}, {"id": "529456716", "price": 12.894, "amount": 2.0, "side": "buy", "timestamp": 1765756470218}, {"id": "529456717", "price": 12.893, "amount": 2.0, "side": "sell", "timestamp": 1765756471630}, {"id": "529456718", "price": 12.893, "amount": 3.0, "side": "sell", "timestamp": 1765756473341}, {"id": "529456719", "price": 12.894, "amount": 4.0, "side": "buy", "timestamp": 1765756475144}, {"id": "529456720", "price": 12.894, "amount": 1.0, "side": "buy", "timestamp": 1765756475695}, {"id": "529456721", "price": 12.894, "amount": 129.0, "side": "buy", "timestamp": 1765756475929}, {"id": "529456722", "price": 12.894, "amount": 56.0, "side": "sell", "timestamp": 1765756477222}, {"id": "529456723", "price": 12.893, "amount": 13.0, "side": "sell", "timestamp": 1765756477570}, {"id": "529456724", "price": 12.892, "amount": 4.0, "side": "sell", "timestamp": 1765756477637}, {"id": "529456725", "price": 12.891, "amount": 24.0, "side": "sell", "timestamp": 1765756478988}, {"id": "529456726", "price": 12.891, "amount": 7.0, "side": "buy", "timestamp": 1765756479004}, {"id": "529456727", "price": 12.891, "amount": 93.0, "side": "buy", "timestamp": 1765756479306}, {"id": "529456728", "price": 12.89, "amount": 86.0, "side": "sell", "timestamp": 1765756479725}, {"id": "529456729", "price": 12.889, "amount": 9.0, "side": "sell", "timestamp": 1765756479739}, {"id": "529456730", "price": 12.89, "amount": 3.0, "side": "buy", "timestamp": 1765756479794}, {"id": "529456731", "price": 12.89, "amount": 2.0, "side": "buy", "timestamp": 1765756480663}, {"id": "529456732", "price": 12.89, "amount": 98.0, "side": "buy", "timestamp": 1765756482216}, {"id": "529456733", "price": 12.891, "amount": 3.0, "side": "buy", "timestamp": 1765756482231}, {"id": "529456734", "price": 12.891, "amount": 27.0, "side": "sell", "timestamp": 1765756483086}, {"id": "529456735", "price": 12.89, "amount": 7.0, "side": "sell", "timestamp": 1765756483377}, {"id": "529456736", "price": 12.891, "amount": 2.0, "side": "buy", "timestamp": 1765756486503}, {"id": "529456737", "price": 12.89, "amount": 10.0, "side": "sell", "timestamp": 1765756487453}, {"id": "529456738", "price": 12.889, "amount": 20.0, "side": "sell", "timestamp": 1765756487460}, {"id": "529456739", "price": 12.888, "amount": 5.0, "side": "sell", "timestamp": 1765756487799}, {"id": "529456740", "price": 12.888, "amount": 3.0, "side": "sell", "timestamp": 1765756491329}, {"id": "529456741", "price": 12.888, "amount": 1.0, "side": "sell", "timestamp": 1765756493091}, {"id": "529456742", "price": 12.889, "amount": 166.0, "side": "buy", "timestamp": 1765756493218}, {"id": "529456743", "price": 12.89, "amount": 192.0, "side": "buy", "timestamp": 1765756493218}, {"id": "529456744", "price": 12.891, "amount": 394.0, "side": "buy", "timestamp": 1765756493218}, {"id": "529456745", "price": 12.89, "amount": 1.0, "side": "buy", "timestamp": 1765756494246}, {"id": "529456746", "price": 12.891, "amount": 8.0, "side": "buy", "timestamp": 1765756494246}, {"id": "529456747", "price": 12.89, "amount": 3.0, "side": "sell", "timestamp": 1765756495879}, {"id": "529456748", "price": 12.891, "amount": 1.0, "side": "buy", "timestamp": 1765756496754}, {"id": "529456749", "price": 12.891, "amount": 6.0, "side": "sell", "timestamp": 1765756497033}, {"id": "529456750", "price": 12.89, "amount": 6.0, "side": "sell", "timestamp": 1765756499166}, {"id": "529456751", "price": 12.889, "amount": 2.0, "side": "sell", "timestamp": 1765756499166}, {"id": "529456773", "price": 12.889, "amount": 95.0, "side": "sell", "timestamp": 1765756518788}, {"id": "529456774", "price": 12.888, "amount": 58.0, "side": "sell", "timestamp": 1765756518791}, {"id": "529456775", "price": 12.887, "amount": 108.0, "side": "sell", "timestamp": 1765756518846}, {"id": "529456776", "price": 12.886, "amount": 20.0, "side": "sell", "timestamp": 1765756518965}, {"id": "529456777", "price": 12.887, "amount": 11.0, "side": "buy", "timestamp": 1765756519097}, {"id": "529456778", "price": 12.886, "amount": 39.0, "side": "sell", "timestamp": 1765756521382}, {"id": "529456779", "price": 12.886, "amount": 23.0, "side": "buy", "timestamp": 1765756526600}, {"id": "529456780", "price": 12.886, "amount": 1.0, "side": "buy", "timestamp": 1765756528147}, {"id": "529456781", "price": 12.886, "amount": 26.0, "side": "buy", "timestamp": 1765756528778}, {"id": "529456782", "price": 12.887, "amount": 9.0, "side": "buy", "timestamp": 1765756528829}, {"id": "529456783", "price": 12.888, "amount": 241.0, "side": "buy", "timestamp": 1765756528860}, {"id": "529456784", "price": 12.889, "amount": 31.0, "side": "buy", "timestamp": 1765756529029}, {"id": "529456785", "price": 12.89, "amount": 2.0, "side": "buy", "timestamp": 1765756529061}, {"id": "529456786", "price": 12.891, "amount": 2.0, "side": "buy", "timestamp": 1765756529179}, {"id": "529456787", "price": 12.891, "amount": 203.0, "side": "sell", "timestamp": 1765756529205}, {"id": "529456788", "price": 12.891, "amount": 1.0, "side": "sell", "timestamp": 1765756530398}, {"id": "529456789", "price": 12.892, "amount": 15.0, "side": "buy", "timestamp": 1765756530731}, {"id": "529456790", "price": 12.891, "amount": 216.0, "side": "sell", "timestamp": 1765756532565}, {"id": "529456791", "price": 12.891, "amount": 121.0, "side": "buy", "timestamp": 1765756533630}, {"id": "529456792", "price": 12.891, "amount": 100.0, "side": "sell", "timestamp": 1765756533743}, {"id": "529456793", "price": 12.892, "amount": 29.0, "side": "buy", "timestamp": 1765756533940}, {"id": "529456794", "price": 12.893, "amount": 17.0, "side": "buy", "timestamp": 1765756533940}, {"id": "529456795", "price": 12.893, "amount": 10.0, "side": "buy", "timestamp": 1765756536612}, {"id": "529456796", "price": 12.892, "amount": 3.0, "side": "sell", "timestamp": 1765756537894}, {"id": "529456797", "price": 12.892, "amount": 159.0, "side": "sell", "timestamp": 1765756539049}, {"id": "529456798", "price": 12.892, "amount": 3.0, "side": "buy", "timestamp": 1765756541065}, {"id": "529456799", "price": 12.891, "amount": 36.0, "side": "sell", "timestamp": 1765756542528}, {"id": "529456800", "price": 12.891, "amount": 1.0, "side": "buy", "timestamp": 1765756544373}, {"id": "529456801", "price": 12.892, "amount": 26.0, "side": "buy", "timestamp": 1765756544730}, {"id": "529456802", "price": 12.893, "amount": 45.0, "side": "buy", "timestamp": 1765756545039}, {"id": "529456803", "price": 12.893, "amount": 10.0, "side": "sell", "timestamp": 1765756545468}, {"id": "529456804", "price": 12.892, "amount": 3.0, "side": "sell", "timestamp": 1765756545468}, {"id": "529456805", "price": 12.891, "amount": 101.0, "side": "sell", "timestamp": 1765756545468}, {"id": "529456806", "price": 12.89, "amount": 530.0, "side": "sell", "timestamp": 1765756545468}, {"id": "529456807", "price": 12.889, "amount": 207.0, "side": "sell", "timestamp": 1765756545468}, {"id": "529456808", "price": 12.888, "amount": 257.0, "side": "sell", "timestamp": 1765756545468}, {"id": "529456809", "price": 12.889, "amount": 76.0, "side": "buy", "timestamp": 1765756545513}, {"id": "529456810", "price": 12.888, "amount": 200.0, "side": "sell", "timestamp": 1765756545513}, {"id": "529456811", "price": 12.888, "amount": 153.0, "side": "buy", "timestamp": 1765756545775}, {"id": "529456812", "price": 12.888, "amount": 18.0, "side": "sell", "timestamp": 1765756545983}, {"id": "529456813", "price": 12.888, "amount": 53.0, "side": "sell", "timestamp": 1765756546469}, {"id": "529456814", "price": 12.887, "amount": 206.0, "side": "sell", "timestamp": 1765756546469}, {"id": "529456815", "price": 12.886, "amount": 200.0, "side": "sell", "timestamp": 1765756546469}, {"id": "529456816", "price": 12.885, "amount": 1224.0, "side": "sell", "timestamp": 1765756546469}, {"id": "529456817", "price": 12.887, "amount": 2.0, "side": "buy", "timestamp": 1765756546850}, {"id": "529456818", "price": 12.888, "amount": 1.0, "side": "buy", "timestamp": 1765756547684}, {"id": "529456819", "price": 12.887, "amount": 18.0, "side": "sell", "timestamp": 1765756548006}, {"id": "529456820", "price": 12.887, "amount": 1.0, "side": "sell", "timestamp": 1765756548630}, {"id": "529456821", "price": 12.887, "amount": 3.0, "side": "sell", "timestamp": 1765756552257}, {"id": "529456822", "price": 12.888, "amount": 3.0, "side": "buy", "timestamp": 1765756552439}, {"id": "529456822", "price": 12.888, "amount": 3.0, "side": "buy", "timestamp": 1765756552439}, {"id": "529456823", "price": 12.888, "amount": 18.0, "side": "buy", "timestamp": 1765756556337}, {"id": "529456824", "price": 12.888, "amount": 3.0, "side": "sell", "timestamp": 1765756556658}, {"id": "529456825", "price": 12.888, "amount": 8.0, "side": "sell", "timestamp": 1765756557053}, {"id": "529456826", "price": 12.889, "amount": 16.0, "side": "buy", "timestamp": 1765756557093}, {"id": "529456827", "price": 12.888, "amount": 3.0, "side": "sell", "timestamp": 1765756560338}, {"id": "529456828", "price": 12.889, "amount": 3.0, "side": "buy", "timestamp": 1765756561148}, {"id": "529456829", "price": 12.889, "amount": 1.0, "side": "buy", "timestamp": 1765756561337}, {"id": "529456830", "price": 12.888, "amount": 5.0, "side": "sell", "timestamp": 1765756563785}, {"id": "529456831", "price": 12.889, "amount": 1.0, "side": "buy", "timestamp": 1765756563804}, {"id": "529456832", "price": 12.888, "amount": 2.0, "side": "sell", "timestamp": 1765756565449}, {"id": "529456833", "price": 12.888, "amount": 3.0, "side": "sell", "timestamp": 1765756566445}, {"id": "529456834", "price": 12.888, "amount": 35.0, "side": "sell", "timestamp": 1765756567132}, {"id": "529456835", "price": 12.887, "amount": 3.0, "side": "sell", "timestamp": 1765756567475}, {"id": "529456836", "price": 12.887, "amount": 3.0, "side": "sell", "timestamp": 1765756568910}, {"id": "529456837", "price": 12.887, "amount": 22.0, "side": "sell", "timestamp": 1765756569683}, {"id": "529456838", "price": 12.886, "amount": 91.0, "side": "sell", "timestamp": 1765756569691}, {"id": "529456839", "price": 12.885, "amount": 105.0, "side": "sell", "timestamp": 1765756570072}, {"id": "529456840", "price": 12.886, "amount": 1.0, "side": "buy", "timestamp": 1765756573538}, {"id": "529456841", "price": 12.885, "amount": 134.0, "side": "sell", "timestamp": 1765756574971}, {"id": "529456842", "price": 12.884, "amount": 33.0, "side": "sell", "timestamp": 1765756575476}, {"id": "529456843", "price": 12.885, "amount": 7.0, "side": "buy", "timestamp": 1765756575784}, {"id": "529456844", "price": 12.884, "amount": 36.0, "side": "sell", "timestamp": 1765756576378}, {"id": "529456845", "price": 12.885, "amount": 15.0, "side": "buy", "timestamp": 1765756577286}, {"id": "529456846", "price": 12.885, "amount": 1.0, "side": "sell", "timestamp": 1765756579295}, {"id": "529456847", "price": 12.886, "amount": 63.0, "side": "buy", "timestamp": 1765756580763}, {"id": "529456848", "price": 12.885, "amount": 61.0, "side": "sell", "timestamp": 1765756581157}, {"id": "529456849", "price": 12.885, "amount": 9.0, "side": "sell", "timestamp": 1765756581376}, {"id": "529456850", "price": 12.886, "amount": 43.0, "side": "buy", "timestamp": 1765756581850}, {"id": "529456851", "price": 12.887, "amount": 15.0, "side": "buy", "timestamp": 1765756583472}, {"id": "529456852", "price": 12.887, "amount": 1.0, "side": "buy", "timestamp": 1765756583687}, {"id": "529456853", "price": 12.886, "amount": 1.0, "side": "sell", "timestamp": 1765756590003}, {"id": "529456854", "price": 12.886, "amount": 110.0, "side": "sell", "timestamp": 1765756593223}, {"id": "529456855", "price": 12.885, "amount": 4.0, "side": "sell", "timestamp": 1765756594223}, {"id": "529456856", "price": 12.884, "amount": 3.0, "side": "sell", "timestamp": 1765756594284}, {"id": "529456857", "price": 12.883, "amount": 43.0, "side": "sell", "timestamp": 1765756594361}, {"id": "529456858", "price": 12.882, "amount": 1.0, "side": "sell", "timestamp": 1765756594515}, {"id": "529456859", "price": 12.882, "amount": 53.0, "side": "sell", "timestamp": 1765756596782}, {"id": "529456860", "price": 12.883, "amount": 160.0, "side": "buy", "timestamp": 1765756597532}, {"id": "529456861", "price": 12.884, "amount": 38.0, "side": "buy", "timestamp": 1765756597986}, {"id": "529456862", "price": 12.883, "amount": 3.0, "side": "sell", "timestamp": 1765756599389}, {"id": "529456863", "price": 12.882, "amount": 1.0, "side": "sell", "timestamp": 1765756599873}, {"id": "529456864", "price": 12.882, "amount": 2.0, "side": "sell", "timestamp": 1765756600091}, {"id": "529456865", "price": 12.882, "amount": 2.0, "side": "sell", "timestamp": 1765756601943}, {"id": "529456866", "price": 12.883, "amount": 19.0, "side": "buy", "timestamp": 1765756602632}, {"id": "529456867", "price": 12.883, "amount": 1.0, "side": "buy", "timestamp": 1765756604806}, {"id": "529456868", "price": 12.882, "amount": 1.0, "side": "sell", "timestamp": 1765756605015}, {"id": "529456869", "price": 12.882, "amount": 452.0, "side": "sell", "timestamp": 1765756609272}, {"id": "529456870", "price": 12.882, "amount": 15.0, "side": "buy", "timestamp": 1765756609935}, {"id": "529456871", "price": 12.881, "amount": 118.0, "side": "sell", "timestamp": 1765756610580}, {"id": "529456921", "price": 12.871, "amount": 1.0, "side": "buy", "timestamp": 1765756629977}, {"id": "529456922", "price": 12.87, "amount": 3.0, "side": "sell", "timestamp": 1765756630919}, {"id": "529456923", "price": 12.87, "amount": 9.0, "side": "sell", "timestamp": 1765756632262}, {"id": "529456924", "price": 12.869, "amount": 3.0, "side": "sell", "timestamp": 1765756633427}, {"id": "529456925", "price": 12.869, "amount": 24.0, "side": "sell", "timestamp": 1765756633573}, {"id": "529456926", "price": 12.868, "amount": 9.0, "side": "sell", "timestamp": 1765756633573}, {"id": "529456927", "price": 12.869, "amount": 8.0, "side": "buy", "timestamp": 1765756633885}, {"id": "529456928", "price": 12.868, "amount": 21.0, "side": "sell", "timestamp": 1765756633898}, {"id": "529456929", "price": 12.867, "amount": 8.0, "side": "sell", "timestamp": 1765756633911}, {"id": "529456930", "price": 12.867, "amount": 27.0, "side": "sell", "timestamp": 1765756634039}, {"id": "529456931", "price": 12.866, "amount": 91.0, "side": "sell", "timestamp": 1765756634039}, {"id": "529456932", "price": 12.865, "amount": 132.0, "side": "sell", "timestamp": 1765756634039}, {"id": "529456933", "price": 12.865, "amount": 36.0, "side": "sell", "timestamp": 1765756634493}, {"id": "529456934", "price": 12.866, "amount": 15.0, "side": "buy", "timestamp": 1765756635314}, {"id": "529456935", "price": 12.866, "amount": 5.0, "side": "buy", "timestamp": 1765756637908}, {"id": "529456936", "price": 12.865, "amount": 1.0, "side": "sell", "timestamp": 1765756638387}, {"id": "529456937", "price": 12.866, "amount": 68.0, "side": "buy", "timestamp": 1765756638738}, {"id": "529456938", "price": 12.867, "amount": 13.0, "side": "buy", "timestamp": 1765756638893}, {"id": "529456939", "price": 12.867, "amount": 7.0, "side": "sell", "timestamp": 1765756639342}, {"id": "529456940", "price": 12.867, "amount": 21.0, "side": "buy", "timestamp": 1765756641494}, {"id": "529456941", "price": 12.867, "amount": 12.0, "side": "sell", "timestamp": 1765756642088}, {"id": "529456942", "price": 12.868, "amount": 3.0, "side": "buy", "timestamp": 1765756642691}, {"id": "529456943", "price": 12.868, "amount": 57.0, "side": "buy", "timestamp": 1765756643115}, {"id": "529456944", "price": 12.868, "amount": 6.0, "side": "sell", "timestamp": 1765756643214}, {"id": "529456945", "price": 12.868, "amount": 11.0, "side": "sell", "timestamp": 1765756643855}, {"id": "529456946", "price": 12.869, "amount": 20.0, "side": "buy", "timestamp": 1765756645209}, {"id": "529456947", "price": 12.87, "amount": 31.0, "side": "buy", "timestamp": 1765756647078}, {"id": "529456948", "price": 12.871, "amount": 4.0, "side": "buy", "timestamp": 1765756647106}, {"id": "529456949", "price": 12.871, "amount": 59.0, "side": "buy", "timestamp": 1765756648313}, {"id": "529456950", "price": 12.872, "amount": 526.0, "side": "buy", "timestamp": 1765756648313}, {"id": "529456951", "price": 12.873, "amount": 18.0, "side": "buy", "timestamp": 1765756648313}, {"id": "529456952", "price": 12.872, "amount": 22.0, "side": "sell", "timestamp": 1765756648444}, {"id": "529456953", "price": 12.872, "amount": 5.0, "side": "buy", "timestamp": 1765756648624}, {"id": "529456954", "price": 12.872, "amount": 1.0, "side": "buy", "timestamp": 1765756649678}, {"id": "529456955", "price": 12.872, "amount": 107.0, "side": "buy", "timestamp": 1765756650181}, {"id": "529456956", "price": 12.872, "amount": 187.0, "side": "sell", "timestamp": 1765756650550}, {"id": "529456957", "price": 12.871, "amount": 1.0, "side": "sell", "timestamp": 1765756651689}, {"id": "529456958", "price": 12.872, "amount": 31.0, "side": "buy", "timestamp": 1765756652982}, {"id": "529456959", "price": 12.872, "amount": 63.0, "side": "sell", "timestamp": 1765756654443}, {"id": "529456960", "price": 12.872, "amount": 1.0, "side": "buy", "timestamp": 1765756655696}, {"id": "529456961", "price": 12.871, "amount": 117.0, "side": "sell", "timestamp": 1765756658078}, {"id": "529456962", "price": 12.87, "amount": 2.0, "side": "sell", "timestamp": 1765756658115}, {"id": "529456963", "price": 12.869, "amount": 30.0, "side": "sell", "timestamp": 1765756658163}, {"id": "529456964", "price": 12.868, "amount": 42.0, "side": "sell", "timestamp": 1765756658226}, {"id": "529456965", "price": 12.867, "amount": 133.0, "side": "sell", "timestamp": 1765756658389}, {"id": "529456966", "price": 12.866, "amount": 3.0, "side": "sell", "timestamp": 1765756658401}, {"id": "529456967", "price": 12.865, "amount": 102.0, "side": "sell", "timestamp": 1765756659367}, {"id": "529456968", "price": 12.865, "amount": 15.0, "side": "buy", "timestamp": 1765756661782}, {"id": "529456969", "price": 12.864, "amount": 5.0, "side": "sell", "timestamp": 1765756661796}, {"id": "529456970", "price": 12.864, "amount": 1.0, "side": "sell", "timestamp": 1765756663333}, {"id": "529456954", "price": 12.872, "amount": 1.0, "side": "buy", "timestamp": 1765756649678}, {"id": "529456955", "price": 12.872, "amount": 107.0, "side": "buy", "timestamp": 1765756650181}, {"id": "529456956", "price": 12.872, "amount": 187.0, "side": "sell", "timestamp": 1765756650550}, {"id": "529456957", "price": 12.871, "amount": 1.0, "side": "sell", "timestamp": 1765756651689}, {"id": "529456958", "price": 12.872, "amount": 31.0, "side": "buy", "timestamp": 1765756652982}, {"id": "529456959", "price": 12.872, "amount": 63.0, "side": "sell", "timestamp": 1765756654443}, {"id": "529456960", "price": 12.872, "amount": 1.0, "side": "buy", "timestamp": 1765756655696}, {"id": "529456961", "price": 12.871, "amount": 117.0, "side": "sell", "timestamp": 1765756658078}, {"id": "529456962", "price": 12.87, "amount": 2.0, "side": "sell", "timestamp": 1765756658115}, {"id": "529456963", "price": 12.869, "amount": 30.0, "side": "sell", "timestamp": 1765756658163}, {"id": "529456964", "price": 12.868, "amount": 42.0, "side": "sell", "timestamp": 1765756658226}, {"id": "529456965", "price": 12.867, "amount": 133.0, "side": "sell", "timestamp": 1765756658389}, {"id": "529456966", "price": 12.866, "amount": 3.0, "side": "sell", "timestamp": 1765756658401}, {"id": "529456967", "price": 12.865, "amount": 102.0, "side": "sell", "timestamp": 1765756659367}, {"id": "529456968", "price": 12.865, "amount": 15.0, "side": "buy", "timestamp": 1765756661782}, {"id": "529456969", "price": 12.864, "amount": 5.0, "side": "sell", "timestamp": 1765756661796}, {"id": "529456970", "price": 12.864, "amount": 1.0, "side": "sell", "timestamp": 1765756663333}, {"id": "529456971", "price": 12.864, "amount": 52.0, "side": "sell", "timestamp": 1765756667107}, {"id": "529456972", "price": 12.864, "amount": 1.0, "side": "buy", "timestamp": 1765756669094}, {"id": "529456973", "price": 12.863, "amount": 2.0, "side": "sell", "timestamp": 1765756676150}, {"id": "529456974", "price": 12.864, "amount": 11.0, "side": "buy", "timestamp": 1765756676216}, {"id": "529456975", "price": 12.864, "amount": 16.0, "side": "sell", "timestamp": 1765756677240}, {"id": "529456976", "price": 12.865, "amount": 1.0, "side": "buy", "timestamp": 1765756681228}, {"id": "529456977", "price": 12.864, "amount": 4.0, "side": "sell", "timestamp": 1765756681509}, {"id": "529456978", "price": 12.864, "amount": 13.0, "side": "sell", "timestamp": 1765756681712}, {"id": "529456979", "price": 12.863, "amount": 200.0, "side": "sell", "timestamp": 1765756681737}, {"id": "529456980", "price": 12.863, "amount": 1.0, "side": "buy", "timestamp": 1765756682259}, {"id": "529456981", "price": 12.862, "amount": 4.0, "side": "sell", "timestamp": 1765756683263}, {"id": "529456982", "price": 12.863, "amount": 1.0, "side": "buy", "timestamp": 1765756683661}, {"id": "529456983", "price": 12.863, "amount": 1.0, "side": "buy", "timestamp": 1765756684100}, {"id": "529456984", "price": 12.862, "amount": 158.0, "side": "sell", "timestamp": 1765756687889}, {"id": "529456985", "price": 12.862, "amount": 1.0, "side": "sell", "timestamp": 1765756688361}, {"id": "529456986", "price": 12.863, "amount": 1.0, "side": "buy", "timestamp": 1765756689725}, {"id": "529456987", "price": 12.863, "amount": 1.0, "side": "buy", "timestamp": 1765756690330}, {"id": "529456988", "price": 12.863, "amount": 3.0, "side": "buy", "timestamp": 1765756690708}, {"id": "529456989", "price": 12.862, "amount": 5.0, "side": "sell", "timestamp": 1765756691521}, {"id": "529456990", "price": 12.863, "amount": 1.0, "side": "buy", "timestamp": 1765756691688}, {"id": "529456991", "price": 12.862, "amount": 3.0, "side": "sell", "timestamp": 1765756691722}, {"id": "529456992", "price": 12.862, "amount": 33.0, "side": "sell", "timestamp": 1765756694470}, {"id": "529456993", "price": 12.863, "amount": 8.0, "side": "buy", "timestamp": 1765756694781}, {"id": "529456994", "price": 12.862, "amount": 36.0, "side": "sell", "timestamp": 1765756695369}, {"id": "529456995", "price": 12.862, "amount": 1.0, "side": "sell", "timestamp": 1765756699427}, {"id": "529456996", "price": 12.863, "amount": 1.0, "side": "buy", "timestamp": 1765756700508}, {"id": "529456997", "price": 12.863, "amount": 59.0, "side": "buy", "timestamp": 1765756703251}, {"id": "529456998", "price": 12.864, "amount": 15.0, "side": "buy", "timestamp": 1765756709317}, {"id": "529456999", "price": 12.863, "amount": 1.0, "side": "sell", "timestamp": 1765756715219}, {"id": "529457000", "price": 12.863, "amount": 22.0, "side": "sell", "timestamp": 1765756718953}, {"id": "529457001", "price": 12.863, "amount": 119.0, "side": "buy", "timestamp": 1765756719225}, {"id": "529457002", "price": 12.862, "amount": 2.0, "side": "sell", "timestamp": 1765756719904}, {"id": "529457003", "price": 12.863, "amount": 3.0, "side": "buy", "timestamp": 1765756720180}, {"id": "529457009", "price": 12.862, "amount": 10.0, "side": "sell", "timestamp": 1765756728535}, {"id": "529457010", "price": 12.863, "amount": 5.0, "side": "buy", "timestamp": 1765756728746}, {"id": "529457011", "price": 12.862, "amount": 1.0, "side": "sell", "timestamp": 1765756731078}, {"id": "529457012", "price": 12.862, "amount": 2.0, "side": "sell", "timestamp": 1765756732591}, {"id": "529457013", "price": 12.862, "amount": 1.0, "side": "sell", "timestamp": 1765756733224}, {"id": "529457014", "price": 12.862, "amount": 5.0, "side": "sell", "timestamp": 1765756736439}, {"id": "529457015", "price": 12.862, "amount": 5.0, "side": "sell", "timestamp": 1765756737299}, {"id": "529457016", "price": 12.862, "amount": 4.0, "side": "sell", "timestamp": 1765756739710}, {"id": "529457017", "price": 12.861, "amount": 15.0, "side": "sell", "timestamp": 1765756739710}, {"id": "529457018", "price": 12.861, "amount": 3.0, "side": "sell", "timestamp": 1765756740760}, {"id": "529457019", "price": 12.861, "amount": 368.0, "side": "sell", "timestamp": 1765756741950}, {"id": "529457020", "price": 12.86, "amount": 971.0, "side": "sell", "timestamp": 1765756742044}, {"id": "529457021", "price": 12.859, "amount": 4.0, "side": "sell", "timestamp": 1765756742301}, {"id": "529457022", "price": 12.859, "amount": 1.0, "side": "sell", "timestamp": 1765756742558}, {"id": "529457023", "price": 12.859, "amount": 3.0, "side": "sell", "timestamp": 1765756745136}, {"id": "529457024", "price": 12.859, "amount": 1.0, "side": "sell", "timestamp": 1765756746696}, {"id": "529457025", "price": 12.86, "amount": 141.0, "side": "buy", "timestamp": 1765756749175}, {"id": "529457026", "price": 12.86, "amount": 603.0, "side": "sell", "timestamp": 1765756750054}, {"id": "529457027", "price": 12.86, "amount": 57.0, "side": "buy", "timestamp": 1765756751798}, {"id": "529457028", "price": 12.861, "amount": 3.0, "side": "buy", "timestamp": 1765756751838}, {"id": "529457029", "price": 12.862, "amount": 29.0, "side": "buy", "timestamp": 1765756751934}, {"id": "529457030", "price": 12.862, "amount": 6.0, "side": "sell", "timestamp": 1765756753690}, {"id": "529457031", "price": 12.861, "amount": 71.0, "side": "sell", "timestamp": 1765756753690}, {"id": "529457032", "price": 12.86, "amount": 341.0, "side": "sell", "timestamp": 1765756753691}, {"id": "529457033", "price": 12.86, "amount": 1.0, "side": "sell", "timestamp": 1765756754330}, {"id": "529457034", "price": 12.861, "amount": 2.0, "side": "buy", "timestamp": 1765756754383}, {"id": "529457035", "price": 12.862, "amount": 222.0, "side": "buy", "timestamp": 1765756754383}, {"id": "529457036", "price": 12.861, "amount": 6.0, "side": "sell", "timestamp": 1765756754910}, {"id": "529457037", "price": 12.861, "amount": 2.0, "side": "sell", "timestamp": 1765756755097}, {"id": "529457038", "price": 12.862, "amount": 219.0, "side": "buy", "timestamp": 1765756755542}, {"id": "529457039", "price": 12.862, "amount": 3.0, "side": "sell", "timestamp": 1765756756558}, {"id": "529457040", "price": 12.862, "amount": 1.0, "side": "sell", "timestamp": 1765756757491}, {"id": "529457041", "price": 12.863, "amount": 22.0, "side": "buy", "timestamp": 1765756758505}, {"id": "529457042", "price": 12.864, "amount": 44.0, "side": "buy", "timestamp": 1765756759863}, {"id": "529457043", "price": 12.865, "amount": 80.0, "side": "buy", "timestamp": 1765756761024}, {"id": "529457044", "price": 12.864, "amount": 195.0, "side": "sell", "timestamp": 1765756763543}, {"id": "529457045", "price": 12.863, "amount": 9.0, "side": "sell", "timestamp": 1765756763543}, {"id": "529457046", "price": 12.864, "amount": 1.0, "side": "buy", "timestamp": 1765756763693}, {"id": "529457047", "price": 12.863, "amount": 81.0, "side": "sell", "timestamp": 1765756765062}, {"id": "529457048", "price": 12.862, "amount": 7.0, "side": "sell", "timestamp": 1765756765062}, {"id": "529457049", "price": 12.863, "amount": 2.0, "side": "buy", "timestamp": 1765756766121}, {"id": "529457050", "price": 12.862, "amount": 12.0, "side": "sell", "timestamp": 1765756766389}, {"id": "529457051", "price": 12.861, "amount": 80.0, "side": "sell", "timestamp": 1765756766396}, {"id": "529457052", "price": 12.861, "amount": 10.0, "side": "buy", "timestamp": 1765756766614}, {"id": "529457053", "price": 12.86, "amount": 75.0, "side": "sell", "timestamp": 1765756767130}, {"id": "529457054", "price": 12.859, "amount": 137.0, "side": "sell", "timestamp": 1765756767641}, {"id": "529457055", "price": 12.859, "amount": 2.0, "side": "buy", "timestamp": 1765756769526}, {"id": "529457056", "price": 12.858, "amount": 15.0, "side": "sell", "timestamp": 1765756770573}, {"id": "529457057", "price": 12.859, "amount": 20.0, "side": "buy", "timestamp": 1765756770573}, {"id": "529457058", "price": 12.858, "amount": 168.0, "side": "sell", "timestamp": 1765756772341}]