[{"symbol": "BTCUSDT", "bids": [[89629.9, 3.024], [89629.8, 0.061], [89629.5, 0.002], [89629.4, 0.003], [89629.2, 0.046], [89629.0, 0.004], [89628.9, 0.003], [89628.5, 0.012], [89628.3, 0.011], [89628.1, 0.009], [89628.0, 0.007], [89627.9, 0.115], [89627.6, 0.003], [89627.5, 0.084], [89627.4, 0.473], [89627.2, 0.002], [89627.1, 0.003], [89626.9, 0.062], [89626.8, 0.002], [89626.7, 0.003]], "asks": [[89630.0, 1.789], [89630.1, 0.008], [89630.4, 0.008], [89630.6, 0.007], [89630.7, 0.002], [89630.9, 0.003], [89631.0, 0.002], [89631.2, 0.015], [89631.3, 0.006], [89631.4, 0.465], [89631.6, 0.004], [89631.7, 0.002], [89631.9, 0.007], [89632.0, 0.002], [89632.1, 0.01], [89632.3, 0.002], [89632.4, 0.046], [89632.5, 0.004], [89632.7, 0.002], [89632.9, 0.021]], "timestamp": "2025-12-06T04:50:41.551771+00:00"}, {"symbol": "BTCUSDT", "bids": [[89604.5, 2.897], [89604.4, 0.004], [89604.3, 0.003], [89604.0, 0.007], [89603.6, 0.003], [89603.5, 0.003], [89603.3, 0.122], [89603.2, 0.446], [89603.1, 0.005], [89603.0, 0.003], [89602.6, 0.002], [89602.5, 0.005], [89602.4, 0.003], [89602.2, 0.004], [89601.9, 0.115], [89601.8, 0.002], [89601.6, 0.009], [89601.5, 0.002], [89601.4, 0.003], [89601.3, 0.006]], "asks": [[89604.6, 6.543], [89604.7, 0.405], [89604.8, 0.056], [89604.9, 0.002], [89605.1, 0.003], [89605.5, 1.217], [89605.6, 0.057], [89605.7, 0.004], [89605.8, 0.055], [89605.9, 0.005], [89606.0, 0.002], [89606.1, 0.009], [89606.2, 0.011], [89606.3, 0.003], [89606.6, 0.007], [89606.8, 0.012], [89606.9, 0.002], [89607.0, 0.003], [89607.1, 0.003], [89607.5, 0.005]], "timestamp": "2025-12-06T04:51:22.871133+00:00"}, {"symbol": "BTCUSDT", "bids": [[89558.0, 5.614], [89557.9, 0.004], [89557.8, 0.012], [89557.6, 0.002], [89556.9, 2.085], [89556.8, 0.996], [89556.7, 0.814], [89556.4, 0.003], [89556.3, 0.002], [89556.2, 1.403], [89556.1, 1.227], [89556.0, 1.137], [89555.9, 0.131], [89555.8, 1.0], [89555.7, 0.011], [89555.6, 0.114], [89555.5, 0.005], [89555.2, 0.015], [89555.0, 0.007], [89554.8, 0.285]], "asks": [[89558.1, 1.196], [89558.2, 0.006], [89558.4, 0.017], [89558.5, 0.013], [89558.6, 0.003], [89559.0, 0.004], [89559.1, 0.003], [89559.3, 0.004], [89559.4, 0.002], [89559.7, 0.003], [89560.0, 0.002], [89560.1, 0.003], [89560.2, 0.003], [89560.7, 0.005], [89560.9, 0.005], [89561.1, 0.002], [89561.2, 0.003], [89561.3, 0.003], [89561.5, 0.014], [89561.7, 0.005]], "timestamp": "2025-12-06T04:52:13.929434+00:00"}, {"symbol": "BTCUSDT", "bids": [[89590.5, 2.131], [89590.4, 0.004], [89590.3, 0.002], [89590.2, 0.003], [89589.7, 0.002], [89589.6, 0.002], [89589.4, 0.11], [89589.0, 0.192], [89588.8, 0.004], [89588.7, 0.002], [89588.6, 0.03], [89588.5, 0.003], [89588.4, 0.004], [89588.3, 0.002], [89588.2, 0.052], [89588.1, 0.011], [89588.0, 0.01], [89587.8, 0.217], [89587.7, 0.003], [89587.6, 0.013]], "asks": [[89590.6, 11.101], [89590.7, 0.008], [89590.9, 0.012], [89591.2, 0.05], [89591.3, 0.002], [89591.4, 0.007], [89591.6, 0.002], [89591.9, 0.293], [89592.0, 0.05], [89592.3, 0.004], [89592.4, 0.005], [89592.6, 0.003], [89592.8, 0.002], [89593.1, 0.003], [89593.2, 0.061], [89593.4, 0.007], [89593.5, 0.112], [89593.6, 0.003], [89593.7, 0.006], [89594.1, 0.005]], "timestamp": "2025-12-06T04:53:05.160465+00:00"}, {"symbol": "BTCUSDT", "bids": [[89557.0, 9.89], [89556.9, 0.802], [89556.6, 2.958], [89556.5, 1.302], [89555.8, 1.0], [89555.7, 1.416], [89555.6, 0.014], [89555.1, 0.024], [89555.0, 0.004], [89554.7, 1.0], [89554.6, 0.305], [89554.5, 0.01], [89554.4, 0.004], [89554.3, 0.012], [89554.1, 0.002], [89554.0, 0.003], [89553.9, 0.002], [89553.8, 0.003], [89553.7, 0.237], [89553.6, 0.059]], "asks": [[89557.1, 1.738], [89557.2, 0.002], [89557.6, 0.005], [89558.1, 0.003], [89558.3, 0.003], [89558.4, 0.05], [89558.5, 0.011], [89558.6, 0.003], [89559.0, 0.004], [89559.1, 0.003], [89559.3, 0.003], [89559.6, 0.003], [89559.8, 0.002], [89559.9, 0.055], [89560.0, 0.003], [89560.1, 0.07], [89560.2, 0.003], [89560.3, 0.002], [89560.7, 0.003], [89561.2, 0.003]], "timestamp": "2025-12-06T04:53:56.374618+00:00"}, {"symbol": "BTCUSDT", "bids": [[89567.8, 2.737], [89567.7, 0.006], [89567.4, 0.68], [89567.3, 1.002], [89567.2, 0.336], [89567.1, 0.004], [89566.7, 0.003], [89566.5, 0.002], [89566.4, 1.002], [89566.3, 0.002], [89566.2, 0.003], [89565.9, 1.223], [89565.8, 0.011], [89565.7, 0.112], [89565.6, 0.003], [89565.4, 0.002], [89565.2, 0.003], [89565.0, 0.002], [89564.8, 0.002], [89564.7, 0.003]], "asks": [[89567.9, 2.732], [89568.0, 0.063], [89568.2, 0.004], [89568.4, 0.003], [89569.1, 0.002], [89569.2, 0.003], [89569.3, 0.041], [89569.5, 0.013], [89569.7, 0.036], [89569.8, 0.015], [89569.9, 0.003], [89570.0, 0.007], [89570.2, 0.005], [89570.4, 0.003], [89570.8, 0.002], [89570.9, 0.005], [89571.1, 0.002], [89571.2, 0.003], [89571.3, 0.002], [89571.8, 0.589]], "timestamp": "2025-12-06T04:54:47.398590+00:00"}, {"symbol": "BTCUSDT", "bids": [[89621.1, 0.126], [89621.0, 0.005], [89620.8, 0.003], [89620.7, 0.002], [89620.5, 0.003], [89620.2, 0.003], [89620.1, 0.002], [89619.9, 0.003], [89619.7, 0.002], [89619.4, 0.006], [89619.2, 0.006], [89618.9, 0.003], [89618.6, 0.005], [89618.4, 0.002], [89618.3, 0.004], [89618.2, 0.003], [89618.1, 0.002], [89618.0, 0.002], [89617.9, 0.005], [89617.6, 0.002]], "asks": [[89621.2, 14.76], [89621.3, 0.006], [89621.7, 0.1], [89621.9, 0.246], [89622.0, 0.302], [89622.1, 0.046], [89622.2, 0.1], [89622.3, 0.1], [89622.7, 0.012], [89622.8, 0.021], [89622.9, 0.011], [89623.0, 0.003], [89623.2, 0.003], [89623.4, 0.002], [89623.5, 0.003], [89623.6, 0.002], [89623.7, 0.011], [89623.8, 0.004], [89623.9, 0.166], [89624.0, 0.003]], "timestamp": "2025-12-06T04:55:39.276797+00:00"}, {"symbol": "BTCUSDT", "bids": [[89626.5, 6.922], [89626.4, 0.009], [89626.3, 0.013], [89626.0, 0.005], [89625.6, 0.467], [89625.5, 0.004], [89625.3, 0.003], [89625.0, 0.101], [89624.9, 0.232], [89624.8, 0.223], [89624.7, 0.129], [89624.6, 0.004], [89624.5, 0.003], [89624.4, 0.002], [89624.2, 0.009], [89623.8, 0.102], [89623.7, 0.014], [89623.6, 0.014], [89623.5, 0.002], [89622.9, 0.013]], "asks": [[89626.6, 1.308], [89626.7, 0.005], [89627.1, 0.006], [89627.2, 0.005], [89627.4, 0.011], [89627.7, 0.003], [89628.0, 0.006], [89628.2, 0.554], [89628.3, 0.002], [89628.4, 0.017], [89628.6, 0.003], [89628.7, 0.003], [89628.9, 0.002], [89629.2, 0.063], [89629.3, 0.002], [89629.4, 0.002], [89629.8, 0.002], [89629.9, 0.002], [89630.0, 0.152], [89630.2, 0.002]], "timestamp": "2025-12-06T04:56:30.388438+00:00"}, {"symbol": "BTCUSDT", "bids": [[89637.3, 4.175], [89637.2, 0.367], [89637.1, 0.644], [89636.8, 0.006], [89636.7, 0.112], [89636.5, 0.561], [89636.4, 0.002], [89636.2, 0.004], [89636.1, 0.012], [89635.9, 0.002], [89635.8, 0.003], [89635.6, 0.002], [89635.3, 0.005], [89635.1, 0.003], [89635.0, 0.012], [89634.9, 0.015], [89634.8, 0.003], [89634.7, 0.005], [89634.6, 0.004], [89634.5, 0.003]], "asks": [[89637.4, 4.594], [89637.5, 0.062], [89637.7, 0.002], [89637.9, 0.002], [89638.2, 0.055], [89638.3, 0.015], [89638.7, 0.004], [89639.2, 0.006], [89639.5, 0.003], [89639.9, 0.003], [89640.0, 0.006], [89640.3, 0.003], [89640.5, 0.002], [89640.7, 0.006], [89641.0, 0.005], [89641.2, 0.007], [89641.5, 0.002], [89641.7, 0.003], [89641.8, 0.003], [89642.1, 0.003]], "timestamp": "2025-12-06T04:57:21.989322+00:00"}, {"symbol": "BTCUSDT", "bids": [[89625.7, 6.286], [89625.6, 0.047], [89625.5, 0.004], [89625.3, 0.113], [89625.2, 0.047], [89625.1, 0.066], [89625.0, 0.072], [89624.9, 0.002], [89624.7, 0.005], [89624.6, 0.059], [89624.4, 0.012], [89624.2, 0.003], [89623.8, 0.006], [89623.7, 0.012], [89623.6, 0.004], [89623.4, 0.002], [89623.2, 0.124], [89623.1, 0.002], [89623.0, 0.002], [89622.9, 0.008]], "asks": [[89625.8, 0.715], [89625.9, 0.063], [89626.1, 0.002], [89626.2, 0.004], [89626.3, 0.003], [89626.8, 0.003], [89627.1, 0.002], [89627.7, 0.003], [89627.8, 0.003], [89628.0, 0.002], [89628.4, 0.141], [89628.5, 0.002], [89628.6, 0.003], [89628.9, 0.002], [89629.0, 0.003], [89629.4, 0.003], [89629.5, 0.003], [89629.7, 0.101], [89629.8, 0.023], [89630.0, 0.005]], "timestamp": "2025-12-06T04:58:14.156852+00:00"}, {"symbol": "BTCUSDT", "bids": [[89617.1, 2.259], [89617.0, 0.007], [89616.9, 0.002], [89616.6, 0.008], [89616.5, 0.004], [89616.1, 0.003], [89615.8, 0.107], [89615.7, 0.045], [89615.6, 0.061], [89615.4, 0.003], [89615.3, 0.025], [89615.1, 0.003], [89615.0, 0.002], [89614.8, 0.006], [89614.7, 0.009], [89614.2, 0.003], [89614.1, 0.005], [89613.8, 0.029], [89613.7, 0.003], [89613.5, 0.004]], "asks": [[89617.2, 9.286], [89617.3, 0.029], [89617.4, 0.002], [89617.7, 0.012], [89618.2, 0.285], [89618.3, 0.002], [89618.4, 0.002], [89618.5, 0.033], [89618.8, 0.012], [89618.9, 0.003], [89619.0, 0.013], [89619.1, 0.004], [89619.2, 0.005], [89619.4, 0.003], [89620.0, 0.132], [89620.1, 0.003], [89620.2, 0.002], [89620.3, 0.003], [89620.8, 0.003], [89621.1, 0.045]], "timestamp": "2025-12-06T04:59:05.448786+00:00"}, {"symbol": "BTCUSDT", "bids": [[89612.2, 2.67], [89612.1, 0.131], [89612.0, 0.468], [89611.9, 0.005], [89611.6, 0.003], [89611.2, 0.002], [89611.1, 0.008], [89610.9, 0.026], [89610.7, 0.004], [89610.6, 0.005], [89610.5, 0.004], [89610.4, 0.002], [89610.3, 0.118], [89610.2, 0.003], [89610.0, 0.113], [89609.8, 0.002], [89609.7, 0.006], [89609.6, 0.012], [89609.4, 0.002], [89609.3, 0.002]], "asks": [[89612.3, 7.338], [89612.4, 0.068], [89612.5, 0.042], [89612.9, 0.002], [89613.0, 0.007], [89613.6, 0.003], [89613.7, 0.002], [89613.8, 0.39], [89613.9, 0.066], [89614.0, 0.012], [89614.1, 0.002], [89614.2, 0.003], [89614.3, 0.003], [89614.6, 0.002], [89614.7, 0.003], [89614.8, 0.004], [89615.0, 0.002], [89615.1, 0.015], [89615.2, 0.003], [89615.3, 0.002]], "timestamp": "2025-12-06T04:59:56.556883+00:00"}, {"symbol": "BTCUSDT", "bids": [[89656.8, 3.564], [89656.7, 0.031], [89656.6, 0.689], [89656.5, 0.112], [89656.4, 0.113], [89656.2, 0.008], [89655.8, 0.004], [89655.7, 0.003], [89655.2, 0.003], [89655.1, 0.446], [89655.0, 0.004], [89654.9, 0.004], [89654.8, 0.003], [89654.7, 0.003], [89654.6, 0.003], [89654.4, 0.002], [89654.2, 0.003], [89654.0, 0.119], [89653.9, 0.004], [89653.8, 0.002]], "asks": [[89656.9, 7.427], [89657.0, 0.02], [89657.1, 0.055], [89657.2, 0.003], [89657.4, 0.002], [89657.5, 0.002], [89657.7, 0.029], [89658.0, 0.062], [89658.2, 0.019], [89658.3, 0.002], [89658.4, 0.008], [89658.7, 0.005], [89658.8, 0.007], [89658.9, 0.026], [89659.0, 0.003], [89659.1, 0.005], [89659.2, 0.029], [89659.3, 0.117], [89659.4, 0.384], [89659.5, 0.138]], "timestamp": "2025-12-06T05:00:48.093488+00:00"}, {"symbol": "BTCUSDT", "bids": [[89685.6, 6.869], [89685.5, 0.051], [89685.4, 1.756], [89685.3, 1.006], [89685.2, 1.156], [89685.1, 0.019], [89685.0, 0.032], [89684.8, 0.003], [89684.6, 0.003], [89684.4, 0.004], [89684.1, 0.055], [89684.0, 1.0], [89683.9, 0.004], [89683.8, 0.189], [89683.7, 0.132], [89683.6, 8.019], [89683.5, 0.041], [89683.3, 0.005], [89683.2, 0.002], [89683.1, 0.002]], "asks": [[89685.7, 1.022], [89685.8, 0.007], [89685.9, 0.002], [89686.2, 0.006], [89686.3, 0.008], [89686.4, 0.002], [89686.7, 0.003], [89686.9, 0.002], [89687.0, 0.002], [89687.2, 0.163], [89687.3, 0.002], [89687.5, 0.002], [89687.6, 0.003], [89687.7, 0.017], [89687.9, 0.002], [89688.0, 0.01], [89688.2, 0.003], [89688.3, 0.004], [89688.5, 0.002], [89688.6, 0.007]], "timestamp": "2025-12-06T05:01:39.579578+00:00"}, {"symbol": "BTCUSDT", "bids": [[89683.6, 10.607], [89683.5, 0.011], [89683.3, 0.005], [89683.2, 0.004], [89682.8, 0.031], [89682.7, 0.045], [89682.6, 0.004], [89682.4, 0.003], [89682.1, 0.005], [89682.0, 0.002], [89681.9, 0.003], [89681.8, 0.003], [89681.7, 0.002], [89681.4, 0.003], [89681.1, 0.002], [89681.0, 0.003], [89680.9, 0.003], [89680.8, 0.006], [89680.7, 0.002], [89680.5, 0.059]], "asks": [[89683.7, 3.648], [89683.8, 0.004], [89683.9, 0.274], [89684.1, 0.012], [89684.3, 0.002], [89684.6, 0.002], [89685.0, 0.147], [89685.2, 0.006], [89685.6, 0.466], [89685.7, 0.017], [89685.9, 0.003], [89686.1, 0.009], [89686.2, 0.003], [89686.4, 0.002], [89686.7, 0.006], [89686.8, 0.067], [89687.0, 0.02], [89687.2, 0.003], [89687.5, 0.003], [89687.7, 0.167]], "timestamp": "2025-12-06T05:02:30.652491+00:00"}, {"symbol": "BTCUSDT", "bids": [[89668.7, 1.489], [89668.6, 0.003], [89668.5, 0.011], [89668.4, 0.003], [89668.3, 0.002], [89668.2, 0.003], [89667.9, 0.003], [89667.6, 0.004], [89667.4, 0.004], [89667.2, 0.003], [89667.1, 0.002], [89667.0, 0.004], [89666.8, 0.005], [89666.7, 0.003], [89666.6, 0.003], [89666.5, 0.004], [89666.4, 0.003], [89666.3, 0.003], [89666.2, 0.002], [89666.1, 0.055]], "asks": [[89668.8, 12.701], [89668.9, 0.743], [89669.0, 0.002], [89669.3, 0.334], [89669.7, 0.002], [89670.2, 1.0], [89670.3, 0.004], [89670.9, 1.003], [89671.0, 1.117], [89671.1, 0.002], [89671.5, 1.014], [89671.6, 0.622], [89671.7, 1.198], [89671.8, 0.006], [89671.9, 0.035], [89672.0, 0.002], [89672.1, 0.002], [89672.2, 0.003], [89672.4, 0.062], [89672.5, 0.8]], "timestamp": "2025-12-06T05:03:21.982239+00:00"}, {"symbol": "BTCUSDT", "bids": [[89648.8, 3.955], [89648.7, 0.009], [89648.6, 0.015], [89648.3, 0.003], [89648.1, 0.002], [89647.8, 0.007], [89647.6, 0.039], [89647.4, 0.002], [89647.3, 0.025], [89647.2, 0.086], [89646.9, 0.004], [89646.8, 0.017], [89646.4, 0.446], [89646.3, 0.003], [89646.1, 0.002], [89646.0, 0.007], [89645.9, 0.002], [89645.8, 0.003], [89645.6, 0.007], [89645.5, 0.002]], "asks": [[89648.9, 7.174], [89649.0, 0.006], [89649.3, 0.012], [89649.5, 0.002], [89649.8, 0.112], [89649.9, 0.066], [89650.0, 0.002], [89650.4, 0.004], [89650.6, 0.012], [89650.7, 0.002], [89650.8, 0.024], [89650.9, 0.919], [89651.0, 1.0], [89651.1, 0.981], [89651.2, 0.008], [89651.3, 0.002], [89651.4, 0.003], [89651.5, 0.167], [89651.6, 1.0], [89651.7, 0.872]], "timestamp": "2025-12-06T05:04:13.443133+00:00"}, {"symbol": "BTCUSDT", "bids": [[89669.9, 12.439], [89669.8, 0.007], [89669.7, 0.002], [89669.6, 0.003], [89669.2, 0.073], [89669.1, 0.144], [89669.0, 0.002], [89668.9, 0.073], [89668.8, 0.451], [89668.7, 0.019], [89668.6, 0.015], [89668.2, 0.003], [89668.1, 0.289], [89667.9, 0.003], [89667.7, 0.017], [89667.6, 0.004], [89667.2, 0.006], [89667.0, 0.004], [89666.9, 0.002], [89666.7, 0.003]], "asks": [[89670.0, 1.563], [89670.1, 0.004], [89670.4, 0.028], [89670.6, 0.011], [89670.9, 0.005], [89671.1, 0.003], [89671.3, 0.002], [89671.5, 0.08], [89671.7, 0.006], [89671.8, 0.002], [89672.0, 0.004], [89672.1, 0.002], [89672.2, 0.003], [89672.4, 0.005], [89672.7, 0.002], [89672.8, 0.005], [89672.9, 0.002], [89673.0, 0.003], [89673.1, 0.003], [89673.2, 0.003]], "timestamp": "2025-12-06T05:05:04.811694+00:00"}, {"symbol": "BTCUSDT", "bids": [[89674.9, 1.288], [89674.8, 0.014], [89674.7, 0.343], [89674.6, 0.005], [89674.5, 0.002], [89674.1, 0.003], [89673.7, 0.002], [89673.6, 0.003], [89673.5, 0.203], [89673.4, 0.07], [89673.1, 0.004], [89673.0, 0.019], [89672.9, 0.003], [89672.8, 0.004], [89672.7, 0.003], [89672.5, 0.013], [89672.2, 0.58], [89672.1, 0.003], [89672.0, 0.002], [89671.9, 0.007]], "asks": [[89675.0, 5.678], [89675.1, 0.11], [89675.2, 0.108], [89675.3, 0.002], [89675.4, 0.002], [89675.5, 0.002], [89675.7, 0.112], [89675.9, 0.015], [89676.0, 0.107], [89676.2, 0.002], [89676.4, 0.007], [89676.6, 0.007], [89676.9, 0.058], [89677.0, 0.05], [89677.1, 0.002], [89677.2, 0.01], [89677.4, 0.003], [89677.6, 0.003], [89677.7, 0.002], [89677.8, 0.004]], "timestamp": "2025-12-06T05:05:56.084793+00:00"}, {"symbol": "BTCUSDT", "bids": [[89638.5, 0.831], [89638.4, 0.006], [89638.3, 0.022], [89638.1, 0.002], [89638.0, 0.002], [89637.8, 0.003], [89637.4, 0.714], [89637.3, 0.005], [89637.1, 0.003], [89637.0, 0.002], [89636.9, 0.002], [89636.8, 0.013], [89636.6, 0.112], [89636.5, 0.003], [89636.3, 0.014], [89636.1, 0.036], [89635.9, 0.004], [89635.8, 0.449], [89635.7, 0.003], [89635.6, 0.081]], "asks": [[89638.6, 6.442], [89638.7, 0.008], [89638.8, 0.012], [89638.9, 0.003], [89639.0, 0.014], [89639.2, 0.05], [89639.4, 0.003], [89639.5, 0.112], [89639.9, 0.258], [89640.0, 0.054], [89640.4, 0.002], [89640.5, 0.003], [89640.6, 0.003], [89640.9, 0.067], [89641.0, 0.003], [89641.2, 0.002], [89641.4, 0.003], [89641.5, 0.002], [89641.7, 0.005], [89642.1, 0.019]], "timestamp": "2025-12-06T05:06:47.497740+00:00"}, {"symbol": "BTCUSDT", "bids": [[89652.0, 1.232], [89651.9, 0.006], [89651.6, 0.002], [89651.5, 0.003], [89651.4, 0.011], [89651.3, 0.004], [89650.9, 0.002], [89650.8, 0.002], [89650.6, 0.206], [89650.5, 0.006], [89650.0, 0.007], [89649.9, 0.003], [89649.8, 0.002], [89649.7, 0.002], [89649.3, 0.002], [89649.2, 0.006], [89649.0, 0.002], [89648.8, 0.002], [89648.7, 0.456], [89648.6, 0.004]], "asks": [[89652.1, 11.131], [89652.2, 0.006], [89652.3, 0.002], [89652.8, 0.002], [89653.0, 1.104], [89653.1, 1.141], [89653.2, 0.058], [89653.5, 0.002], [89653.8, 0.32], [89653.9, 0.004], [89654.1, 0.003], [89654.2, 0.045], [89654.4, 1.062], [89654.5, 0.143], [89654.6, 0.002], [89654.8, 0.007], [89655.0, 0.004], [89655.1, 0.002], [89655.2, 0.003], [89655.3, 0.014]], "timestamp": "2025-12-06T05:07:38.805632+00:00"}, {"symbol": "BTCUSDT", "bids": [[89652.1, 2.142], [89652.0, 0.092], [89651.6, 0.003], [89651.4, 0.073], [89651.3, 0.12], [89651.1, 0.002], [89650.8, 0.007], [89650.7, 0.199], [89650.5, 0.004], [89650.3, 0.003], [89650.1, 0.003], [89650.0, 0.018], [89649.8, 0.004], [89649.7, 0.054], [89649.6, 0.044], [89649.4, 0.012], [89649.3, 0.005], [89649.2, 0.003], [89649.1, 0.003], [89649.0, 0.002]], "asks": [[89652.2, 2.783], [89652.3, 0.004], [89652.4, 0.002], [89652.9, 0.112], [89653.0, 0.002], [89653.1, 0.007], [89653.3, 0.012], [89653.5, 0.057], [89653.6, 0.003], [89653.9, 0.362], [89654.0, 0.16], [89654.2, 0.006], [89654.4, 0.019], [89654.8, 0.017], [89655.0, 0.002], [89655.2, 0.002], [89655.3, 0.039], [89655.6, 0.011], [89655.8, 0.115], [89655.9, 0.012]], "timestamp": "2025-12-06T05:08:30.012946+00:00"}, {"symbol": "BTCUSDT", "bids": [[89652.1, 11.927], [89652.0, 0.01], [89651.7, 0.002], [89651.6, 0.003], [89651.4, 0.006], [89651.3, 0.002], [89651.1, 0.015], [89650.8, 0.041], [89650.7, 0.195], [89650.5, 0.004], [89650.4, 0.112], [89650.2, 0.003], [89650.1, 0.003], [89650.0, 0.004], [89649.9, 0.012], [89649.6, 0.002], [89649.4, 0.003], [89649.3, 0.003], [89649.2, 0.002], [89649.0, 0.377]], "asks": [[89652.2, 2.976], [89652.3, 0.006], [89652.5, 0.003], [89652.8, 0.002], [89653.0, 0.17], [89653.4, 0.003], [89653.5, 0.002], [89653.6, 0.003], [89653.9, 0.002], [89654.0, 0.018], [89654.2, 0.039], [89654.4, 0.004], [89654.6, 0.002], [89654.7, 0.003], [89654.8, 0.005], [89655.0, 0.091], [89655.2, 0.002], [89655.3, 0.008], [89655.7, 0.002], [89655.8, 0.002]], "timestamp": "2025-12-06T05:09:21.433123+00:00"}, {"symbol": "BTCUSDT", "bids": [[89674.1, 3.415], [89674.0, 0.123], [89673.9, 0.043], [89673.8, 0.055], [89673.7, 0.002], [89673.5, 0.003], [89673.0, 0.003], [89672.8, 0.016], [89672.7, 0.112], [89672.5, 0.003], [89672.4, 0.102], [89672.3, 0.057], [89672.0, 0.456], [89671.9, 0.035], [89671.8, 0.005], [89671.7, 0.015], [89671.5, 0.112], [89671.4, 0.005], [89671.3, 0.002], [89671.2, 0.003]], "asks": [[89674.2, 5.797], [89674.3, 0.006], [89674.4, 0.004], [89674.5, 0.002], [89675.0, 0.005], [89675.1, 0.002], [89675.6, 0.005], [89675.7, 0.003], [89676.0, 0.002], [89676.2, 0.008], [89676.4, 0.002], [89676.6, 0.003], [89676.7, 0.306], [89676.9, 0.002], [89677.1, 0.008], [89677.2, 0.32], [89677.4, 0.012], [89677.6, 0.006], [89677.8, 0.247], [89677.9, 0.003]], "timestamp": "2025-12-06T05:10:12.659460+00:00"}, {"symbol": "BTCUSDT", "bids": [[89674.1, 1.414], [89674.0, 0.105], [89673.9, 0.043], [89673.8, 0.002], [89673.7, 0.002], [89673.5, 0.003], [89673.3, 0.022], [89673.0, 0.003], [89672.8, 0.002], [89672.7, 0.195], [89672.5, 0.003], [89672.4, 0.004], [89672.3, 0.002], [89672.2, 0.299], [89672.0, 0.01], [89671.9, 0.002], [89671.7, 0.033], [89671.4, 0.232], [89671.3, 0.002], [89671.2, 0.003]], "asks": [[89674.2, 5.285], [89674.3, 0.016], [89674.4, 0.004], [89674.5, 0.002], [89674.6, 0.012], [89675.0, 0.005], [89675.7, 0.015], [89675.8, 0.112], [89675.9, 0.002], [89676.0, 0.002], [89676.2, 0.008], [89676.3, 0.01], [89676.4, 0.012], [89676.5, 0.048], [89676.6, 0.05], [89676.7, 0.2], [89676.8, 0.014], [89676.9, 0.002], [89677.1, 0.008], [89677.5, 0.037]], "timestamp": "2025-12-06T05:11:03.954587+00:00"}, {"symbol": "BTCUSDT", "bids": [[89664.3, 0.94], [89664.2, 0.01], [89664.0, 0.004], [89663.9, 0.045], [89663.8, 0.005], [89663.3, 0.003], [89663.2, 0.002], [89663.1, 0.033], [89663.0, 0.443], [89662.9, 0.558], [89662.8, 0.007], [89662.6, 0.24], [89662.3, 0.006], [89662.1, 0.002], [89662.0, 0.057], [89661.8, 0.003], [89661.7, 0.002], [89661.6, 0.481], [89661.5, 0.005], [89661.4, 0.114]], "asks": [[89664.4, 6.499], [89664.5, 0.006], [89664.6, 0.006], [89664.8, 0.062], [89665.5, 0.067], [89665.6, 0.05], [89665.8, 0.112], [89666.0, 0.155], [89666.1, 0.012], [89666.2, 0.033], [89666.3, 0.003], [89666.4, 0.007], [89666.8, 0.011], [89667.0, 0.069], [89667.1, 0.003], [89667.2, 0.003], [89667.3, 0.014], [89667.4, 0.002], [89667.6, 0.002], [89667.8, 0.006]], "timestamp": "2025-12-06T05:11:55.829694+00:00"}, {"symbol": "BTCUSDT", "bids": [[89651.0, 1.373], [89650.9, 0.006], [89650.8, 0.017], [89650.5, 0.004], [89650.2, 0.003], [89650.1, 0.003], [89650.0, 0.432], [89649.9, 0.334], [89649.8, 0.002], [89649.6, 0.004], [89649.5, 0.002], [89649.4, 0.003], [89649.3, 0.003], [89649.0, 0.058], [89648.9, 0.003], [89648.7, 0.004], [89648.6, 0.228], [89648.5, 0.003], [89648.2, 0.003], [89648.1, 0.021]], "asks": [[89651.1, 15.528], [89651.2, 2.153], [89651.3, 0.002], [89651.7, 1.04], [89651.8, 1.022], [89652.0, 0.05], [89652.1, 0.002], [89652.2, 0.802], [89652.3, 0.833], [89652.4, 0.004], [89652.6, 0.011], [89652.7, 0.87], [89652.8, 0.813], [89652.9, 0.004], [89653.1, 0.005], [89653.2, 0.232], [89653.3, 0.003], [89653.5, 0.002], [89653.6, 0.014], [89654.0, 0.003]], "timestamp": "2025-12-06T05:12:47.739143+00:00"}, {"symbol": "BTCUSDT", "bids": [[89659.8, 0.719], [89659.7, 0.466], [89659.6, 0.002], [89659.4, 0.004], [89659.3, 0.005], [89658.8, 0.002], [89658.5, 0.005], [89658.4, 0.011], [89658.1, 0.002], [89658.0, 0.119], [89657.6, 0.004], [89657.5, 0.006], [89657.3, 0.002], [89657.1, 0.121], [89657.0, 0.449], [89656.7, 0.009], [89656.5, 0.009], [89656.3, 0.002], [89656.0, 0.008], [89655.9, 0.005]], "asks": [[89659.9, 6.63], [89660.0, 0.024], [89660.1, 0.002], [89660.2, 0.035], [89660.3, 0.045], [89660.4, 0.033], [89660.5, 0.012], [89660.6, 0.085], [89660.7, 0.055], [89660.8, 0.2], [89660.9, 0.003], [89661.0, 0.032], [89661.1, 0.049], [89661.2, 0.043], [89661.3, 0.002], [89661.4, 0.003], [89661.5, 0.012], [89661.6, 0.149], [89661.7, 0.002], [89661.9, 0.006]], "timestamp": "2025-12-06T05:13:39.471863+00:00"}, {"symbol": "BTCUSDT", "bids": [[89659.7, 1.086], [89659.6, 0.01], [89659.4, 0.037], [89659.3, 0.005], [89658.8, 0.002], [89658.5, 0.005], [89658.4, 0.002], [89658.3, 0.144], [89658.1, 0.015], [89658.0, 0.007], [89657.6, 0.004], [89657.5, 0.006], [89657.3, 0.037], [89657.1, 0.059], [89657.0, 0.394], [89656.9, 0.627], [89656.8, 0.002], [89656.7, 0.455], [89656.5, 0.003], [89656.3, 0.008]], "asks": [[89659.8, 4.591], [89659.9, 0.244], [89660.0, 0.04], [89660.2, 0.047], [89660.9, 0.045], [89661.0, 0.012], [89661.1, 0.049], [89661.2, 0.024], [89661.4, 0.003], [89661.6, 0.015], [89661.7, 0.002], [89661.9, 0.006], [89662.0, 0.016], [89662.2, 0.112], [89662.5, 0.041], [89662.7, 0.002], [89662.8, 0.022], [89662.9, 0.002], [89663.0, 0.003], [89663.1, 0.014]], "timestamp": "2025-12-06T05:14:30.971619+00:00"}, {"symbol": "BTCUSDT", "bids": [[89627.9, 10.228], [89627.8, 0.151], [89627.6, 0.423], [89627.5, 0.133], [89627.4, 0.014], [89627.2, 0.002], [89627.0, 0.002], [89626.7, 0.003], [89626.5, 0.002], [89626.4, 0.68], [89626.3, 0.008], [89626.1, 0.002], [89625.9, 0.003], [89625.8, 0.003], [89625.5, 1.0], [89625.4, 0.082], [89625.2, 0.003], [89625.1, 0.015], [89625.0, 0.002], [89624.5, 0.003]], "asks": [[89628.0, 0.54], [89628.1, 0.004], [89628.6, 0.011], [89628.7, 0.014], [89628.9, 0.004], [89629.2, 0.005], [89629.4, 0.002], [89629.7, 0.003], [89629.8, 0.002], [89630.0, 0.002], [89630.1, 0.003], [89630.2, 0.014], [89630.4, 0.002], [89630.6, 0.006], [89630.7, 0.004], [89631.0, 0.026], [89631.2, 0.006], [89631.3, 0.007], [89631.6, 0.004], [89631.9, 0.002]], "timestamp": "2025-12-06T05:15:22.896090+00:00"}, {"symbol": "BTCUSDT", "bids": [[89611.6, 0.422], [89611.5, 0.002], [89611.2, 0.006], [89610.9, 0.023], [89610.4, 0.009], [89610.3, 0.004], [89609.8, 0.002], [89609.6, 0.003], [89609.5, 0.003], [89609.4, 0.004], [89609.2, 0.035], [89609.0, 0.003], [89608.8, 0.003], [89608.5, 0.005], [89608.1, 0.279], [89608.0, 0.003], [89607.6, 0.005], [89607.4, 0.002], [89607.3, 0.537], [89607.2, 0.169]], "asks": [[89611.7, 5.62], [89611.8, 0.009], [89612.0, 0.054], [89612.3, 0.003], [89612.5, 0.047], [89612.7, 0.012], [89612.8, 0.296], [89612.9, 0.486], [89613.0, 0.118], [89613.3, 0.003], [89613.7, 0.007], [89613.9, 0.017], [89614.0, 0.002], [89614.4, 0.003], [89614.5, 0.003], [89614.6, 0.002], [89614.8, 0.009], [89614.9, 0.003], [89615.0, 0.002], [89615.1, 0.012]], "timestamp": "2025-12-06T05:16:14.519510+00:00"}, {"symbol": "BTCUSDT", "bids": [[89550.2, 7.347], [89550.1, 0.897], [89550.0, 1.205], [89549.9, 0.002], [89549.8, 0.003], [89549.7, 0.034], [89549.6, 0.038], [89549.5, 0.112], [89549.3, 0.003], [89549.2, 0.061], [89549.1, 0.061], [89549.0, 0.003], [89548.8, 1.123], [89548.7, 0.002], [89548.6, 0.003], [89548.4, 0.012], [89548.3, 0.022], [89548.2, 0.004], [89548.0, 1.003], [89547.9, 0.002]], "asks": [[89550.3, 2.475], [89550.4, 0.036], [89550.5, 0.002], [89550.7, 0.003], [89550.8, 0.054], [89551.2, 0.006], [89551.3, 0.004], [89551.9, 0.003], [89552.0, 0.046], [89552.1, 0.004], [89552.3, 0.003], [89552.5, 0.003], [89552.7, 0.055], [89552.8, 0.003], [89553.0, 0.015], [89553.2, 0.002], [89553.3, 0.003], [89553.4, 0.003], [89553.5, 0.006], [89553.6, 0.008]], "timestamp": "2025-12-06T05:17:05.798735+00:00"}, {"symbol": "BTCUSDT", "bids": [[89540.0, 2.108], [89539.9, 0.005], [89539.8, 0.012], [89539.7, 0.023], [89539.5, 0.112], [89539.4, 0.133], [89539.3, 0.044], [89539.2, 0.027], [89539.1, 0.231], [89538.8, 0.003], [89538.7, 0.023], [89538.6, 0.002], [89538.5, 0.002], [89538.4, 0.002], [89538.3, 0.003], [89538.1, 0.002], [89538.0, 0.015], [89537.8, 0.017], [89537.6, 0.005], [89537.4, 0.027]], "asks": [[89540.1, 7.458], [89540.2, 0.156], [89540.3, 0.006], [89540.4, 0.003], [89540.5, 0.049], [89540.6, 1.15], [89540.7, 0.004], [89540.9, 0.335], [89541.0, 0.005], [89541.4, 0.004], [89541.5, 0.003], [89541.6, 0.012], [89541.9, 0.117], [89542.0, 0.009], [89542.1, 0.014], [89542.3, 0.006], [89542.5, 0.003], [89542.6, 0.003], [89542.7, 0.012], [89542.8, 0.002]], "timestamp": "2025-12-06T05:17:57.218554+00:00"}, {"symbol": "BTCUSDT", "bids": [[89548.7, 3.209], [89548.6, 0.01], [89548.2, 0.002], [89547.8, 0.004], [89547.5, 0.039], [89547.4, 0.112], [89547.2, 0.056], [89547.1, 0.34], [89547.0, 0.005], [89546.9, 0.002], [89546.7, 0.003], [89546.5, 0.003], [89546.1, 0.01], [89546.0, 0.005], [89545.8, 0.005], [89545.5, 0.008], [89545.1, 0.002], [89545.0, 0.12], [89544.8, 0.539], [89544.7, 1.116]], "asks": [[89548.8, 11.089], [89548.9, 0.009], [89549.0, 0.003], [89549.1, 0.003], [89549.2, 0.003], [89549.3, 0.006], [89549.4, 0.003], [89549.5, 0.003], [89549.6, 0.003], [89549.7, 0.003], [89549.8, 0.003], [89549.9, 0.23], [89550.0, 0.015], [89550.1, 0.112], [89550.5, 0.015], [89550.6, 0.002], [89550.8, 0.003], [89550.9, 0.057], [89551.0, 0.003], [89551.5, 0.003]], "timestamp": "2025-12-06T05:18:48.733625+00:00"}, {"symbol": "BTCUSDT", "bids": [[89559.0, 1.923], [89558.9, 0.004], [89558.7, 0.002], [89558.6, 0.003], [89558.5, 0.002], [89558.1, 0.003], [89558.0, 0.002], [89557.6, 0.009], [89557.4, 0.008], [89557.2, 0.075], [89557.1, 0.336], [89557.0, 0.003], [89556.8, 0.003], [89556.7, 0.002], [89556.4, 0.002], [89556.3, 0.005], [89556.1, 0.112], [89555.9, 0.003], [89555.8, 0.003], [89555.6, 0.031]], "asks": [[89559.1, 13.755], [89559.2, 0.006], [89559.3, 0.002], [89559.4, 0.002], [89559.9, 0.003], [89560.0, 0.128], [89560.1, 0.003], [89560.2, 0.146], [89560.3, 0.07], [89560.4, 0.005], [89560.5, 0.008], [89560.6, 0.003], [89560.7, 0.003], [89560.8, 0.003], [89560.9, 0.005], [89561.0, 0.003], [89561.1, 0.117], [89561.5, 0.003], [89561.7, 0.035], [89562.0, 0.007]], "timestamp": "2025-12-06T05:19:40.425363+00:00"}, {"symbol": "BTCUSDT", "bids": [[89610.1, 2.352], [89610.0, 0.146], [89609.6, 0.005], [89609.4, 0.002], [89609.1, 0.003], [89609.0, 0.006], [89608.7, 16.033], [89608.6, 0.009], [89608.5, 0.006], [89608.4, 0.01], [89608.2, 0.07], [89608.1, 0.003], [89608.0, 0.013], [89607.9, 0.389], [89607.6, 0.007], [89607.3, 0.124], [89607.1, 0.003], [89606.9, 0.002], [89606.7, 0.007], [89606.6, 0.058]], "asks": [[89610.2, 4.443], [89610.3, 0.02], [89610.4, 0.01], [89610.8, 0.003], [89610.9, 0.026], [89611.0, 0.034], [89611.1, 0.027], [89611.2, 0.043], [89611.3, 0.003], [89611.5, 0.012], [89611.6, 0.005], [89611.7, 0.015], [89611.8, 0.003], [89611.9, 0.002], [89612.0, 0.002], [89612.2, 0.003], [89612.3, 0.003], [89612.6, 0.124], [89612.7, 0.002], [89612.8, 0.003]], "timestamp": "2025-12-06T05:20:32.378733+00:00"}, {"symbol": "BTCUSDT", "bids": [[89568.4, 2.396], [89568.3, 0.006], [89568.1, 0.005], [89568.0, 0.002], [89567.8, 0.126], [89567.7, 0.464], [89567.6, 0.003], [89567.4, 0.007], [89567.1, 0.005], [89566.8, 0.012], [89566.6, 0.025], [89566.5, 0.004], [89566.4, 0.004], [89566.3, 0.018], [89566.1, 0.006], [89566.0, 0.112], [89565.7, 0.016], [89565.6, 0.01], [89565.5, 0.002], [89565.3, 0.055]], "asks": [[89568.5, 4.979], [89568.6, 0.069], [89568.7, 0.022], [89568.8, 0.157], [89569.2, 0.003], [89569.3, 0.012], [89569.8, 0.002], [89570.0, 0.005], [89570.2, 0.006], [89570.4, 0.012], [89570.5, 0.005], [89570.6, 0.003], [89570.7, 0.022], [89570.8, 0.328], [89570.9, 0.002], [89571.1, 1.033], [89571.3, 0.006], [89571.6, 0.055], [89571.7, 1.004], [89571.8, 0.05]], "timestamp": "2025-12-06T05:21:23.927576+00:00"}, {"symbol": "BTCUSDT", "bids": [[89591.7, 6.596], [89591.6, 1.169], [89591.5, 0.002], [89591.4, 0.002], [89591.3, 0.023], [89591.2, 0.002], [89590.6, 0.004], [89590.2, 0.015], [89589.7, 0.004], [89589.6, 0.058], [89589.4, 0.115], [89589.3, 0.003], [89589.2, 0.003], [89588.8, 0.013], [89588.7, 0.02], [89588.6, 0.003], [89588.5, 0.003], [89588.4, 0.005], [89588.3, 0.002], [89588.2, 0.003]], "asks": [[89591.8, 0.612], [89591.9, 0.002], [89592.3, 0.005], [89592.6, 0.011], [89592.8, 0.009], [89593.0, 0.043], [89593.2, 0.002], [89593.3, 0.005], [89593.8, 0.005], [89594.1, 0.004], [89594.2, 0.003], [89594.4, 0.002], [89594.5, 0.002], [89594.6, 0.031], [89594.7, 0.011], [89595.0, 0.009], [89595.1, 0.003], [89595.6, 0.002], [89595.8, 0.005], [89595.9, 0.007]], "timestamp": "2025-12-06T05:22:15.526527+00:00"}, {"symbol": "BTCUSDT", "bids": [[89566.0, 4.606], [89565.9, 0.007], [89565.8, 0.003], [89565.7, 0.021], [89565.6, 0.02], [89565.5, 0.035], [89565.4, 0.003], [89565.3, 0.005], [89565.2, 0.059], [89565.1, 0.077], [89564.8, 0.002], [89564.7, 0.004], [89564.6, 0.296], [89564.4, 0.004], [89564.2, 0.002], [89564.1, 0.012], [89564.0, 0.012], [89563.9, 0.004], [89563.8, 0.023], [89563.6, 0.003]], "asks": [[89566.1, 0.26], [89566.2, 0.177], [89566.3, 0.003], [89566.4, 0.004], [89566.8, 0.003], [89567.3, 0.002], [89567.4, 0.003], [89567.9, 0.005], [89568.0, 0.002], [89568.2, 0.003], [89568.4, 0.003], [89568.8, 0.043], [89568.9, 0.003], [89569.0, 0.003], [89569.1, 0.002], [89569.6, 0.003], [89569.7, 0.002], [89569.8, 0.069], [89570.0, 0.004], [89570.1, 0.003]], "timestamp": "2025-12-06T05:23:07.147900+00:00"}, {"symbol": "BTCUSDT", "bids": [[89599.9, 1.261], [89599.8, 0.002], [89599.6, 0.002], [89599.5, 0.04], [89599.4, 0.007], [89599.0, 0.014], [89598.5, 0.047], [89598.2, 0.003], [89598.0, 0.002], [89597.9, 0.006], [89597.8, 0.016], [89597.7, 0.019], [89597.2, 0.003], [89597.0, 0.003], [89596.9, 0.002], [89596.7, 0.003], [89596.6, 0.003], [89596.2, 0.002], [89596.1, 0.011], [89596.0, 0.421]], "asks": [[89600.0, 3.93], [89600.1, 0.007], [89600.4, 0.002], [89600.5, 0.002], [89600.7, 0.012], [89600.9, 0.003], [89601.1, 0.014], [89601.2, 0.047], [89601.3, 0.227], [89601.4, 0.117], [89601.6, 0.252], [89601.7, 0.348], [89601.9, 0.003], [89602.0, 0.007], [89602.1, 0.007], [89602.2, 0.072], [89602.3, 0.087], [89602.4, 0.005], [89602.6, 0.002], [89602.7, 0.012]], "timestamp": "2025-12-06T05:23:58.600799+00:00"}, {"symbol": "BTCUSDT", "bids": [[89607.6, 9.214], [89607.5, 0.565], [89607.4, 0.003], [89607.3, 0.013], [89607.0, 0.009], [89606.9, 0.003], [89606.7, 0.002], [89606.5, 0.012], [89606.3, 0.019], [89605.8, 0.055], [89605.5, 0.015], [89605.3, 0.003], [89605.0, 0.005], [89604.9, 0.006], [89604.8, 0.002], [89604.7, 0.115], [89604.5, 0.006], [89604.4, 0.012], [89604.0, 0.224], [89603.9, 0.007]], "asks": [[89607.7, 0.454], [89607.8, 0.004], [89608.0, 0.05], [89608.2, 0.003], [89608.4, 0.002], [89608.7, 0.003], [89608.8, 0.05], [89609.2, 0.003], [89609.3, 0.004], [89609.4, 0.002], [89609.6, 0.003], [89610.0, 0.002], [89610.1, 0.337], [89610.2, 0.004], [89610.3, 0.005], [89610.4, 0.002], [89610.5, 0.033], [89610.6, 0.003], [89610.7, 0.004], [89610.8, 0.006]], "timestamp": "2025-12-06T05:24:50.054384+00:00"}, {"symbol": "BTCUSDT", "bids": [[89555.0, 3.196], [89554.9, 0.006], [89554.8, 0.021], [89554.4, 0.004], [89554.3, 0.038], [89554.1, 0.114], [89554.0, 0.004], [89553.8, 0.205], [89553.7, 0.002], [89553.6, 0.183], [89553.4, 0.005], [89553.3, 0.005], [89553.2, 0.002], [89553.1, 0.004], [89552.9, 0.226], [89552.8, 0.239], [89552.7, 0.005], [89552.6, 0.027], [89552.5, 0.002], [89552.4, 0.005]], "asks": [[89555.1, 2.872], [89555.2, 0.056], [89555.3, 0.005], [89555.4, 0.112], [89555.6, 0.012], [89555.7, 0.012], [89555.8, 0.003], [89556.0, 0.05], [89556.3, 0.003], [89556.5, 0.006], [89556.6, 0.004], [89556.8, 0.003], [89556.9, 0.002], [89557.1, 0.003], [89557.3, 0.015], [89557.5, 0.004], [89557.7, 0.041], [89557.9, 0.003], [89558.1, 0.09], [89558.2, 0.002]], "timestamp": "2025-12-06T05:25:41.625951+00:00"}, {"symbol": "BTCUSDT", "bids": [[89541.6, 2.381], [89541.5, 0.006], [89541.3, 0.005], [89541.2, 0.002], [89541.0, 0.009], [89540.8, 0.003], [89540.6, 0.004], [89540.3, 0.003], [89540.1, 0.018], [89540.0, 0.005], [89539.9, 0.005], [89539.8, 0.023], [89539.7, 0.016], [89539.6, 0.003], [89539.5, 0.003], [89539.3, 0.031], [89539.1, 0.262], [89539.0, 0.449], [89538.8, 0.006], [89538.7, 0.112]], "asks": [[89541.7, 5.063], [89541.8, 0.487], [89541.9, 0.005], [89542.3, 0.004], [89542.4, 0.053], [89542.8, 0.002], [89542.9, 0.003], [89543.2, 0.054], [89543.4, 0.003], [89543.7, 0.003], [89544.1, 0.003], [89544.5, 0.003], [89544.6, 0.003], [89544.8, 0.002], [89545.0, 0.195], [89545.1, 0.002], [89545.2, 0.002], [89545.3, 0.226], [89545.4, 1.005], [89545.5, 0.06]], "timestamp": "2025-12-06T05:26:33.724751+00:00"}, {"symbol": "BTCUSDT", "bids": [[89553.0, 2.904], [89552.9, 0.002], [89552.8, 0.013], [89552.7, 0.005], [89552.4, 0.132], [89552.3, 0.007], [89552.2, 0.118], [89552.1, 0.446], [89551.8, 0.003], [89551.7, 0.003], [89551.6, 0.002], [89551.5, 0.012], [89551.4, 0.006], [89551.2, 0.006], [89550.9, 0.006], [89550.8, 0.225], [89550.5, 0.005], [89550.4, 0.007], [89550.2, 0.012], [89550.1, 0.002]], "asks": [[89553.1, 0.533], [89553.2, 0.059], [89553.3, 0.002], [89553.7, 0.003], [89553.9, 0.002], [89554.2, 0.003], [89554.5, 0.112], [89554.7, 0.003], [89554.8, 0.002], [89554.9, 0.002], [89555.0, 0.002], [89555.1, 0.003], [89555.4, 0.003], [89555.7, 0.002], [89555.8, 0.012], [89555.9, 0.015], [89556.1, 0.334], [89556.2, 0.002], [89556.4, 0.003], [89556.6, 0.004]], "timestamp": "2025-12-06T05:27:25.967932+00:00"}, {"symbol": "BTCUSDT", "bids": [[89550.9, 3.213], [89550.8, 0.031], [89550.5, 0.005], [89550.4, 0.002], [89550.1, 0.053], [89550.0, 0.035], [89549.9, 0.003], [89549.8, 0.002], [89549.6, 0.375], [89549.5, 0.315], [89549.4, 0.003], [89549.1, 0.055], [89548.9, 0.006], [89548.8, 0.004], [89548.4, 0.003], [89548.2, 0.004], [89548.1, 0.038], [89548.0, 0.003], [89547.9, 0.003], [89547.8, 0.002]], "asks": [[89551.0, 2.107], [89551.1, 0.058], [89551.2, 0.014], [89551.3, 0.002], [89551.5, 0.003], [89551.8, 0.002], [89551.9, 0.074], [89552.1, 0.002], [89552.2, 0.248], [89552.3, 0.112], [89552.7, 0.003], [89552.8, 0.002], [89552.9, 0.046], [89553.0, 0.007], [89553.1, 0.081], [89553.2, 0.007], [89553.3, 0.334], [89553.4, 0.012], [89553.5, 0.002], [89553.6, 0.005]], "timestamp": "2025-12-06T05:28:17.440198+00:00"}, {"symbol": "BTCUSDT", "bids": [[89562.0, 13.364], [89561.9, 0.006], [89561.8, 0.026], [89561.7, 0.989], [89561.6, 0.055], [89561.1, 0.548], [89561.0, 0.006], [89560.8, 0.011], [89560.6, 0.309], [89560.5, 0.003], [89560.3, 0.16], [89560.2, 0.002], [89560.0, 0.005], [89559.9, 2.86], [89559.8, 0.455], [89559.7, 0.016], [89559.6, 1.116], [89559.5, 0.004], [89559.4, 0.004], [89559.3, 0.145]], "asks": [[89562.1, 0.445], [89562.2, 0.005], [89562.3, 0.003], [89562.6, 0.003], [89562.9, 0.004], [89563.0, 0.002], [89563.4, 0.003], [89563.6, 0.006], [89563.8, 0.002], [89564.2, 0.003], [89564.3, 0.002], [89564.4, 0.004], [89564.6, 0.002], [89564.8, 0.003], [89565.0, 0.002], [89565.1, 0.003], [89565.2, 0.002], [89565.3, 0.003], [89565.5, 0.002], [89565.6, 0.002]], "timestamp": "2025-12-06T05:29:09.048703+00:00"}, {"symbol": "BTCUSDT", "bids": [[89565.5, 1.363], [89565.4, 0.002], [89565.2, 0.002], [89565.0, 0.003], [89564.7, 0.037], [89564.5, 0.055], [89564.4, 0.002], [89564.2, 0.003], [89564.1, 0.311], [89563.9, 0.457], [89563.8, 0.002], [89563.6, 0.003], [89563.5, 0.003], [89563.0, 0.004], [89562.8, 0.003], [89562.7, 0.003], [89562.6, 0.055], [89562.3, 0.165], [89562.2, 0.217], [89562.1, 1.197]], "asks": [[89565.6, 9.014], [89565.7, 0.006], [89566.4, 0.009], [89566.6, 0.012], [89566.8, 0.102], [89566.9, 0.006], [89567.0, 0.65], [89567.1, 0.004], [89567.3, 0.002], [89567.4, 0.002], [89567.6, 0.003], [89567.7, 0.015], [89567.9, 0.037], [89568.0, 0.072], [89568.2, 0.004], [89568.4, 0.121], [89568.8, 0.012], [89568.9, 0.011], [89569.0, 0.003], [89569.1, 0.002]], "timestamp": "2025-12-06T05:30:00.648859+00:00"}, {"symbol": "BTCUSDT", "bids": [[89540.0, 4.461], [89539.9, 0.008], [89539.8, 0.017], [89539.7, 0.017], [89539.4, 0.003], [89539.3, 0.085], [89539.2, 0.092], [89539.1, 0.055], [89539.0, 0.003], [89538.9, 0.004], [89538.8, 0.009], [89538.7, 0.16], [89538.6, 0.226], [89538.5, 0.002], [89538.3, 0.003], [89538.2, 0.003], [89538.0, 0.009], [89537.8, 0.003], [89537.6, 0.017], [89537.4, 0.004]], "asks": [[89540.1, 9.361], [89540.2, 0.006], [89540.3, 0.002], [89540.4, 0.012], [89540.5, 0.002], [89541.0, 0.005], [89541.4, 0.002], [89541.6, 0.012], [89541.9, 0.005], [89542.1, 0.003], [89542.3, 0.004], [89542.4, 0.003], [89542.6, 0.012], [89542.8, 0.114], [89542.9, 0.003], [89543.0, 0.003], [89543.1, 0.002], [89543.2, 0.006], [89543.3, 0.528], [89543.4, 0.97]], "timestamp": "2025-12-06T05:30:52.302585+00:00"}, {"symbol": "BTCUSDT", "bids": [[89532.3, 3.252], [89532.2, 0.037], [89532.1, 0.039], [89532.0, 0.017], [89531.8, 0.006], [89531.7, 0.002], [89531.6, 0.002], [89531.3, 0.003], [89531.2, 0.016], [89531.1, 0.077], [89531.0, 0.012], [89530.8, 0.007], [89530.7, 0.011], [89530.3, 0.024], [89530.2, 0.003], [89530.1, 0.328], [89530.0, 1.233], [89529.9, 0.006], [89529.8, 0.006], [89529.6, 0.005]], "asks": [[89532.4, 3.615], [89532.5, 0.006], [89532.6, 0.002], [89532.9, 0.005], [89533.3, 0.017], [89533.4, 0.007], [89534.0, 0.115], [89534.3, 0.004], [89534.4, 0.003], [89534.5, 0.003], [89534.7, 0.014], [89534.9, 0.382], [89535.0, 2.294], [89535.1, 0.002], [89535.2, 0.009], [89535.4, 0.003], [89535.6, 0.002], [89535.7, 0.017], [89536.1, 0.002], [89536.2, 0.003]], "timestamp": "2025-12-06T05:31:44.067885+00:00"}, {"symbol": "BTCUSDT", "bids": [[89533.8, 7.583], [89533.7, 0.007], [89533.5, 0.002], [89532.9, 0.112], [89532.6, 0.004], [89532.1, 0.033], [89532.0, 0.006], [89531.9, 0.112], [89531.8, 0.003], [89531.7, 0.004], [89531.2, 0.002], [89531.0, 0.006], [89530.8, 0.002], [89530.7, 0.013], [89530.5, 0.003], [89530.3, 0.003], [89530.2, 0.228], [89530.1, 0.055], [89530.0, 0.005], [89529.8, 0.004]], "asks": [[89533.9, 2.192], [89534.0, 0.147], [89534.3, 0.57], [89534.5, 0.003], [89534.7, 0.047], [89535.0, 2.29], [89535.1, 0.295], [89535.2, 0.009], [89535.3, 0.397], [89535.4, 0.005], [89535.6, 0.059], [89535.7, 0.003], [89535.9, 0.002], [89536.1, 0.002], [89536.2, 0.003], [89536.3, 0.153], [89536.4, 0.002], [89536.8, 0.025], [89537.0, 0.005], [89537.1, 0.011]], "timestamp": "2025-12-06T05:32:35.141770+00:00"}, {"symbol": "BTCUSDT", "bids": [[89511.7, 3.769], [89511.6, 0.4], [89511.3, 0.003], [89511.2, 0.002], [89511.0, 0.013], [89510.8, 0.003], [89510.5, 0.025], [89510.4, 0.004], [89510.3, 0.007], [89510.0, 0.094], [89509.9, 0.391], [89509.8, 0.318], [89509.7, 0.002], [89509.5, 0.066], [89509.4, 0.005], [89509.3, 0.003], [89509.2, 0.114], [89509.0, 0.002], [89508.9, 0.012], [89508.8, 1.003]], "asks": [[89511.8, 5.621], [89511.9, 0.283], [89512.0, 0.008], [89512.2, 0.012], [89512.5, 0.048], [89512.9, 0.002], [89513.1, 0.003], [89513.4, 0.033], [89513.6, 0.007], [89513.8, 0.005], [89513.9, 0.012], [89514.0, 0.002], [89514.1, 0.003], [89514.6, 0.005], [89514.8, 0.005], [89514.9, 0.069], [89515.0, 0.002], [89515.3, 0.36], [89515.4, 0.597], [89515.5, 0.007]], "timestamp": "2025-12-06T05:33:26.951190+00:00"}, {"symbol": "BTCUSDT", "bids": [[89499.1, 0.272], [89499.0, 0.002], [89498.9, 0.005], [89498.8, 0.005], [89498.7, 0.01], [89498.6, 0.004], [89498.5, 0.003], [89498.3, 0.006], [89498.2, 0.005], [89498.0, 0.005], [89497.9, 0.005], [89497.8, 0.007], [89497.7, 0.018], [89497.3, 0.005], [89497.1, 0.003], [89497.0, 0.028], [89496.9, 0.004], [89496.8, 0.003], [89496.7, 0.005], [89496.6, 0.002]], "asks": [[89499.2, 21.679], [89499.3, 5.265], [89499.4, 0.469], [89499.6, 0.005], [89499.7, 0.003], [89499.8, 0.003], [89500.0, 2.725], [89500.1, 3.271], [89500.2, 0.006], [89500.3, 0.004], [89500.4, 0.006], [89500.6, 0.06], [89500.7, 0.005], [89501.0, 0.055], [89501.1, 0.003], [89501.3, 0.007], [89501.4, 0.003], [89501.5, 0.003], [89501.7, 0.003], [89501.8, 0.002]], "timestamp": "2025-12-06T05:34:18.205616+00:00"}, {"symbol": "BTCUSDT", "bids": [[89503.3, 2.288], [89503.2, 0.002], [89503.1, 0.063], [89503.0, 0.34], [89502.5, 0.008], [89502.3, 0.015], [89502.2, 0.002], [89501.9, 0.003], [89501.4, 0.003], [89501.3, 0.003], [89501.0, 0.002], [89500.9, 0.012], [89500.8, 0.002], [89500.7, 0.103], [89500.6, 0.006], [89500.4, 0.233], [89500.3, 0.002], [89500.2, 0.002], [89500.0, 0.703], [89499.9, 0.003]], "asks": [[89503.4, 12.882], [89503.5, 0.006], [89503.7, 0.005], [89504.1, 0.017], [89504.2, 0.062], [89504.3, 0.003], [89504.4, 0.005], [89504.5, 0.003], [89504.6, 0.003], [89504.8, 0.002], [89505.0, 0.215], [89505.1, 0.138], [89505.2, 0.002], [89505.4, 0.003], [89506.0, 0.005], [89506.2, 0.003], [89506.4, 1.005], [89506.5, 0.017], [89506.6, 0.002], [89506.8, 0.031]], "timestamp": "2025-12-06T05:35:09.406154+00:00"}, {"symbol": "BTCUSDT", "bids": [[89520.1, 3.86], [89520.0, 0.016], [89519.7, 0.002], [89519.2, 0.004], [89518.9, 0.003], [89518.8, 0.683], [89518.7, 0.046], [89518.3, 0.002], [89518.1, 0.003], [89518.0, 0.002], [89517.9, 0.006], [89517.8, 0.005], [89517.6, 0.003], [89517.4, 0.004], [89517.2, 0.003], [89516.8, 0.003], [89516.7, 0.003], [89516.5, 0.002], [89516.1, 0.004], [89516.0, 0.008]], "asks": [[89520.2, 9.998], [89520.3, 0.011], [89520.5, 0.012], [89520.6, 0.113], [89520.7, 0.274], [89520.8, 0.007], [89520.9, 0.004], [89521.2, 0.037], [89521.4, 0.003], [89521.7, 0.119], [89521.8, 0.016], [89521.9, 0.202], [89522.1, 0.058], [89522.2, 0.003], [89522.4, 0.002], [89522.6, 0.006], [89522.7, 0.004], [89522.9, 0.014], [89523.0, 0.004], [89523.1, 0.332]], "timestamp": "2025-12-06T05:36:01.275067+00:00"}, {"symbol": "BTCUSDT", "bids": [[89492.4, 2.288], [89492.3, 0.004], [89492.2, 0.003], [89491.7, 0.003], [89491.6, 0.002], [89491.5, 0.006], [89491.2, 0.003], [89490.8, 0.002], [89490.4, 0.002], [89490.3, 0.006], [89490.1, 0.731], [89490.0, 0.002], [89489.5, 0.003], [89489.4, 0.003], [89489.3, 0.32], [89489.2, 0.093], [89489.1, 0.58], [89489.0, 0.011], [89488.9, 0.007], [89488.8, 0.002]], "asks": [[89492.5, 14.226], [89492.6, 0.006], [89492.7, 0.002], [89492.8, 0.05], [89493.0, 0.003], [89493.4, 0.005], [89493.5, 0.238], [89493.6, 1.055], [89493.9, 0.002], [89494.1, 0.002], [89494.2, 0.057], [89494.3, 0.117], [89494.4, 0.011], [89494.5, 0.008], [89494.7, 0.006], [89494.8, 0.058], [89495.0, 0.002], [89495.1, 0.033], [89495.3, 0.006], [89495.4, 0.011]], "timestamp": "2025-12-06T05:36:53.699306+00:00"}, {"symbol": "BTCUSDT", "bids": [[89496.7, 6.101], [89496.6, 0.825], [89496.5, 0.8], [89496.4, 1.344], [89496.3, 0.804], [89496.2, 0.033], [89496.0, 0.13], [89495.9, 0.012], [89495.8, 0.011], [89495.4, 0.112], [89495.0, 0.086], [89494.8, 0.012], [89494.7, 0.483], [89494.5, 0.003], [89494.2, 0.011], [89494.1, 0.055], [89494.0, 0.006], [89493.9, 0.002], [89493.8, 0.006], [89493.7, 0.012]], "asks": [[89496.8, 2.745], [89496.9, 0.002], [89497.0, 0.002], [89497.2, 0.061], [89497.3, 0.003], [89497.7, 0.047], [89497.9, 0.002], [89498.0, 0.005], [89498.1, 0.003], [89498.6, 0.002], [89498.7, 0.003], [89498.8, 0.006], [89498.9, 0.012], [89499.1, 0.006], [89499.2, 0.003], [89499.3, 0.005], [89499.5, 0.002], [89499.6, 0.002], [89499.7, 0.003], [89499.9, 0.002]], "timestamp": "2025-12-06T05:37:45.630819+00:00"}, {"symbol": "BTCUSDT", "bids": [[89523.0, 11.181], [89522.9, 3.226], [89522.8, 0.983], [89522.7, 1.804], [89522.6, 0.825], [89522.5, 0.006], [89522.4, 0.002], [89522.2, 0.002], [89522.0, 1.0], [89521.9, 3.324], [89521.8, 0.113], [89521.7, 0.004], [89521.6, 0.059], [89521.2, 0.002], [89521.1, 0.012], [89521.0, 0.002], [89520.8, 0.003], [89520.6, 0.112], [89520.5, 0.003], [89520.1, 0.004]], "asks": [[89523.1, 0.913], [89523.2, 0.002], [89523.4, 0.003], [89523.6, 0.002], [89523.7, 0.002], [89523.9, 0.015], [89524.0, 0.002], [89524.1, 0.096], [89524.5, 0.051], [89524.7, 0.003], [89524.8, 0.06], [89525.0, 0.004], [89525.1, 0.008], [89525.3, 0.003], [89525.7, 0.005], [89525.8, 0.005], [89526.0, 0.006], [89526.3, 0.182], [89526.4, 0.003], [89526.5, 0.005]], "timestamp": "2025-12-06T05:38:38.436600+00:00"}, {"symbol": "BTCUSDT", "bids": [[89500.0, 3.094], [89499.9, 0.014], [89499.8, 0.003], [89499.6, 0.004], [89499.4, 0.144], [89499.3, 0.003], [89498.8, 0.312], [89498.7, 0.004], [89498.6, 0.002], [89498.4, 0.002], [89498.1, 0.009], [89498.0, 0.014], [89497.8, 0.296], [89497.4, 0.003], [89497.3, 0.003], [89497.0, 0.026], [89496.9, 0.006], [89496.8, 0.118], [89496.7, 0.401], [89496.3, 0.003]], "asks": [[89500.1, 5.665], [89500.2, 0.004], [89500.3, 0.002], [89500.4, 0.116], [89500.5, 0.055], [89500.6, 0.002], [89500.8, 0.003], [89501.3, 0.019], [89501.7, 0.005], [89501.9, 0.003], [89502.1, 0.161], [89502.2, 0.335], [89502.3, 0.002], [89502.4, 0.03], [89502.6, 0.003], [89503.0, 0.004], [89503.1, 0.116], [89503.2, 0.055], [89503.3, 0.009], [89503.5, 0.003]], "timestamp": "2025-12-06T05:39:29.949639+00:00"}, {"symbol": "BTCUSDT", "bids": [[89500.1, 7.136], [89500.0, 3.202], [89499.9, 0.818], [89499.8, 0.003], [89499.6, 0.008], [89499.3, 0.003], [89499.2, 0.002], [89499.0, 0.007], [89498.8, 0.305], [89498.7, 0.006], [89498.6, 0.005], [89498.2, 0.172], [89498.1, 0.009], [89498.0, 0.014], [89497.9, 0.002], [89497.8, 0.353], [89497.4, 0.384], [89497.3, 0.003], [89497.1, 0.005], [89497.0, 0.038]], "asks": [[89500.2, 0.096], [89500.3, 0.005], [89500.4, 0.008], [89500.5, 0.002], [89501.1, 0.003], [89501.7, 0.003], [89501.8, 0.035], [89502.1, 0.002], [89502.2, 0.003], [89502.3, 0.003], [89502.9, 0.003], [89503.0, 0.003], [89503.1, 0.042], [89503.2, 0.002], [89503.3, 0.002], [89503.6, 0.033], [89503.7, 0.003], [89503.8, 0.003], [89503.9, 0.002], [89504.1, 0.077]], "timestamp": "2025-12-06T05:40:21.665134+00:00"}, {"symbol": "BTCUSDT", "bids": [[89511.6, 4.872], [89511.5, 7.321], [89511.4, 0.008], [89511.3, 0.002], [89511.2, 0.002], [89511.0, 0.002], [89510.9, 0.012], [89510.4, 0.48], [89510.3, 0.804], [89510.2, 0.019], [89509.6, 0.003], [89509.5, 0.055], [89509.4, 0.002], [89509.2, 0.014], [89509.1, 0.8], [89508.9, 0.002], [89508.8, 0.275], [89508.6, 0.815], [89508.5, 0.007], [89508.4, 0.006]], "asks": [[89511.7, 8.92], [89511.8, 0.01], [89512.0, 0.004], [89512.1, 0.003], [89512.6, 0.003], [89512.9, 0.002], [89513.1, 0.009], [89513.3, 0.333], [89513.4, 1.005], [89513.6, 0.276], [89513.7, 0.018], [89513.8, 0.004], [89514.0, 0.099], [89514.1, 0.003], [89514.2, 0.003], [89514.4, 0.022], [89514.5, 0.005], [89514.6, 0.004], [89514.7, 0.006], [89514.8, 0.002]], "timestamp": "2025-12-06T05:41:13.022449+00:00"}, {"symbol": "BTCUSDT", "bids": [[89511.6, 5.149], [89511.5, 6.02], [89511.4, 1.035], [89511.3, 0.804], [89511.2, 0.004], [89510.9, 0.112], [89510.5, 0.012], [89510.4, 0.035], [89510.3, 0.804], [89509.7, 0.002], [89509.6, 0.003], [89509.5, 0.061], [89509.4, 0.002], [89509.3, 0.012], [89509.2, 0.004], [89509.0, 0.163], [89508.9, 0.002], [89508.8, 0.003], [89508.6, 0.015], [89508.5, 0.007]], "asks": [[89511.7, 1.211], [89511.8, 0.191], [89512.0, 0.004], [89512.1, 0.003], [89512.6, 0.102], [89512.8, 0.033], [89512.9, 0.004], [89513.0, 0.127], [89513.1, 0.007], [89513.6, 0.276], [89513.7, 0.016], [89513.8, 0.004], [89514.0, 0.099], [89514.2, 0.003], [89514.4, 0.01], [89514.6, 0.004], [89514.7, 0.006], [89514.8, 0.002], [89514.9, 0.005], [89515.0, 0.005]], "timestamp": "2025-12-06T05:42:04.467844+00:00"}, {"symbol": "BTCUSDT", "bids": [[89511.6, 10.345], [89511.5, 4.401], [89511.4, 0.008], [89511.3, 0.005], [89511.2, 0.004], [89510.8, 0.003], [89510.5, 0.003], [89510.4, 0.002], [89510.3, 0.005], [89510.2, 0.022], [89510.1, 0.015], [89509.8, 0.003], [89509.7, 0.002], [89509.6, 0.003], [89509.4, 0.004], [89509.2, 0.004], [89509.0, 0.003], [89508.9, 0.002], [89508.8, 0.005], [89508.5, 0.005]], "asks": [[89511.7, 20.717], [89511.8, 0.027], [89511.9, 0.112], [89512.0, 0.085], [89512.2, 0.011], [89512.3, 0.338], [89512.5, 0.181], [89512.7, 0.018], [89512.8, 0.053], [89512.9, 0.004], [89513.1, 0.009], [89513.3, 0.005], [89513.6, 0.002], [89513.7, 0.014], [89513.8, 0.005], [89513.9, 0.003], [89514.0, 0.057], [89514.2, 0.002], [89514.4, 0.13], [89514.6, 0.003]], "timestamp": "2025-12-06T05:42:55.832037+00:00"}, {"symbol": "BTCUSDT", "bids": [[89537.9, 3.027], [89537.8, 3.022], [89537.7, 0.006], [89537.6, 0.002], [89537.1, 0.002], [89536.7, 0.003], [89536.6, 0.006], [89536.5, 0.077], [89536.3, 0.011], [89536.2, 0.013], [89536.1, 0.002], [89536.0, 0.003], [89535.9, 0.002], [89535.8, 0.003], [89535.6, 0.002], [89535.4, 0.003], [89535.3, 0.004], [89535.1, 0.033], [89535.0, 0.196], [89534.9, 0.009]], "asks": [[89538.0, 5.126], [89538.1, 0.004], [89538.3, 0.003], [89538.4, 0.059], [89538.6, 0.012], [89538.7, 0.099], [89538.8, 0.15], [89539.0, 0.218], [89539.1, 0.018], [89539.3, 0.003], [89539.6, 0.016], [89539.7, 0.003], [89539.8, 0.143], [89540.0, 0.02], [89540.1, 0.024], [89540.3, 0.007], [89540.7, 0.059], [89540.8, 0.003], [89541.0, 0.002], [89541.2, 0.131]], "timestamp": "2025-12-06T05:43:47.377630+00:00"}, {"symbol": "BTCUSDT", "bids": [[89511.6, 9.432], [89511.5, 0.008], [89511.4, 0.318], [89511.3, 0.282], [89511.2, 0.012], [89511.0, 0.002], [89510.8, 0.003], [89510.6, 0.002], [89510.5, 0.006], [89510.4, 0.002], [89510.3, 0.007], [89510.2, 0.002], [89510.1, 0.003], [89509.8, 0.003], [89509.6, 0.003], [89509.4, 0.002], [89509.2, 0.004], [89509.0, 0.003], [89508.9, 0.006], [89508.8, 0.006]], "asks": [[89511.7, 4.468], [89511.8, 0.007], [89512.0, 0.052], [89512.2, 0.055], [89512.3, 0.015], [89512.5, 0.148], [89512.8, 0.058], [89512.9, 0.004], [89513.3, 0.003], [89513.4, 0.315], [89513.5, 0.042], [89513.6, 0.002], [89513.7, 0.014], [89513.8, 0.004], [89513.9, 0.008], [89514.0, 0.125], [89514.4, 0.003], [89514.5, 0.344], [89514.6, 1.026], [89514.7, 0.055]], "timestamp": "2025-12-06T05:44:38.907972+00:00"}, {"symbol": "BTCUSDT", "bids": [[89495.0, 8.768], [89494.9, 0.45], [89494.8, 0.718], [89494.7, 0.112], [89494.5, 0.478], [89494.4, 0.021], [89494.3, 0.016], [89494.2, 0.012], [89494.0, 0.034], [89493.8, 0.024], [89493.5, 0.003], [89493.4, 0.017], [89493.3, 0.097], [89493.2, 0.003], [89493.0, 0.003], [89492.9, 0.002], [89492.8, 0.095], [89492.7, 0.002], [89492.5, 0.026], [89492.4, 0.024]], "asks": [[89495.1, 0.278], [89495.2, 0.055], [89495.3, 0.002], [89495.7, 0.003], [89495.9, 0.002], [89496.0, 0.054], [89496.5, 0.014], [89496.8, 0.004], [89497.0, 0.002], [89497.1, 0.003], [89497.5, 0.003], [89497.6, 0.003], [89498.2, 0.003], [89498.3, 0.003], [89498.5, 0.002], [89498.7, 0.019], [89498.9, 0.008], [89499.2, 0.002], [89499.5, 0.005], [89499.6, 0.055]], "timestamp": "2025-12-06T05:45:30.598214+00:00"}, {"symbol": "BTCUSDT", "bids": [[89504.0, 5.082], [89503.9, 0.004], [89503.7, 0.002], [89503.6, 0.002], [89503.1, 0.004], [89503.0, 0.012], [89502.8, 0.034], [89502.3, 0.013], [89502.2, 0.004], [89502.0, 0.003], [89501.9, 0.012], [89501.8, 0.115], [89501.6, 0.003], [89501.5, 0.003], [89501.3, 0.077], [89501.2, 0.003], [89501.1, 0.003], [89500.9, 0.002], [89500.6, 0.015], [89500.5, 0.002]], "asks": [[89504.1, 5.322], [89504.2, 0.002], [89504.3, 0.002], [89504.4, 0.003], [89504.8, 0.004], [89505.0, 0.006], [89505.1, 0.006], [89505.3, 0.002], [89505.6, 0.009], [89505.7, 0.013], [89506.1, 0.003], [89506.3, 0.011], [89506.4, 0.003], [89506.5, 0.041], [89506.6, 0.018], [89506.9, 0.008], [89507.1, 0.13], [89507.5, 0.014], [89507.6, 0.008], [89507.7, 0.059]], "timestamp": "2025-12-06T05:46:22.416797+00:00"}, {"symbol": "BTCUSDT", "bids": [[89509.2, 9.944], [89509.1, 0.672], [89509.0, 0.012], [89508.8, 1.0], [89508.7, 0.014], [89508.6, 0.066], [89508.5, 0.002], [89508.0, 1.0], [89507.9, 1.0], [89507.8, 0.906], [89507.7, 0.016], [89507.6, 0.038], [89507.2, 0.006], [89506.9, 0.186], [89506.8, 0.81], [89506.7, 0.119], [89506.6, 0.023], [89506.5, 0.014], [89506.4, 0.003], [89506.2, 0.005]], "asks": [[89509.3, 0.644], [89509.4, 0.002], [89509.6, 0.003], [89509.8, 0.007], [89509.9, 0.003], [89510.0, 0.007], [89510.2, 0.03], [89510.4, 0.002], [89510.5, 0.009], [89510.7, 0.003], [89510.8, 0.003], [89511.1, 0.002], [89511.3, 0.003], [89511.4, 0.002], [89511.7, 0.017], [89511.8, 0.005], [89511.9, 0.002], [89512.0, 0.002], [89512.1, 0.006], [89512.2, 0.003]], "timestamp": "2025-12-06T05:47:14.124870+00:00"}, {"symbol": "BTCUSDT", "bids": [[89528.3, 3.902], [89528.2, 0.006], [89528.1, 0.601], [89528.0, 0.9], [89527.9, 0.002], [89527.3, 0.003], [89527.1, 0.006], [89527.0, 0.212], [89526.9, 0.004], [89526.8, 0.005], [89526.5, 0.01], [89526.4, 0.002], [89526.3, 0.006], [89526.2, 0.002], [89525.5, 0.005], [89525.4, 0.003], [89525.3, 0.011], [89525.0, 0.007], [89524.8, 0.009], [89524.7, 0.004]], "asks": [[89528.4, 4.557], [89528.5, 0.016], [89528.7, 0.006], [89528.9, 0.012], [89529.1, 0.003], [89529.3, 0.004], [89529.5, 0.026], [89529.6, 0.038], [89529.7, 0.015], [89529.8, 0.007], [89530.0, 0.128], [89530.1, 0.027], [89530.2, 0.003], [89530.3, 0.022], [89530.4, 0.003], [89530.7, 0.019], [89530.9, 0.002], [89531.2, 0.007], [89531.3, 0.003], [89531.6, 0.004]], "timestamp": "2025-12-06T05:48:05.403525+00:00"}, {"symbol": "BTCUSDT", "bids": [[89536.0, 1.103], [89535.9, 0.009], [89535.6, 0.004], [89535.3, 0.002], [89535.1, 0.003], [89534.5, 0.003], [89534.4, 0.002], [89534.0, 0.003], [89533.8, 0.003], [89533.6, 1.263], [89533.5, 0.002], [89533.2, 0.003], [89533.0, 0.003], [89532.7, 0.002], [89532.5, 0.003], [89532.3, 0.002], [89532.1, 0.003], [89532.0, 0.002], [89531.9, 0.002], [89531.8, 0.002]], "asks": [[89536.1, 5.837], [89536.2, 0.019], [89536.3, 0.011], [89536.5, 0.002], [89536.6, 0.014], [89537.0, 0.116], [89537.2, 0.003], [89537.3, 0.23], [89537.4, 0.059], [89537.5, 0.055], [89537.9, 0.005], [89538.1, 0.003], [89538.2, 0.005], [89538.3, 0.033], [89538.4, 0.003], [89538.5, 0.035], [89538.7, 0.043], [89538.8, 0.018], [89539.0, 0.006], [89539.2, 0.009]], "timestamp": "2025-12-06T05:48:56.630060+00:00"}, {"symbol": "BTCUSDT", "bids": [[89536.4, 8.838], [89536.3, 0.394], [89536.2, 0.005], [89536.1, 0.567], [89536.0, 1.047], [89535.9, 0.228], [89535.8, 0.007], [89535.6, 0.002], [89535.5, 0.054], [89535.3, 0.04], [89535.2, 0.002], [89535.0, 0.055], [89534.8, 0.003], [89534.7, 0.002], [89534.4, 0.007], [89534.3, 0.003], [89534.2, 0.018], [89534.1, 0.002], [89533.9, 0.006], [89533.8, 0.48]], "asks": [[89536.5, 0.739], [89536.6, 0.018], [89536.8, 0.011], [89537.0, 0.025], [89537.2, 0.006], [89537.4, 0.002], [89537.5, 0.043], [89537.9, 0.007], [89538.1, 0.003], [89538.4, 0.003], [89538.7, 0.043], [89538.8, 0.006], [89539.2, 0.017], [89539.4, 0.002], [89539.5, 0.002], [89539.6, 0.004], [89539.7, 0.002], [89539.8, 0.003], [89539.9, 0.029], [89540.0, 0.02]], "timestamp": "2025-12-06T05:49:47.911147+00:00"}, {"symbol": "BTCUSDT", "bids": [[89513.3, 1.384], [89513.2, 0.002], [89513.1, 0.002], [89513.0, 0.006], [89512.7, 0.008], [89512.2, 0.002], [89512.1, 0.002], [89511.9, 0.006], [89511.4, 0.123], [89511.3, 0.003], [89511.2, 0.002], [89510.8, 0.003], [89510.4, 0.007], [89510.3, 0.057], [89510.1, 0.005], [89510.0, 0.002], [89509.9, 0.011], [89509.8, 0.002], [89509.6, 0.003], [89509.5, 0.011]], "asks": [[89513.4, 13.169], [89513.5, 0.008], [89513.6, 0.057], [89513.9, 0.022], [89514.0, 0.002], [89514.1, 0.263], [89514.3, 0.092], [89514.4, 0.05], [89514.5, 0.012], [89514.6, 0.002], [89514.7, 0.054], [89514.9, 0.009], [89515.1, 0.046], [89515.2, 0.002], [89515.4, 0.014], [89515.8, 0.004], [89515.9, 0.033], [89516.0, 0.011], [89516.1, 0.132], [89516.2, 0.003]], "timestamp": "2025-12-06T05:50:40.278364+00:00"}, {"symbol": "BTCUSDT", "bids": [[89558.1, 4.991], [89558.0, 0.026], [89557.9, 0.003], [89557.8, 0.004], [89557.6, 0.006], [89557.4, 0.003], [89557.2, 0.359], [89557.1, 0.055], [89556.9, 0.003], [89556.7, 0.068], [89556.5, 0.003], [89556.4, 0.055], [89556.3, 0.04], [89556.2, 0.002], [89556.1, 0.115], [89556.0, 0.003], [89555.9, 0.01], [89555.8, 0.076], [89555.6, 1.263], [89555.5, 0.004]], "asks": [[89558.2, 1.44], [89558.3, 0.004], [89558.4, 0.002], [89558.7, 0.003], [89558.8, 0.021], [89559.0, 0.004], [89559.2, 0.03], [89559.3, 0.005], [89559.6, 0.003], [89559.8, 0.003], [89560.0, 0.002], [89560.2, 0.002], [89560.3, 0.003], [89560.4, 0.013], [89560.5, 0.007], [89560.7, 0.03], [89560.8, 0.003], [89560.9, 0.003], [89561.0, 0.002], [89561.1, 0.002]], "timestamp": "2025-12-06T05:51:32.076355+00:00"}, {"symbol": "BTCUSDT", "bids": [[89535.0, 1.677], [89534.9, 0.006], [89534.7, 0.002], [89534.6, 0.003], [89534.4, 0.002], [89534.1, 0.006], [89534.0, 0.002], [89533.7, 0.002], [89533.6, 0.006], [89533.5, 0.006], [89533.2, 0.002], [89533.1, 0.003], [89533.0, 0.002], [89532.8, 0.055], [89532.7, 0.007], [89532.6, 0.004], [89532.5, 0.102], [89532.4, 0.587], [89532.2, 0.002], [89532.1, 0.002]], "asks": [[89535.1, 6.606], [89535.2, 0.215], [89535.3, 0.002], [89535.6, 0.002], [89535.7, 0.048], [89536.1, 0.01], [89536.2, 0.04], [89536.5, 0.015], [89537.0, 0.005], [89537.1, 0.003], [89537.4, 0.002], [89537.6, 0.115], [89537.7, 0.398], [89537.8, 0.011], [89537.9, 0.003], [89538.0, 0.115], [89538.1, 0.444], [89538.2, 0.047], [89538.5, 0.005], [89538.6, 0.003]], "timestamp": "2025-12-06T05:52:23.393119+00:00"}, {"symbol": "BTCUSDT", "bids": [[89554.6, 3.522], [89554.5, 1.352], [89554.4, 0.003], [89554.1, 0.015], [89554.0, 0.002], [89553.9, 0.003], [89553.6, 0.002], [89553.4, 0.002], [89553.2, 0.023], [89553.1, 0.002], [89552.8, 0.003], [89552.7, 0.003], [89552.6, 0.033], [89552.4, 0.002], [89552.3, 0.033], [89552.2, 0.417], [89552.1, 0.48], [89552.0, 0.008], [89551.8, 0.055], [89551.6, 0.112]], "asks": [[89554.7, 3.431], [89554.8, 0.036], [89554.9, 0.002], [89555.2, 0.112], [89555.3, 0.003], [89555.5, 0.109], [89555.6, 0.556], [89555.7, 0.004], [89556.0, 0.003], [89556.1, 0.033], [89556.3, 0.002], [89556.5, 0.002], [89556.6, 0.002], [89556.7, 0.003], [89556.9, 0.003], [89557.5, 0.003], [89557.6, 0.005], [89558.1, 0.058], [89558.2, 0.026], [89558.3, 0.008]], "timestamp": "2025-12-06T05:53:15.093704+00:00"}, {"symbol": "BTCUSDT", "bids": [[89551.4, 13.886], [89551.3, 0.019], [89551.2, 0.003], [89550.9, 0.002], [89550.7, 0.003], [89550.5, 0.004], [89550.2, 0.003], [89550.1, 1.602], [89550.0, 1.27], [89549.8, 0.055], [89549.7, 0.003], [89549.6, 0.004], [89549.4, 0.003], [89549.3, 0.006], [89549.2, 0.115], [89549.1, 0.068], [89548.9, 0.002], [89548.8, 0.004], [89548.7, 0.016], [89548.6, 0.002]], "asks": [[89551.5, 1.86], [89551.6, 0.002], [89551.7, 0.003], [89551.9, 0.002], [89552.0, 0.002], [89552.2, 0.003], [89552.7, 0.003], [89552.8, 0.05], [89553.0, 0.003], [89553.1, 0.002], [89553.2, 0.004], [89553.5, 0.003], [89553.6, 0.05], [89553.7, 0.003], [89554.0, 0.003], [89554.1, 0.002], [89554.4, 0.003], [89554.5, 0.862], [89554.9, 0.06], [89555.0, 0.005]], "timestamp": "2025-12-06T05:54:07.060359+00:00"}, {"symbol": "BTCUSDT", "bids": [[89565.2, 8.044], [89565.1, 0.568], [89564.9, 0.002], [89564.8, 0.016], [89564.4, 0.002], [89564.3, 0.003], [89563.7, 0.003], [89563.2, 0.003], [89563.1, 0.002], [89562.9, 0.003], [89562.8, 0.005], [89562.7, 0.012], [89562.5, 0.15], [89562.4, 0.008], [89562.3, 0.112], [89562.0, 0.11], [89561.9, 0.002], [89561.7, 0.002], [89561.6, 0.017], [89561.5, 0.003]], "asks": [[89565.3, 2.767], [89565.4, 0.004], [89565.5, 0.005], [89565.8, 0.042], [89565.9, 0.112], [89566.4, 0.011], [89566.5, 0.045], [89567.0, 0.011], [89567.1, 0.015], [89567.2, 0.008], [89567.3, 0.005], [89567.4, 0.003], [89567.5, 0.018], [89567.6, 0.007], [89567.7, 0.017], [89567.8, 0.002], [89568.0, 0.029], [89568.1, 0.011], [89568.2, 0.002], [89568.3, 0.003]], "timestamp": "2025-12-06T05:54:59.372693+00:00"}, {"symbol": "BTCUSDT", "bids": [[89592.2, 2.334], [89592.1, 0.002], [89592.0, 0.006], [89591.5, 0.002], [89591.4, 0.003], [89590.9, 0.009], [89590.6, 0.005], [89590.4, 0.002], [89590.2, 0.003], [89590.1, 0.003], [89590.0, 0.002], [89589.7, 0.329], [89589.6, 0.003], [89589.4, 0.003], [89589.3, 0.112], [89589.1, 0.005], [89589.0, 0.012], [89588.8, 0.002], [89588.6, 0.323], [89588.4, 0.002]], "asks": [[89592.3, 4.815], [89592.4, 0.048], [89592.8, 0.119], [89592.9, 0.007], [89593.1, 0.017], [89593.2, 0.045], [89593.3, 0.003], [89593.6, 1.004], [89593.7, 0.024], [89593.8, 0.007], [89594.1, 0.067], [89594.2, 0.028], [89594.3, 0.003], [89594.5, 0.005], [89594.6, 0.03], [89594.8, 0.003], [89594.9, 0.009], [89595.0, 0.078], [89595.1, 0.002], [89595.2, 0.014]], "timestamp": "2025-12-06T05:55:50.905264+00:00"}, {"symbol": "BTCUSDT", "bids": [[89578.6, 3.009], [89578.5, 0.006], [89578.4, 0.026], [89578.3, 0.02], [89578.1, 0.002], [89577.9, 0.002], [89577.8, 0.003], [89577.6, 0.054], [89577.4, 0.32], [89577.3, 0.505], [89577.2, 0.007], [89577.1, 0.003], [89577.0, 0.01], [89576.8, 0.005], [89576.4, 0.033], [89576.3, 0.007], [89576.2, 0.005], [89576.1, 0.069], [89575.9, 0.004], [89575.5, 0.007]], "asks": [[89578.7, 9.812], [89578.8, 0.006], [89578.9, 0.004], [89579.0, 0.012], [89579.6, 0.002], [89579.8, 0.005], [89579.9, 0.115], [89580.0, 0.017], [89580.1, 0.076], [89580.3, 0.006], [89580.4, 0.153], [89580.5, 0.002], [89580.6, 0.002], [89580.7, 0.007], [89580.9, 0.003], [89581.3, 0.498], [89581.5, 0.011], [89581.6, 0.004], [89581.7, 1.004], [89581.8, 0.256]], "timestamp": "2025-12-06T05:56:42.344334+00:00"}, {"symbol": "BTCUSDT", "bids": [[89561.5, 5.51], [89561.4, 0.006], [89561.3, 0.123], [89561.2, 0.002], [89561.0, 0.003], [89560.9, 0.196], [89560.8, 0.085], [89560.5, 0.003], [89560.3, 0.572], [89560.0, 0.04], [89559.9, 0.003], [89559.5, 0.018], [89559.4, 0.002], [89559.0, 0.662], [89558.9, 0.004], [89558.8, 0.117], [89558.7, 0.007], [89558.6, 0.057], [89558.5, 0.016], [89558.4, 0.033]], "asks": [[89561.6, 5.746], [89561.7, 0.038], [89561.8, 0.002], [89562.0, 0.006], [89562.2, 0.003], [89562.4, 0.05], [89562.6, 0.034], [89562.9, 0.007], [89563.4, 0.003], [89563.6, 0.003], [89563.7, 0.002], [89563.8, 0.002], [89564.2, 0.003], [89564.4, 0.005], [89564.6, 0.002], [89564.7, 0.003], [89564.9, 0.002], [89565.0, 0.004], [89565.2, 0.006], [89565.5, 0.004]], "timestamp": "2025-12-06T05:57:34.375036+00:00"}, {"symbol": "BTCUSDT", "bids": [[89563.1, 2.177], [89563.0, 0.011], [89562.9, 0.038], [89562.3, 0.055], [89562.2, 0.33], [89562.1, 0.002], [89562.0, 0.004], [89561.7, 0.002], [89561.6, 0.011], [89561.5, 0.119], [89561.3, 0.011], [89561.2, 0.008], [89561.1, 0.003], [89561.0, 0.485], [89560.8, 0.079], [89560.5, 0.003], [89560.4, 0.002], [89560.3, 0.02], [89560.2, 0.002], [89560.0, 0.059]], "asks": [[89563.2, 10.124], [89563.3, 0.006], [89563.4, 0.002], [89563.8, 0.002], [89563.9, 0.003], [89564.3, 0.005], [89564.4, 0.002], [89564.5, 0.003], [89564.6, 0.009], [89565.0, 0.004], [89565.1, 0.003], [89565.2, 0.003], [89565.3, 0.012], [89565.5, 0.002], [89565.6, 0.003], [89565.7, 0.042], [89565.8, 0.112], [89566.0, 0.003], [89566.1, 0.003], [89566.3, 0.014]], "timestamp": "2025-12-06T05:58:25.544871+00:00"}, {"symbol": "BTCUSDT", "bids": [[89556.6, 2.584], [89556.5, 0.01], [89556.3, 0.002], [89556.2, 0.002], [89556.1, 0.003], [89555.8, 0.004], [89555.6, 0.006], [89555.5, 0.007], [89555.3, 0.011], [89555.2, 0.003], [89555.1, 0.061], [89555.0, 0.112], [89554.9, 0.01], [89554.7, 0.003], [89554.6, 0.003], [89554.5, 0.057], [89554.3, 0.003], [89554.1, 0.025], [89553.9, 0.005], [89553.7, 0.32]], "asks": [[89556.7, 17.969], [89556.8, 0.988], [89556.9, 0.009], [89557.1, 0.005], [89557.3, 0.017], [89557.4, 0.011], [89557.5, 0.002], [89557.6, 0.002], [89557.7, 0.152], [89557.9, 0.003], [89558.2, 0.012], [89558.4, 0.007], [89558.7, 0.003], [89559.0, 0.009], [89559.1, 0.082], [89559.3, 0.004], [89559.5, 0.012], [89559.7, 0.003], [89559.8, 0.005], [89560.0, 0.005]], "timestamp": "2025-12-06T05:59:16.753841+00:00"}, {"symbol": "BTCUSDT", "bids": [[89524.2, 0.32], [89524.1, 0.005], [89523.9, 0.002], [89523.8, 0.004], [89523.7, 0.007], [89523.6, 0.003], [89523.3, 0.003], [89523.1, 0.005], [89523.0, 0.002], [89522.9, 0.003], [89522.6, 0.003], [89522.5, 0.031], [89522.4, 0.002], [89522.1, 0.003], [89522.0, 0.002], [89521.9, 0.011], [89521.8, 0.004], [89521.6, 0.003], [89521.4, 0.107], [89521.3, 0.023]], "asks": [[89524.3, 12.607], [89524.4, 0.12], [89524.5, 0.004], [89524.8, 0.05], [89525.0, 0.003], [89525.2, 0.01], [89525.5, 0.045], [89525.6, 0.149], [89525.7, 0.382], [89525.8, 0.012], [89526.0, 0.003], [89526.2, 0.002], [89526.4, 0.003], [89526.6, 0.007], [89526.8, 0.002], [89526.9, 0.134], [89527.0, 0.043], [89527.1, 0.012], [89527.2, 0.006], [89527.5, 0.055]], "timestamp": "2025-12-06T06:00:08.132266+00:00"}, {"symbol": "BTCUSDT", "bids": [[89512.0, 0.871], [89511.9, 0.002], [89511.7, 0.005], [89511.6, 0.003], [89511.4, 0.003], [89511.2, 0.004], [89511.1, 0.003], [89511.0, 0.016], [89510.6, 0.003], [89510.5, 0.197], [89510.4, 0.059], [89510.3, 0.033], [89510.1, 0.003], [89510.0, 0.166], [89509.9, 0.004], [89509.6, 0.003], [89509.4, 0.004], [89509.2, 0.02], [89509.1, 0.003], [89508.8, 0.003]], "asks": [[89512.1, 16.4], [89512.2, 0.189], [89512.3, 0.004], [89512.4, 0.054], [89512.8, 0.05], [89513.0, 0.211], [89513.1, 0.002], [89513.2, 0.013], [89513.4, 0.04], [89513.5, 0.012], [89513.6, 0.052], [89513.7, 0.003], [89513.8, 0.049], [89513.9, 0.003], [89514.0, 0.002], [89514.1, 0.003], [89514.2, 0.008], [89514.3, 0.003], [89514.4, 0.046], [89514.5, 0.003]], "timestamp": "2025-12-06T06:01:00.096912+00:00"}]