[{"symbol": "SOLUSDT", "bids": [[130.71, 416.9], [130.7, 247.58], [130.69, 741.43], [130.68, 919.32], [130.67, 1022.51], [130.66, 1138.69], [130.65, 1020.48], [130.64, 984.09], [130.63, 1082.84], [130.62, 875.9], [130.61, 619.32], [130.6, 881.34], [130.59, 873.47], [130.58, 799.2], [130.57, 1887.14], [130.56, 2636.75], [130.55, 1291.86], [130.54, 2338.88], [130.53, 937.81], [130.52, 1574.06]], "asks": [[130.72, 1349.5], [130.73, 1352.96], [130.74, 1976.25], [130.75, 1230.07], [130.76, 1430.62], [130.77, 1339.06], [130.78, 1889.37], [130.79, 946.0], [130.8, 751.78], [130.81, 1117.38], [130.82, 584.77], [130.83, 712.51], [130.84, 1122.55], [130.85, 449.85], [130.86, 633.5], [130.87, 982.79], [130.88, 676.43], [130.89, 871.1], [130.9, 2490.03], [130.91, 737.69]], "timestamp": "2025-12-11T10:54:01.521246+00:00"}, {"symbol": "SOLUSDT", "bids": [[130.7, 1260.15], [130.69, 592.95], [130.68, 421.72], [130.67, 984.15], [130.66, 784.24], [130.65, 1038.38], [130.64, 1057.69], [130.63, 1297.06], [130.62, 944.02], [130.61, 1195.16], [130.6, 1155.65], [130.59, 964.61], [130.58, 787.18], [130.57, 1191.73], [130.56, 2866.25], [130.55, 1203.09], [130.54, 1086.87], [130.53, 1001.97], [130.52, 881.53], [130.51, 2189.19]], "asks": [[130.71, 211.91], [130.72, 351.67], [130.73, 559.52], [130.74, 1622.21], [130.75, 1204.3], [130.76, 1128.25], [130.77, 1469.37], [130.78, 461.5], [130.79, 902.23], [130.8, 1137.22], [130.81, 702.05], [130.82, 418.48], [130.83, 675.4], [130.84, 965.83], [130.85, 560.2], [130.86, 1301.25], [130.87, 2718.4], [130.88, 458.32], [130.89, 624.96], [130.9, 2776.12]], "timestamp": "2025-12-11T10:54:55.442541+00:00"}, {"symbol": "SOLUSDT", "bids": [[130.6, 278.07], [130.59, 523.36], [130.58, 1550.36], [130.57, 1047.28], [130.56, 932.82], [130.55, 1515.23], [130.54, 1074.04], [130.53, 1155.58], [130.52, 1283.92], [130.51, 1233.67], [130.5, 1005.54], [130.49, 862.28], [130.48, 1009.96], [130.47, 1434.56], [130.46, 2171.82], [130.45, 1736.72], [130.44, 2242.84], [130.43, 490.75], [130.42, 1144.36], [130.41, 865.66]], "asks": [[130.61, 794.53], [130.62, 523.2], [130.63, 892.96], [130.64, 1464.3], [130.65, 2362.59], [130.66, 1232.35], [130.67, 2292.74], [130.68, 920.02], [130.69, 525.95], [130.7, 440.22], [130.71, 904.42], [130.72, 806.12], [130.73, 801.32], [130.74, 726.7], [130.75, 922.3], [130.76, 957.2], [130.77, 2181.1], [130.78, 1368.13], [130.79, 1056.66], [130.8, 788.12]], "timestamp": "2025-12-11T10:55:47.062313+00:00"}, {"symbol": "SOLUSDT", "bids": [[130.63, 1048.23], [130.62, 701.44], [130.61, 1159.92], [130.6, 1299.32], [130.59, 2069.29], [130.58, 1383.77], [130.57, 1275.39], [130.56, 1150.89], [130.55, 850.2], [130.54, 1243.22], [130.53, 1197.38], [130.52, 1079.57], [130.51, 1383.09], [130.5, 2751.35], [130.49, 1183.29], [130.48, 1273.14], [130.47, 1125.77], [130.46, 2249.96], [130.45, 1153.36], [130.44, 567.47]], "asks": [[130.64, 167.37], [130.65, 133.38], [130.66, 528.95], [130.67, 1354.86], [130.68, 975.7], [130.69, 839.78], [130.7, 997.14], [130.71, 662.21], [130.72, 826.86], [130.73, 653.86], [130.74, 690.14], [130.75, 857.25], [130.76, 823.04], [130.77, 651.49], [130.78, 968.28], [130.79, 2145.44], [130.8, 2236.66], [130.81, 660.99], [130.82, 716.39], [130.83, 593.73]], "timestamp": "2025-12-11T10:56:39.523383+00:00"}, {"symbol": "SOLUSDT", "bids": [[130.74, 166.31], [130.73, 271.74], [130.72, 1379.89], [130.71, 1545.74], [130.7, 1709.68], [130.69, 1806.06], [130.68, 1065.09], [130.67, 881.41], [130.66, 1170.66], [130.65, 947.14], [130.64, 811.02], [130.63, 1294.69], [130.62, 1266.11], [130.61, 1167.16], [130.6, 1615.3], [130.59, 2706.66], [130.58, 955.85], [130.57, 835.14], [130.56, 1027.71], [130.55, 954.51]], "asks": [[130.75, 1085.33], [130.76, 1116.28], [130.77, 2008.85], [130.78, 523.51], [130.79, 458.69], [130.8, 835.31], [130.81, 962.55], [130.82, 899.55], [130.83, 761.9], [130.84, 756.03], [130.85, 698.1], [130.86, 947.91], [130.87, 1378.08], [130.88, 804.11], [130.89, 1046.33], [130.9, 2509.17], [130.91, 565.49], [130.92, 621.73], [130.93, 1286.96], [130.94, 2073.32]], "timestamp": "2025-12-11T10:57:31.216059+00:00"}, {"symbol": "SOLUSDT", "bids": [[130.73, 976.5], [130.72, 704.13], [130.71, 1438.85], [130.7, 1237.56], [130.69, 1895.5], [130.68, 1043.26], [130.67, 851.01], [130.66, 1575.36], [130.65, 868.47], [130.64, 1136.65], [130.63, 1305.47], [130.62, 1456.2], [130.61, 1538.7], [130.6, 1981.77], [130.59, 2811.7], [130.58, 2405.64], [130.57, 813.52], [130.56, 600.42], [130.55, 670.43], [130.54, 1721.28]], "asks": [[130.74, 568.73], [130.75, 681.97], [130.76, 432.38], [130.77, 598.71], [130.78, 1730.94], [130.79, 1421.77], [130.8, 705.04], [130.81, 711.59], [130.82, 709.09], [130.83, 722.37], [130.84, 1354.86], [130.85, 632.91], [130.86, 1016.58], [130.87, 1007.49], [130.88, 850.59], [130.89, 1994.83], [130.9, 900.02], [130.91, 819.53], [130.92, 882.56], [130.93, 2418.85]], "timestamp": "2025-12-11T10:58:29.710215+00:00"}, {"symbol": "SOLUSDT", "bids": [[130.76, 66.42], [130.75, 380.58], [130.74, 1215.7], [130.73, 1015.06], [130.72, 1959.57], [130.71, 1221.89], [130.7, 1276.17], [130.69, 1634.04], [130.68, 1002.19], [130.67, 768.52], [130.66, 1520.31], [130.65, 1024.36], [130.64, 1088.51], [130.63, 1302.94], [130.62, 980.17], [130.61, 2562.74], [130.6, 1660.81], [130.59, 1236.29], [130.58, 2456.13], [130.57, 932.83]], "asks": [[130.77, 1068.79], [130.78, 563.43], [130.79, 400.15], [130.8, 763.3], [130.81, 988.61], [130.82, 703.52], [130.83, 1202.67], [130.84, 893.74], [130.85, 1016.61], [130.86, 867.88], [130.87, 990.23], [130.88, 605.13], [130.89, 782.3], [130.9, 1005.9], [130.91, 2024.83], [130.92, 2559.39], [130.93, 789.87], [130.94, 722.41], [130.95, 482.54], [130.96, 502.46]], "timestamp": "2025-12-11T10:59:27.098056+00:00"}, {"symbol": "SOLUSDT", "bids": [[130.69, 667.22], [130.68, 871.33], [130.67, 1027.89], [130.66, 1290.98], [130.65, 1529.65], [130.64, 1037.41], [130.63, 1199.48], [130.62, 1018.69], [130.61, 1018.36], [130.6, 1501.87], [130.59, 996.63], [130.58, 815.36], [130.57, 1270.01], [130.56, 1194.76], [130.55, 2794.28], [130.54, 2399.09], [130.53, 670.69], [130.52, 1291.55], [130.51, 716.98], [130.5, 1071.39]], "asks": [[130.7, 595.45], [130.71, 428.88], [130.72, 793.51], [130.73, 1494.66], [130.74, 1688.97], [130.75, 1258.44], [130.76, 472.82], [130.77, 1323.57], [130.78, 816.9], [130.79, 1011.58], [130.8, 1010.35], [130.81, 905.88], [130.82, 562.5], [130.83, 630.29], [130.84, 666.29], [130.85, 880.67], [130.86, 2224.53], [130.87, 1198.69], [130.88, 2143.73], [130.89, 836.28]], "timestamp": "2025-12-11T11:00:24.860398+00:00"}, {"symbol": "SOLUSDT", "bids": [[130.69, 775.84], [130.68, 981.13], [130.67, 1112.4], [130.66, 1355.08], [130.65, 1601.45], [130.64, 1074.09], [130.63, 1047.93], [130.62, 1193.41], [130.61, 1258.56], [130.6, 1659.77], [130.59, 884.01], [130.58, 766.95], [130.57, 1341.6], [130.56, 3184.72], [130.55, 829.65], [130.54, 1207.77], [130.53, 715.89], [130.52, 1041.89], [130.51, 957.79], [130.5, 1146.81]], "asks": [[130.7, 456.09], [130.71, 159.97], [130.72, 428.19], [130.73, 1059.52], [130.74, 1471.84], [130.75, 1379.66], [130.76, 1387.29], [130.77, 932.68], [130.78, 436.14], [130.79, 706.96], [130.8, 795.34], [130.81, 935.51], [130.82, 741.6], [130.83, 1016.29], [130.84, 1497.95], [130.85, 3366.32], [130.86, 610.59], [130.87, 791.26], [130.88, 530.48], [130.89, 766.04]], "timestamp": "2025-12-11T11:01:21.435899+00:00"}, {"symbol": "SOLUSDT", "bids": [[130.71, 621.04], [130.7, 203.92], [130.69, 671.04], [130.68, 898.44], [130.67, 1191.11], [130.66, 1613.31], [130.65, 617.12], [130.64, 850.86], [130.63, 1005.59], [130.62, 985.71], [130.61, 1135.14], [130.6, 1347.27], [130.59, 1627.63], [130.58, 2515.0], [130.57, 861.99], [130.56, 662.99], [130.55, 596.19], [130.54, 1184.01], [130.53, 1433.1], [130.52, 2089.68]], "asks": [[130.72, 362.52], [130.73, 481.96], [130.74, 883.21], [130.75, 993.64], [130.76, 1091.95], [130.77, 1172.68], [130.78, 943.69], [130.79, 608.37], [130.8, 968.18], [130.81, 878.14], [130.82, 618.6], [130.83, 982.39], [130.84, 1083.43], [130.85, 2244.33], [130.86, 826.73], [130.87, 2237.14], [130.88, 538.75], [130.89, 872.19], [130.9, 960.45], [130.91, 1331.81]], "timestamp": "2025-12-11T11:02:21.375891+00:00"}, {"symbol": "SOLUSDT", "bids": [[130.69, 115.73], [130.68, 77.36], [130.67, 1024.3], [130.66, 855.18], [130.65, 1527.05], [130.64, 1062.41], [130.63, 867.36], [130.62, 1022.76], [130.61, 999.15], [130.6, 1610.16], [130.59, 891.99], [130.58, 994.88], [130.57, 1210.31], [130.56, 1292.58], [130.55, 2117.92], [130.54, 1219.95], [130.53, 1024.8], [130.52, 674.66], [130.51, 1358.77], [130.5, 2800.41]], "asks": [[130.7, 830.91], [130.71, 582.83], [130.72, 1243.55], [130.73, 744.16], [130.74, 686.07], [130.75, 1406.06], [130.76, 973.53], [130.77, 839.37], [130.78, 978.5], [130.79, 500.61], [130.8, 845.15], [130.81, 927.45], [130.82, 785.4], [130.83, 2096.18], [130.84, 1341.86], [130.85, 2050.93], [130.86, 822.48], [130.87, 813.59], [130.88, 448.33], [130.89, 750.53]], "timestamp": "2025-12-11T11:03:22.072463+00:00"}, {"symbol": "SOLUSDT", "bids": [[130.79, 604.19], [130.78, 753.02], [130.77, 1025.63], [130.76, 1063.63], [130.75, 1814.78], [130.74, 1399.69], [130.73, 1237.32], [130.72, 1227.48], [130.71, 2377.38], [130.7, 4241.92], [130.69, 703.97], [130.68, 545.86], [130.67, 998.22], [130.66, 1346.83], [130.65, 1322.69], [130.64, 1235.85], [130.63, 2509.19], [130.62, 650.72], [130.61, 1042.24], [130.6, 1094.0]], "asks": [[130.8, 88.48], [130.81, 346.56], [130.82, 659.79], [130.83, 727.28], [130.84, 1192.11], [130.85, 930.15], [130.86, 1138.42], [130.87, 941.59], [130.88, 581.23], [130.89, 884.11], [130.9, 1053.18], [130.91, 742.05], [130.92, 1172.33], [130.93, 865.3], [130.94, 750.35], [130.95, 3646.69], [130.96, 809.85], [130.97, 1587.91], [130.98, 3311.13], [130.99, 1656.57]], "timestamp": "2025-12-11T11:04:20.684517+00:00"}, {"symbol": "SOLUSDT", "bids": [[130.96, 659.7], [130.95, 847.51], [130.94, 1077.24], [130.93, 1276.55], [130.92, 2222.03], [130.91, 1151.88], [130.9, 1687.22], [130.89, 1451.61], [130.88, 1036.71], [130.87, 979.67], [130.86, 921.72], [130.85, 853.52], [130.84, 1435.7], [130.83, 2641.05], [130.82, 1094.78], [130.81, 559.0], [130.8, 836.97], [130.79, 967.71], [130.78, 1237.19], [130.77, 1354.32]], "asks": [[130.97, 153.01], [130.98, 2888.8], [130.99, 1211.63], [131.0, 2182.17], [131.01, 549.95], [131.02, 1076.45], [131.03, 651.1], [131.04, 692.96], [131.05, 1238.17], [131.06, 603.87], [131.07, 637.47], [131.08, 873.96], [131.09, 617.98], [131.1, 1029.22], [131.11, 2410.31], [131.12, 741.34], [131.13, 629.25], [131.14, 752.5], [131.15, 2168.35], [131.16, 561.84]], "timestamp": "2025-12-11T11:05:16.893226+00:00"}, {"symbol": "SOLUSDT", "bids": [[130.82, 1118.29], [130.81, 1645.41], [130.8, 1065.18], [130.79, 655.9], [130.78, 1016.68], [130.77, 1272.62], [130.76, 968.38], [130.75, 1272.96], [130.74, 1589.58], [130.73, 1021.26], [130.72, 1457.97], [130.71, 1955.28], [130.7, 4672.08], [130.69, 1309.58], [130.68, 2251.48], [130.67, 663.99], [130.66, 722.25], [130.65, 1357.93], [130.64, 3140.82], [130.63, 1465.85]], "asks": [[130.83, 48.21], [130.84, 662.23], [130.85, 2836.41], [130.86, 1293.68], [130.87, 965.5], [130.88, 1332.6], [130.89, 1142.89], [130.9, 726.7], [130.91, 713.16], [130.92, 942.66], [130.93, 908.89], [130.94, 435.71], [130.95, 455.68], [130.96, 881.01], [130.97, 465.42], [130.98, 1161.57], [130.99, 3316.46], [131.0, 1701.66], [131.01, 691.18], [131.02, 819.88]], "timestamp": "2025-12-11T11:06:15.344638+00:00"}, {"symbol": "SOLUSDT", "bids": [[130.92, 965.48], [130.91, 693.63], [130.9, 1416.95], [130.89, 978.31], [130.88, 829.34], [130.87, 1866.63], [130.86, 1218.96], [130.85, 1214.38], [130.84, 1571.15], [130.83, 1301.56], [130.82, 956.32], [130.81, 1488.75], [130.8, 1172.73], [130.79, 882.7], [130.78, 1238.2], [130.77, 2752.53], [130.76, 561.81], [130.75, 574.38], [130.74, 1270.99], [130.73, 631.6]], "asks": [[130.93, 131.03], [130.94, 108.92], [130.95, 535.99], [130.96, 723.17], [130.97, 686.71], [130.98, 898.72], [130.99, 1665.13], [131.0, 1744.45], [131.01, 557.67], [131.02, 951.18], [131.03, 477.77], [131.04, 629.32], [131.05, 1052.08], [131.06, 743.28], [131.07, 730.82], [131.08, 1066.56], [131.09, 3627.74], [131.1, 1165.01], [131.11, 841.62], [131.12, 1374.79]], "timestamp": "2025-12-11T11:07:09.765641+00:00"}, {"symbol": "SOLUSDT", "bids": [[130.91, 891.85], [130.9, 806.51], [130.89, 697.74], [130.88, 1154.41], [130.87, 1821.62], [130.86, 606.85], [130.85, 810.33], [130.84, 1227.57], [130.83, 1032.84], [130.82, 934.89], [130.81, 1455.96], [130.8, 869.25], [130.79, 1172.62], [130.78, 2877.57], [130.77, 2474.75], [130.76, 850.93], [130.75, 560.09], [130.74, 1351.24], [130.73, 837.24], [130.72, 1338.81]], "asks": [[130.92, 396.68], [130.93, 411.99], [130.94, 783.32], [130.95, 480.41], [130.96, 1019.96], [130.97, 725.66], [130.98, 854.48], [130.99, 1276.67], [131.0, 1680.87], [131.01, 761.57], [131.02, 1023.62], [131.03, 502.69], [131.04, 664.36], [131.05, 1446.51], [131.06, 1259.86], [131.07, 1828.86], [131.08, 1010.88], [131.09, 2355.2], [131.1, 997.01], [131.11, 806.23]], "timestamp": "2025-12-11T11:08:10.251189+00:00"}, {"symbol": "SOLUSDT", "bids": [[130.85, 1022.52], [130.84, 601.29], [130.83, 741.01], [130.82, 964.47], [130.81, 1535.54], [130.8, 639.87], [130.79, 633.88], [130.78, 895.11], [130.77, 1311.88], [130.76, 912.99], [130.75, 1279.22], [130.74, 1217.33], [130.73, 1343.17], [130.72, 3187.62], [130.71, 1953.3], [130.7, 4456.24], [130.69, 437.38], [130.68, 930.03], [130.67, 1996.91], [130.66, 1103.85]], "asks": [[130.86, 459.11], [130.87, 176.61], [130.88, 508.75], [130.89, 1109.87], [130.9, 970.1], [130.91, 754.08], [130.92, 1178.4], [130.93, 1018.78], [130.94, 1186.25], [130.95, 1753.16], [130.96, 588.57], [130.97, 537.11], [130.98, 814.39], [130.99, 1298.56], [131.0, 1854.72], [131.01, 1098.41], [131.02, 2138.55], [131.03, 832.82], [131.04, 2206.9], [131.05, 1696.6]], "timestamp": "2025-12-11T11:09:10.291697+00:00"}, {"symbol": "SOLUSDT", "bids": [[130.85, 376.88], [130.84, 323.16], [130.83, 665.99], [130.82, 994.05], [130.81, 1750.2], [130.8, 701.58], [130.79, 654.77], [130.78, 788.48], [130.77, 1253.54], [130.76, 694.8], [130.75, 1155.44], [130.74, 1297.55], [130.73, 1352.75], [130.72, 1581.04], [130.71, 2025.34], [130.7, 4471.56], [130.69, 672.41], [130.68, 2201.43], [130.67, 603.2], [130.66, 1116.08]], "asks": [[130.86, 596.66], [130.87, 571.09], [130.88, 1009.85], [130.89, 460.02], [130.9, 1043.47], [130.91, 799.09], [130.92, 1164.36], [130.93, 1033.53], [130.94, 1169.92], [130.95, 1903.34], [130.96, 406.41], [130.97, 552.63], [130.98, 840.22], [130.99, 1298.22], [131.0, 1870.13], [131.01, 1046.47], [131.02, 2123.33], [131.03, 597.3], [131.04, 648.35], [131.05, 1805.22]], "timestamp": "2025-12-11T11:10:07.176697+00:00"}, {"symbol": "SOLUSDT", "bids": [[130.86, 752.91], [130.85, 790.67], [130.84, 1147.41], [130.83, 1792.37], [130.82, 1505.58], [130.81, 1199.47], [130.8, 1212.12], [130.79, 679.29], [130.78, 923.45], [130.77, 1159.99], [130.76, 579.64], [130.75, 712.56], [130.74, 1330.46], [130.73, 1287.47], [130.72, 1680.72], [130.71, 2127.03], [130.7, 4471.19], [130.69, 654.21], [130.68, 3926.32], [130.67, 491.88]], "asks": [[130.87, 252.76], [130.88, 778.79], [130.89, 1222.02], [130.9, 1075.04], [130.91, 907.97], [130.92, 1116.62], [130.93, 585.98], [130.94, 1043.06], [130.95, 751.18], [130.96, 446.18], [130.97, 620.39], [130.98, 1024.89], [130.99, 1322.22], [131.0, 1993.64], [131.01, 893.87], [131.02, 2309.61], [131.03, 1638.88], [131.04, 657.94], [131.05, 1990.33], [131.06, 1023.69]], "timestamp": "2025-12-11T11:11:04.586881+00:00"}, {"symbol": "SOLUSDT", "bids": [[130.87, 855.21], [130.86, 469.05], [130.85, 909.74], [130.84, 1161.86], [130.83, 1946.85], [130.82, 1388.05], [130.81, 1257.08], [130.8, 1062.89], [130.79, 679.89], [130.78, 915.34], [130.77, 1247.81], [130.76, 878.47], [130.75, 864.92], [130.74, 1431.01], [130.73, 2291.32], [130.72, 1321.67], [130.71, 2025.77], [130.7, 4507.53], [130.69, 686.84], [130.68, 2228.62]], "asks": [[130.88, 227.88], [130.89, 575.81], [130.9, 634.05], [130.91, 1024.19], [130.92, 1146.91], [130.93, 648.86], [130.94, 923.03], [130.95, 728.11], [130.96, 586.17], [130.97, 601.0], [130.98, 1003.86], [130.99, 1457.19], [131.0, 1873.68], [131.01, 908.76], [131.02, 2489.45], [131.03, 1726.3], [131.04, 570.14], [131.05, 2001.29], [131.06, 1148.99], [131.07, 618.27]], "timestamp": "2025-12-11T11:12:00.743567+00:00"}, {"symbol": "SOLUSDT", "bids": [[130.86, 944.02], [130.85, 693.9], [130.84, 822.13], [130.83, 426.3], [130.82, 997.16], [130.81, 2114.11], [130.8, 1059.44], [130.79, 1367.54], [130.78, 703.41], [130.77, 1157.65], [130.76, 776.24], [130.75, 934.27], [130.74, 1240.03], [130.73, 1260.45], [130.72, 2970.81], [130.71, 1853.79], [130.7, 4127.9], [130.69, 440.63], [130.68, 777.66], [130.67, 500.48]], "asks": [[130.87, 245.25], [130.88, 543.77], [130.89, 581.53], [130.9, 616.28], [130.91, 1332.26], [130.92, 976.0], [130.93, 1006.87], [130.94, 853.34], [130.95, 558.98], [130.96, 468.01], [130.97, 922.51], [130.98, 1121.1], [130.99, 1487.41], [131.0, 1627.07], [131.01, 1067.59], [131.02, 2183.63], [131.03, 1877.22], [131.04, 584.09], [131.05, 2009.4], [131.06, 1363.15]], "timestamp": "2025-12-11T11:12:57.355401+00:00"}, {"symbol": "SOLUSDT", "bids": [[130.84, 197.92], [130.83, 397.13], [130.82, 2022.76], [130.81, 1217.98], [130.8, 1567.07], [130.79, 890.14], [130.78, 603.61], [130.77, 1143.93], [130.76, 645.65], [130.75, 931.9], [130.74, 1129.93], [130.73, 1355.21], [130.72, 1532.72], [130.71, 2410.17], [130.7, 5729.52], [130.69, 478.11], [130.68, 644.95], [130.67, 844.55], [130.66, 3045.35], [130.65, 792.88]], "asks": [[130.85, 1054.46], [130.86, 667.46], [130.87, 423.53], [130.88, 820.89], [130.89, 786.75], [130.9, 909.14], [130.91, 1414.8], [130.92, 879.31], [130.93, 1061.79], [130.94, 856.92], [130.95, 490.02], [130.96, 556.67], [130.97, 811.62], [130.98, 1038.38], [130.99, 3112.26], [131.0, 3175.48], [131.01, 774.99], [131.02, 735.52], [131.03, 747.3], [131.04, 1101.06]], "timestamp": "2025-12-11T11:13:54.498968+00:00"}, {"symbol": "SOLUSDT", "bids": [[130.8, 997.5], [130.79, 702.37], [130.78, 601.37], [130.77, 1251.99], [130.76, 899.59], [130.75, 1008.6], [130.74, 1162.76], [130.73, 1230.49], [130.72, 1433.05], [130.71, 2013.3], [130.7, 4608.38], [130.69, 1021.1], [130.68, 922.62], [130.67, 813.0], [130.66, 1034.12], [130.65, 2835.87], [130.64, 2048.17], [130.63, 810.48], [130.62, 1030.87], [130.61, 896.34]], "asks": [[130.81, 258.65], [130.82, 599.34], [130.83, 724.35], [130.84, 1307.08], [130.85, 1533.25], [130.86, 791.57], [130.87, 689.94], [130.88, 1035.6], [130.89, 600.45], [130.9, 840.58], [130.91, 1064.95], [130.92, 890.22], [130.93, 592.97], [130.94, 969.46], [130.95, 619.67], [130.96, 1069.69], [130.97, 3233.57], [130.98, 928.2], [130.99, 1361.5], [131.0, 1772.15]], "timestamp": "2025-12-11T11:14:50.607830+00:00"}, {"symbol": "SOLUSDT", "bids": [[130.8, 354.49], [130.79, 478.0], [130.78, 671.75], [130.77, 863.17], [130.76, 1045.25], [130.75, 1020.8], [130.74, 1061.15], [130.73, 1154.21], [130.72, 1163.66], [130.71, 2116.44], [130.7, 4719.06], [130.69, 737.58], [130.68, 931.22], [130.67, 859.16], [130.66, 1482.38], [130.65, 2953.24], [130.64, 1903.65], [130.63, 408.59], [130.62, 1021.05], [130.61, 801.75]], "asks": [[130.81, 1645.22], [130.82, 1205.78], [130.83, 1245.93], [130.84, 1874.09], [130.85, 961.97], [130.86, 563.91], [130.87, 577.58], [130.88, 1033.68], [130.89, 484.44], [130.9, 1027.82], [130.91, 1154.27], [130.92, 858.4], [130.93, 872.28], [130.94, 945.17], [130.95, 634.1], [130.96, 1240.23], [130.97, 3541.89], [130.98, 737.49], [130.99, 1357.73], [131.0, 1571.54]], "timestamp": "2025-12-11T11:15:48.532097+00:00"}, {"symbol": "SOLUSDT", "bids": [[130.85, 93.05], [130.84, 627.57], [130.83, 1259.75], [130.82, 2243.77], [130.81, 2652.38], [130.8, 2057.47], [130.79, 1493.48], [130.78, 942.63], [130.77, 970.84], [130.76, 544.18], [130.75, 764.6], [130.74, 1329.52], [130.73, 849.15], [130.72, 1419.89], [130.71, 3918.1], [130.7, 4956.84], [130.69, 2115.04], [130.68, 693.41], [130.67, 947.97], [130.66, 1241.03]], "asks": [[130.86, 2404.45], [130.87, 1744.97], [130.88, 481.68], [130.89, 751.93], [130.9, 958.48], [130.91, 772.79], [130.92, 841.02], [130.93, 1172.74], [130.94, 1057.04], [130.95, 806.59], [130.96, 408.4], [130.97, 508.11], [130.98, 836.25], [130.99, 1373.15], [131.0, 1702.1], [131.01, 1248.56], [131.02, 3739.55], [131.03, 405.04], [131.04, 1107.81], [131.05, 1234.36]], "timestamp": "2025-12-11T11:16:46.004041+00:00"}, {"symbol": "SOLUSDT", "bids": [[130.81, 267.81], [130.8, 461.04], [130.79, 827.13], [130.78, 722.45], [130.77, 1265.2], [130.76, 690.18], [130.75, 755.57], [130.74, 1120.14], [130.73, 1019.7], [130.72, 1269.56], [130.71, 2063.01], [130.7, 4709.52], [130.69, 911.21], [130.68, 748.05], [130.67, 1034.41], [130.66, 1349.06], [130.65, 930.19], [130.64, 2266.79], [130.63, 771.52], [130.62, 2666.31]], "asks": [[130.82, 1024.08], [130.83, 1223.59], [130.84, 1166.31], [130.85, 1483.51], [130.86, 1618.73], [130.87, 1413.79], [130.88, 1085.57], [130.89, 1168.78], [130.9, 768.46], [130.91, 821.28], [130.92, 887.27], [130.93, 949.68], [130.94, 1088.93], [130.95, 1218.52], [130.96, 1990.52], [130.97, 643.47], [130.98, 882.18], [130.99, 2781.02], [131.0, 1664.9], [131.01, 803.61]], "timestamp": "2025-12-11T11:17:42.305118+00:00"}, {"symbol": "SOLUSDT", "bids": [[130.76, 183.6], [130.75, 399.43], [130.74, 624.14], [130.73, 1012.52], [130.72, 1119.57], [130.71, 2062.61], [130.7, 4313.51], [130.69, 745.87], [130.68, 1018.71], [130.67, 390.0], [130.66, 1056.71], [130.65, 874.6], [130.64, 1057.36], [130.63, 1429.92], [130.62, 810.55], [130.61, 806.4], [130.6, 1302.91], [130.59, 2742.81], [130.58, 2661.3], [130.57, 1136.58]], "asks": [[130.77, 917.23], [130.78, 462.63], [130.79, 1485.74], [130.8, 658.1], [130.81, 1463.54], [130.82, 1550.93], [130.83, 988.43], [130.84, 609.08], [130.85, 1168.23], [130.86, 622.61], [130.87, 578.07], [130.88, 794.01], [130.89, 805.78], [130.9, 968.99], [130.91, 1342.36], [130.92, 2093.61], [130.93, 931.28], [130.94, 1001.77], [130.95, 937.35], [130.96, 2264.35]], "timestamp": "2025-12-11T11:18:39.629834+00:00"}, {"symbol": "SOLUSDT", "bids": [[130.82, 511.35], [130.81, 506.46], [130.8, 1166.92], [130.79, 1011.77], [130.78, 1594.56], [130.77, 1378.48], [130.76, 1302.53], [130.75, 2300.45], [130.74, 1683.79], [130.73, 1893.87], [130.72, 1063.11], [130.71, 2124.35], [130.7, 4379.46], [130.69, 722.16], [130.68, 590.92], [130.67, 760.85], [130.66, 1100.2], [130.65, 984.41], [130.64, 2842.62], [130.63, 724.38]], "asks": [[130.83, 559.05], [130.84, 399.04], [130.85, 560.2], [130.86, 1247.78], [130.87, 1117.26], [130.88, 616.43], [130.89, 607.32], [130.9, 889.29], [130.91, 756.15], [130.92, 927.87], [130.93, 958.23], [130.94, 1062.6], [130.95, 1015.61], [130.96, 1247.27], [130.97, 2206.55], [130.98, 2294.81], [130.99, 1549.14], [131.0, 1866.34], [131.01, 685.63], [131.02, 1308.53]], "timestamp": "2025-12-11T11:19:36.915455+00:00"}, {"symbol": "SOLUSDT", "bids": [[130.84, 742.45], [130.83, 519.72], [130.82, 824.74], [130.81, 1102.28], [130.8, 1395.32], [130.79, 1559.0], [130.78, 1423.14], [130.77, 1147.64], [130.76, 541.52], [130.75, 999.01], [130.74, 1331.2], [130.73, 1251.95], [130.72, 1381.69], [130.71, 2141.64], [130.7, 4487.16], [130.69, 750.18], [130.68, 984.65], [130.67, 2783.39], [130.66, 1325.35], [130.65, 919.66]], "asks": [[130.85, 513.02], [130.86, 1220.32], [130.87, 1291.83], [130.88, 341.95], [130.89, 493.84], [130.9, 1009.66], [130.91, 973.49], [130.92, 736.68], [130.93, 1211.62], [130.94, 885.66], [130.95, 877.67], [130.96, 1184.32], [130.97, 2209.55], [130.98, 832.42], [130.99, 1782.21], [131.0, 1680.21], [131.01, 823.81], [131.02, 1835.36], [131.03, 531.66], [131.04, 524.28]], "timestamp": "2025-12-11T11:20:34.816920+00:00"}, {"symbol": "SOLUSDT", "bids": [[130.77, 577.76], [130.76, 859.96], [130.75, 1285.87], [130.74, 1005.56], [130.73, 868.85], [130.72, 944.16], [130.71, 1554.42], [130.7, 4256.04], [130.69, 908.54], [130.68, 689.9], [130.67, 906.04], [130.66, 1052.52], [130.65, 891.85], [130.64, 1245.79], [130.63, 3299.81], [130.62, 2703.79], [130.61, 1091.01], [130.6, 1581.98], [130.59, 563.08], [130.58, 691.41]], "asks": [[130.78, 844.98], [130.79, 749.4], [130.8, 1271.22], [130.81, 2217.14], [130.82, 545.47], [130.83, 631.12], [130.84, 674.13], [130.85, 1103.6], [130.86, 846.85], [130.87, 1034.16], [130.88, 790.22], [130.89, 594.62], [130.9, 709.16], [130.91, 741.71], [130.92, 1056.44], [130.93, 1313.6], [130.94, 2279.44], [130.95, 1061.53], [130.96, 1022.65], [130.97, 2335.04]], "timestamp": "2025-12-11T11:21:31.530111+00:00"}, {"symbol": "SOLUSDT", "bids": [[130.73, 548.55], [130.72, 624.64], [130.71, 1280.36], [130.7, 3824.6], [130.69, 1190.35], [130.68, 737.3], [130.67, 676.85], [130.66, 1479.04], [130.65, 596.99], [130.64, 528.3], [130.63, 816.47], [130.62, 936.41], [130.61, 1298.21], [130.6, 1810.74], [130.59, 2139.23], [130.58, 944.31], [130.57, 1334.82], [130.56, 2420.0], [130.55, 696.12], [130.54, 757.13]], "asks": [[130.74, 867.48], [130.75, 1455.54], [130.76, 1879.71], [130.77, 2290.33], [130.78, 2387.27], [130.79, 1043.53], [130.8, 1221.29], [130.81, 923.25], [130.82, 973.27], [130.83, 826.56], [130.84, 646.49], [130.85, 1223.93], [130.86, 1071.15], [130.87, 672.77], [130.88, 716.92], [130.89, 580.83], [130.9, 2398.15], [130.91, 897.9], [130.92, 997.71], [130.93, 1374.38]], "timestamp": "2025-12-11T11:22:29.389993+00:00"}, {"symbol": "SOLUSDT", "bids": [[130.88, 715.04], [130.87, 569.05], [130.86, 1067.03], [130.85, 1157.99], [130.84, 540.46], [130.83, 1549.2], [130.82, 1116.0], [130.81, 832.01], [130.8, 1400.06], [130.79, 443.65], [130.78, 1013.4], [130.77, 1000.8], [130.76, 1237.78], [130.75, 2540.91], [130.74, 1331.86], [130.73, 695.87], [130.72, 1148.94], [130.71, 1889.31], [130.7, 5488.34], [130.69, 907.29]], "asks": [[130.89, 559.3], [130.9, 430.27], [130.91, 741.8], [130.92, 1157.44], [130.93, 1345.17], [130.94, 1074.11], [130.95, 1276.83], [130.96, 623.32], [130.97, 1115.24], [130.98, 1011.61], [130.99, 1834.54], [131.0, 2088.72], [131.01, 887.88], [131.02, 983.13], [131.03, 1911.95], [131.04, 634.71], [131.05, 946.49], [131.06, 2138.57], [131.07, 753.09], [131.08, 569.66]], "timestamp": "2025-12-11T11:23:29.078600+00:00"}, {"symbol": "SOLUSDT", "bids": [[130.87, 150.76], [130.86, 505.29], [130.85, 557.61], [130.84, 1037.88], [130.83, 1268.05], [130.82, 700.56], [130.81, 847.9], [130.8, 1211.94], [130.79, 590.63], [130.78, 1016.44], [130.77, 982.14], [130.76, 858.97], [130.75, 922.87], [130.74, 3024.26], [130.73, 1221.05], [130.72, 1082.72], [130.71, 1916.24], [130.7, 5747.43], [130.69, 642.73], [130.68, 769.7]], "asks": [[130.88, 974.46], [130.89, 1222.22], [130.9, 994.54], [130.91, 762.26], [130.92, 1049.13], [130.93, 1279.83], [130.94, 692.35], [130.95, 1285.97], [130.96, 887.15], [130.97, 1015.59], [130.98, 951.53], [130.99, 1885.76], [131.0, 2041.15], [131.01, 1351.98], [131.02, 692.29], [131.03, 580.36], [131.04, 2253.48], [131.05, 2107.06], [131.06, 666.48], [131.07, 814.89]], "timestamp": "2025-12-11T11:24:35.041917+00:00"}, {"symbol": "SOLUSDT", "bids": [[130.75, 413.25], [130.74, 411.42], [130.73, 519.36], [130.72, 930.02], [130.71, 2050.84], [130.7, 4021.4], [130.69, 763.68], [130.68, 738.36], [130.67, 844.49], [130.66, 1026.98], [130.65, 961.69], [130.64, 1345.06], [130.63, 946.46], [130.62, 1390.39], [130.61, 859.65], [130.6, 3007.87], [130.59, 1051.32], [130.58, 2242.51], [130.57, 517.07], [130.56, 639.72]], "asks": [[130.76, 971.22], [130.77, 1018.04], [130.78, 996.93], [130.79, 888.13], [130.8, 1484.64], [130.81, 1077.28], [130.82, 2111.93], [130.83, 2174.71], [130.84, 796.46], [130.85, 1668.04], [130.86, 795.48], [130.87, 664.98], [130.88, 854.76], [130.89, 616.62], [130.9, 1357.03], [130.91, 2288.08], [130.92, 542.13], [130.93, 2518.47], [130.94, 535.86], [130.95, 764.54]], "timestamp": "2025-12-11T11:25:42.162543+00:00"}, {"symbol": "SOLUSDT", "bids": [[130.76, 335.11], [130.75, 690.88], [130.74, 1364.26], [130.73, 1402.98], [130.72, 845.63], [130.71, 1921.02], [130.7, 3989.67], [130.69, 691.84], [130.68, 869.71], [130.67, 447.51], [130.66, 772.16], [130.65, 1035.0], [130.64, 908.92], [130.63, 1128.58], [130.62, 970.7], [130.61, 2759.57], [130.6, 1397.54], [130.59, 1268.75], [130.58, 2308.74], [130.57, 367.32]], "asks": [[130.77, 895.27], [130.78, 833.43], [130.79, 617.02], [130.8, 1355.84], [130.81, 1434.02], [130.82, 2064.29], [130.83, 2161.86], [130.84, 782.46], [130.85, 1853.29], [130.86, 660.12], [130.87, 618.95], [130.88, 1012.52], [130.89, 834.33], [130.9, 863.06], [130.91, 1110.84], [130.92, 934.04], [130.93, 2377.98], [130.94, 2240.47], [130.95, 790.73], [130.96, 1099.62]], "timestamp": "2025-12-11T11:26:38.836090+00:00"}, {"symbol": "SOLUSDT", "bids": [[130.78, 145.46], [130.77, 407.71], [130.76, 688.96], [130.75, 1123.83], [130.74, 1645.65], [130.73, 1340.32], [130.72, 818.43], [130.71, 1757.61], [130.7, 4474.78], [130.69, 671.01], [130.68, 822.8], [130.67, 808.07], [130.66, 876.27], [130.65, 1016.26], [130.64, 1008.21], [130.63, 2604.97], [130.62, 970.97], [130.61, 1059.0], [130.6, 3283.96], [130.59, 1045.58]], "asks": [[130.79, 1080.22], [130.8, 920.88], [130.81, 780.47], [130.82, 1602.91], [130.83, 1133.51], [130.84, 889.87], [130.85, 1147.0], [130.86, 686.41], [130.87, 924.8], [130.88, 953.6], [130.89, 682.01], [130.9, 1041.06], [130.91, 1087.01], [130.92, 1157.84], [130.93, 2340.86], [130.94, 647.15], [130.95, 1869.89], [130.96, 958.71], [130.97, 641.1], [130.98, 837.67]], "timestamp": "2025-12-11T11:27:37.115360+00:00"}, {"symbol": "SOLUSDT", "bids": [[130.79, 418.33], [130.78, 612.71], [130.77, 759.13], [130.76, 1255.56], [130.75, 1262.08], [130.74, 1743.5], [130.73, 1227.82], [130.72, 1128.34], [130.71, 2008.11], [130.7, 4599.14], [130.69, 1042.97], [130.68, 1175.18], [130.67, 1186.87], [130.66, 767.55], [130.65, 1150.01], [130.64, 1387.59], [130.63, 2890.46], [130.62, 863.15], [130.61, 1150.16], [130.6, 2836.9]], "asks": [[130.8, 1059.39], [130.81, 769.04], [130.82, 543.17], [130.83, 975.04], [130.84, 1086.13], [130.85, 699.83], [130.86, 538.35], [130.87, 847.55], [130.88, 966.57], [130.89, 448.91], [130.9, 814.88], [130.91, 1050.96], [130.92, 981.56], [130.93, 1170.29], [130.94, 968.34], [130.95, 3089.26], [130.96, 633.52], [130.97, 514.35], [130.98, 876.81], [130.99, 1696.39]], "timestamp": "2025-12-11T11:28:37.002106+00:00"}, {"symbol": "SOLUSDT", "bids": [[130.78, 549.93], [130.77, 755.59], [130.76, 1228.97], [130.75, 1414.52], [130.74, 1849.68], [130.73, 1471.88], [130.72, 1206.04], [130.71, 1673.81], [130.7, 4490.93], [130.69, 1197.25], [130.68, 1059.57], [130.67, 1101.47], [130.66, 916.1], [130.65, 1156.36], [130.64, 1108.17], [130.63, 824.2], [130.62, 3049.56], [130.61, 2448.64], [130.6, 1473.06], [130.59, 664.02]], "asks": [[130.79, 157.89], [130.8, 846.01], [130.81, 1045.46], [130.82, 782.18], [130.83, 528.94], [130.84, 1108.98], [130.85, 877.21], [130.86, 888.89], [130.87, 1221.4], [130.88, 827.06], [130.89, 455.92], [130.9, 777.92], [130.91, 1034.4], [130.92, 1064.91], [130.93, 1817.07], [130.94, 616.17], [130.95, 1972.57], [130.96, 980.66], [130.97, 1028.18], [130.98, 876.08]], "timestamp": "2025-12-11T11:29:38.101633+00:00"}, {"symbol": "SOLUSDT", "bids": [[130.87, 1476.24], [130.86, 1383.94], [130.85, 1177.34], [130.84, 1453.57], [130.83, 2241.74], [130.82, 2039.92], [130.81, 1253.42], [130.8, 1392.91], [130.79, 1645.86], [130.78, 1281.04], [130.77, 1167.72], [130.76, 840.94], [130.75, 1237.99], [130.74, 1062.48], [130.73, 727.5], [130.72, 792.44], [130.71, 2023.35], [130.7, 6304.37], [130.69, 1030.11], [130.68, 1214.64]], "asks": [[130.88, 151.25], [130.89, 166.84], [130.9, 659.75], [130.91, 1296.66], [130.92, 1253.17], [130.93, 900.85], [130.94, 688.42], [130.95, 1790.56], [130.96, 1099.85], [130.97, 2623.55], [130.98, 708.34], [130.99, 1648.92], [131.0, 1706.1], [131.01, 1145.19], [131.02, 693.21], [131.03, 746.6], [131.04, 2246.24], [131.05, 613.61], [131.06, 766.68], [131.07, 948.39]], "timestamp": "2025-12-11T11:30:40.132473+00:00"}, {"symbol": "SOLUSDT", "bids": [[130.86, 743.81], [130.85, 842.43], [130.84, 1744.95], [130.83, 1302.94], [130.82, 1026.82], [130.81, 1128.47], [130.8, 1521.98], [130.79, 1138.36], [130.78, 877.57], [130.77, 1175.71], [130.76, 696.63], [130.75, 1127.76], [130.74, 1662.83], [130.73, 989.89], [130.72, 2275.53], [130.71, 2000.01], [130.7, 4425.84], [130.69, 2256.4], [130.68, 1398.5], [130.67, 666.76]], "asks": [[130.87, 291.48], [130.88, 471.93], [130.89, 733.1], [130.9, 1219.76], [130.91, 1137.85], [130.92, 1384.93], [130.93, 1420.12], [130.94, 752.78], [130.95, 878.37], [130.96, 745.84], [130.97, 1017.14], [130.98, 809.8], [130.99, 1681.23], [131.0, 1656.5], [131.01, 1175.41], [131.02, 898.99], [131.03, 3611.23], [131.04, 835.94], [131.05, 568.0], [131.06, 676.85]], "timestamp": "2025-12-11T11:31:42.360817+00:00"}, {"symbol": "SOLUSDT", "bids": [[130.83, 295.49], [130.82, 954.33], [130.81, 548.91], [130.8, 1059.04], [130.79, 1001.37], [130.78, 732.61], [130.77, 1275.61], [130.76, 696.28], [130.75, 1037.07], [130.74, 1334.22], [130.73, 885.13], [130.72, 1111.31], [130.71, 2566.2], [130.7, 4192.16], [130.69, 769.26], [130.68, 1292.47], [130.67, 951.83], [130.66, 2700.16], [130.65, 1532.61], [130.64, 2374.35]], "asks": [[130.84, 1449.94], [130.85, 806.9], [130.86, 1285.13], [130.87, 833.83], [130.88, 855.94], [130.89, 1602.02], [130.9, 717.49], [130.91, 701.09], [130.92, 1482.33], [130.93, 850.47], [130.94, 546.76], [130.95, 727.04], [130.96, 920.02], [130.97, 1229.14], [130.98, 2385.67], [130.99, 3041.85], [131.0, 1550.09], [131.01, 1126.08], [131.02, 735.05], [131.03, 513.49]], "timestamp": "2025-12-11T11:32:45.671745+00:00"}, {"symbol": "SOLUSDT", "bids": [[130.78, 149.42], [130.77, 422.93], [130.76, 745.31], [130.75, 1090.15], [130.74, 1418.47], [130.73, 1016.47], [130.72, 1106.32], [130.71, 2024.88], [130.7, 4453.14], [130.69, 1052.86], [130.68, 1365.84], [130.67, 1021.4], [130.66, 1063.82], [130.65, 1020.03], [130.64, 584.45], [130.63, 614.07], [130.62, 2327.18], [130.61, 1054.41], [130.6, 3149.29], [130.59, 791.48]], "asks": [[130.79, 1208.94], [130.8, 620.16], [130.81, 832.16], [130.82, 1316.25], [130.83, 1043.75], [130.84, 1500.98], [130.85, 979.31], [130.86, 998.17], [130.87, 1136.56], [130.88, 563.22], [130.89, 957.45], [130.9, 679.73], [130.91, 864.32], [130.92, 932.24], [130.93, 899.0], [130.94, 1901.84], [130.95, 725.99], [130.96, 966.9], [130.97, 1105.15], [130.98, 1056.78]], "timestamp": "2025-12-11T11:33:43.121876+00:00"}, {"symbol": "SOLUSDT", "bids": [[130.84, 313.11], [130.83, 138.03], [130.82, 1167.94], [130.81, 1329.21], [130.8, 2929.16], [130.79, 1596.55], [130.78, 1310.26], [130.77, 1114.88], [130.76, 856.1], [130.75, 989.42], [130.74, 1454.01], [130.73, 702.93], [130.72, 1184.9], [130.71, 2107.22], [130.7, 4414.75], [130.69, 810.79], [130.68, 1196.0], [130.67, 1268.09], [130.66, 4253.1], [130.65, 1189.7]], "asks": [[130.85, 1125.62], [130.86, 543.62], [130.87, 1079.14], [130.88, 650.35], [130.89, 916.87], [130.9, 917.74], [130.91, 1334.91], [130.92, 1192.03], [130.93, 1099.23], [130.94, 570.67], [130.95, 598.79], [130.96, 749.66], [130.97, 827.77], [130.98, 1292.41], [130.99, 4632.6], [131.0, 1806.77], [131.01, 484.7], [131.02, 626.77], [131.03, 639.7], [131.04, 1538.69]], "timestamp": "2025-12-11T11:34:40.715382+00:00"}, {"symbol": "SOLUSDT", "bids": [[130.84, 750.53], [130.83, 993.23], [130.82, 1172.89], [130.81, 1491.92], [130.8, 1417.99], [130.79, 1099.0], [130.78, 1498.64], [130.77, 1258.41], [130.76, 916.29], [130.75, 925.32], [130.74, 1442.69], [130.73, 934.57], [130.72, 1387.24], [130.71, 2174.57], [130.7, 4339.83], [130.69, 806.06], [130.68, 1218.99], [130.67, 4402.6], [130.66, 1087.43], [130.65, 1127.89]], "asks": [[130.85, 251.43], [130.86, 456.73], [130.87, 746.63], [130.88, 1242.68], [130.89, 1312.63], [130.9, 1477.62], [130.91, 853.51], [130.92, 969.21], [130.93, 1138.58], [130.94, 468.37], [130.95, 601.38], [130.96, 906.21], [130.97, 767.47], [130.98, 1364.32], [130.99, 3187.53], [131.0, 1778.47], [131.01, 1946.33], [131.02, 757.2], [131.03, 811.15], [131.04, 1340.84]], "timestamp": "2025-12-11T11:35:39.170899+00:00"}, {"symbol": "SOLUSDT", "bids": [[130.85, 276.89], [130.84, 518.0], [130.83, 1114.11], [130.82, 842.43], [130.81, 2108.51], [130.8, 1789.35], [130.79, 983.51], [130.78, 1494.94], [130.77, 1169.11], [130.76, 842.32], [130.75, 1213.39], [130.74, 1692.04], [130.73, 947.5], [130.72, 1171.61], [130.71, 2075.21], [130.7, 6182.11], [130.69, 735.7], [130.68, 1451.98], [130.67, 2672.2], [130.66, 942.41]], "asks": [[130.86, 818.56], [130.87, 607.67], [130.88, 1214.78], [130.89, 1127.97], [130.9, 785.82], [130.91, 1039.97], [130.92, 1523.76], [130.93, 803.19], [130.94, 699.37], [130.95, 827.88], [130.96, 938.55], [130.97, 726.04], [130.98, 1084.84], [130.99, 3148.45], [131.0, 1727.53], [131.01, 708.89], [131.02, 2275.15], [131.03, 836.08], [131.04, 1345.37], [131.05, 462.54]], "timestamp": "2025-12-11T11:36:38.885811+00:00"}, {"symbol": "SOLUSDT", "bids": [[130.97, 892.86], [130.96, 802.05], [130.95, 1017.8], [130.94, 1618.88], [130.93, 1981.6], [130.92, 1375.8], [130.91, 1404.33], [130.9, 1969.3], [130.89, 1518.06], [130.88, 1204.73], [130.87, 982.81], [130.86, 805.63], [130.85, 1168.57], [130.84, 940.25], [130.83, 847.99], [130.82, 905.38], [130.81, 933.42], [130.8, 3029.79], [130.79, 1257.01], [130.78, 979.15]], "asks": [[130.98, 467.18], [130.99, 1037.76], [131.0, 2533.29], [131.01, 1023.66], [131.02, 801.69], [131.03, 1066.43], [131.04, 1674.94], [131.05, 557.08], [131.06, 856.22], [131.07, 1030.1], [131.08, 989.87], [131.09, 2123.34], [131.1, 961.55], [131.11, 717.6], [131.12, 786.41], [131.13, 1039.7], [131.14, 2169.18], [131.15, 973.71], [131.16, 497.45], [131.17, 1363.69]], "timestamp": "2025-12-11T11:37:38.981536+00:00"}, {"symbol": "SOLUSDT", "bids": [[131.1, 625.39], [131.09, 484.82], [131.08, 1038.43], [131.07, 1523.33], [131.06, 2048.3], [131.05, 1573.89], [131.04, 940.13], [131.03, 1280.31], [131.02, 1001.94], [131.01, 865.53], [131.0, 1098.95], [130.99, 1257.44], [130.98, 1074.04], [130.97, 1278.03], [130.96, 2450.38], [130.95, 1669.56], [130.94, 1961.15], [130.93, 555.2], [130.92, 1295.67], [130.91, 1145.82]], "asks": [[131.11, 421.28], [131.12, 1204.57], [131.13, 950.9], [131.14, 1450.14], [131.15, 1203.95], [131.16, 939.45], [131.17, 1581.9], [131.18, 1479.08], [131.19, 713.45], [131.2, 989.84], [131.21, 624.57], [131.22, 740.75], [131.23, 853.55], [131.24, 1345.48], [131.25, 2300.18], [131.26, 1078.34], [131.27, 592.64], [131.28, 2252.56], [131.29, 1035.52], [131.3, 892.17]], "timestamp": "2025-12-11T11:38:38.723381+00:00"}, {"symbol": "SOLUSDT", "bids": [[131.0, 569.69], [130.99, 306.78], [130.98, 795.29], [130.97, 1070.51], [130.96, 781.16], [130.95, 1323.03], [130.94, 1171.4], [130.93, 805.09], [130.92, 1257.28], [130.91, 1156.59], [130.9, 1665.03], [130.89, 955.22], [130.88, 1405.93], [130.87, 2469.55], [130.86, 859.62], [130.85, 828.98], [130.84, 997.81], [130.83, 2551.36], [130.82, 663.86], [130.81, 769.53]], "asks": [[131.01, 1418.33], [131.02, 823.08], [131.03, 858.61], [131.04, 1476.1], [131.05, 843.01], [131.06, 2095.42], [131.07, 2075.81], [131.08, 1050.91], [131.09, 1267.83], [131.1, 972.07], [131.11, 1372.94], [131.12, 1214.47], [131.13, 818.34], [131.14, 1221.61], [131.15, 646.56], [131.16, 702.29], [131.17, 1285.45], [131.18, 4282.1], [131.19, 598.84], [131.2, 997.86]], "timestamp": "2025-12-11T11:39:37.432862+00:00"}, {"symbol": "SOLUSDT", "bids": [[130.99, 250.93], [130.98, 436.59], [130.97, 956.02], [130.96, 825.37], [130.95, 1541.45], [130.94, 1101.04], [130.93, 794.01], [130.92, 1205.1], [130.91, 830.98], [130.9, 1524.5], [130.89, 902.7], [130.88, 949.73], [130.87, 1000.66], [130.86, 1082.95], [130.85, 2604.82], [130.84, 861.48], [130.83, 1063.65], [130.82, 799.12], [130.81, 2140.07], [130.8, 1338.91]], "asks": [[131.0, 777.66], [131.01, 1394.36], [131.02, 1165.79], [131.03, 860.8], [131.04, 1398.78], [131.05, 1101.5], [131.06, 1735.26], [131.07, 1280.68], [131.08, 540.53], [131.09, 827.19], [131.1, 1044.06], [131.11, 962.69], [131.12, 468.01], [131.13, 630.51], [131.14, 1084.65], [131.15, 1366.61], [131.16, 4031.4], [131.17, 842.62], [131.18, 1447.56], [131.19, 595.81]], "timestamp": "2025-12-11T11:40:35.410757+00:00"}, {"symbol": "SOLUSDT", "bids": [[130.98, 1122.8], [130.97, 1121.4], [130.96, 456.11], [130.95, 1334.35], [130.94, 1101.36], [130.93, 922.66], [130.92, 1017.33], [130.91, 797.65], [130.9, 1601.2], [130.89, 727.17], [130.88, 861.15], [130.87, 1014.55], [130.86, 1145.33], [130.85, 1229.53], [130.84, 2464.73], [130.83, 1431.44], [130.82, 916.35], [130.81, 2058.19], [130.8, 1006.01], [130.79, 725.55]], "asks": [[130.99, 397.49], [131.0, 638.46], [131.01, 1160.3], [131.02, 901.73], [131.03, 934.26], [131.04, 1448.93], [131.05, 1217.2], [131.06, 1589.9], [131.07, 1239.71], [131.08, 526.09], [131.09, 939.6], [131.1, 1065.28], [131.11, 1039.32], [131.12, 483.28], [131.13, 773.39], [131.14, 1293.56], [131.15, 2416.76], [131.16, 2403.77], [131.17, 929.53], [131.18, 1353.41]], "timestamp": "2025-12-11T11:41:32.619566+00:00"}, {"symbol": "SOLUSDT", "bids": [[130.97, 604.71], [130.96, 268.37], [130.95, 869.53], [130.94, 1347.3], [130.93, 1044.49], [130.92, 1276.58], [130.91, 858.41], [130.9, 1285.62], [130.89, 896.91], [130.88, 818.22], [130.87, 925.93], [130.86, 1018.27], [130.85, 1760.88], [130.84, 1171.97], [130.83, 2538.54], [130.82, 1111.42], [130.81, 2044.5], [130.8, 1181.47], [130.79, 1024.74], [130.78, 690.73]], "asks": [[130.98, 752.34], [130.99, 690.58], [131.0, 1015.76], [131.01, 1738.7], [131.02, 995.06], [131.03, 1185.71], [131.04, 1337.71], [131.05, 1152.88], [131.06, 1686.62], [131.07, 1361.53], [131.08, 729.42], [131.09, 496.13], [131.1, 807.05], [131.11, 1014.82], [131.12, 812.37], [131.13, 2391.47], [131.14, 2380.7], [131.15, 840.44], [131.16, 651.88], [131.17, 945.04]], "timestamp": "2025-12-11T11:42:29.419342+00:00"}, {"symbol": "SOLUSDT", "bids": [[130.92, 834.01], [130.91, 1511.36], [130.9, 1530.01], [130.89, 779.13], [130.88, 910.75], [130.87, 1031.93], [130.86, 1356.53], [130.85, 1334.88], [130.84, 681.37], [130.83, 978.1], [130.82, 1077.17], [130.81, 574.11], [130.8, 1434.31], [130.79, 999.2], [130.78, 1469.72], [130.77, 724.97], [130.76, 2424.66], [130.75, 1108.87], [130.74, 1530.61], [130.73, 2319.35]], "asks": [[130.93, 346.59], [130.94, 623.29], [130.95, 1547.27], [130.96, 1131.67], [130.97, 1888.69], [130.98, 1017.3], [130.99, 1233.27], [131.0, 1721.53], [131.01, 932.4], [131.02, 809.59], [131.03, 1021.92], [131.04, 1153.97], [131.05, 722.03], [131.06, 2054.9], [131.07, 1004.92], [131.08, 601.8], [131.09, 461.49], [131.1, 2846.45], [131.11, 845.36], [131.12, 523.29]], "timestamp": "2025-12-11T11:43:26.706525+00:00"}, {"symbol": "SOLUSDT", "bids": [[131.09, 858.83], [131.08, 1642.76], [131.07, 1930.47], [131.06, 1397.71], [131.05, 931.3], [131.04, 1030.35], [131.03, 997.35], [131.02, 765.21], [131.01, 854.1], [131.0, 882.4], [130.99, 699.82], [130.98, 892.02], [130.97, 963.05], [130.96, 1428.05], [130.95, 2889.86], [130.94, 1068.39], [130.93, 1618.63], [130.92, 863.42], [130.91, 2003.08], [130.9, 2679.08]], "asks": [[131.1, 372.48], [131.11, 1373.5], [131.12, 602.4], [131.13, 556.3], [131.14, 1539.22], [131.15, 1463.96], [131.16, 737.19], [131.17, 652.92], [131.18, 777.15], [131.19, 733.79], [131.2, 1157.51], [131.21, 1479.79], [131.22, 2521.29], [131.23, 496.66], [131.24, 954.96], [131.25, 1652.76], [131.26, 982.92], [131.27, 2251.53], [131.28, 824.69], [131.29, 727.69]], "timestamp": "2025-12-11T11:44:24.801396+00:00"}, {"symbol": "SOLUSDT", "bids": [[130.99, 1102.25], [130.98, 650.78], [130.97, 1106.47], [130.96, 810.42], [130.95, 975.94], [130.94, 1308.86], [130.93, 1724.25], [130.92, 1010.28], [130.91, 2218.72], [130.9, 1021.15], [130.89, 709.11], [130.88, 1037.86], [130.87, 1029.21], [130.86, 1383.32], [130.85, 3348.78], [130.84, 2627.15], [130.83, 1174.1], [130.82, 582.29], [130.81, 424.05], [130.8, 854.19]], "asks": [[131.0, 512.47], [131.01, 217.54], [131.02, 640.51], [131.03, 1185.94], [131.04, 1727.73], [131.05, 880.46], [131.06, 1193.15], [131.07, 1733.81], [131.08, 1264.06], [131.09, 1024.53], [131.1, 804.0], [131.11, 1391.73], [131.12, 828.7], [131.13, 420.49], [131.14, 1013.75], [131.15, 2555.99], [131.16, 628.36], [131.17, 631.92], [131.18, 2402.12], [131.19, 711.93]], "timestamp": "2025-12-11T11:45:24.269116+00:00"}, {"symbol": "SOLUSDT", "bids": [[130.99, 857.39], [130.98, 941.07], [130.97, 950.74], [130.96, 1376.77], [130.95, 888.81], [130.94, 1076.09], [130.93, 1538.79], [130.92, 983.9], [130.91, 1694.78], [130.9, 1429.48], [130.89, 454.28], [130.88, 1095.09], [130.87, 1320.76], [130.86, 1441.7], [130.85, 3297.29], [130.84, 1106.13], [130.83, 892.01], [130.82, 770.7], [130.81, 2003.36], [130.8, 817.29]], "asks": [[131.0, 1058.3], [131.01, 427.99], [131.02, 483.41], [131.03, 730.92], [131.04, 1358.96], [131.05, 778.81], [131.06, 1356.69], [131.07, 1693.96], [131.08, 1146.84], [131.09, 1211.41], [131.1, 848.17], [131.11, 1353.41], [131.12, 732.8], [131.13, 765.08], [131.14, 845.04], [131.15, 2755.56], [131.16, 380.01], [131.17, 519.43], [131.18, 2487.25], [131.19, 698.6]], "timestamp": "2025-12-11T11:46:23.738881+00:00"}, {"symbol": "SOLUSDT", "bids": [[131.06, 794.03], [131.05, 982.5], [131.04, 1482.49], [131.03, 1198.93], [131.02, 1397.02], [131.01, 1065.26], [131.0, 1336.56], [130.99, 1226.37], [130.98, 1712.54], [130.97, 1722.31], [130.96, 681.46], [130.95, 922.78], [130.94, 657.08], [130.93, 1615.06], [130.92, 1264.63], [130.91, 3713.5], [130.9, 1079.7], [130.89, 366.84], [130.88, 769.46], [130.87, 1007.3]], "asks": [[131.07, 655.45], [131.08, 610.95], [131.09, 548.6], [131.1, 789.02], [131.11, 1369.59], [131.12, 1049.96], [131.13, 703.36], [131.14, 1073.23], [131.15, 2661.13], [131.16, 908.99], [131.17, 559.19], [131.18, 764.08], [131.19, 854.83], [131.2, 822.26], [131.21, 1121.8], [131.22, 1287.11], [131.23, 2144.82], [131.24, 1087.47], [131.25, 1915.44], [131.26, 916.65]], "timestamp": "2025-12-11T11:47:23.310399+00:00"}, {"symbol": "SOLUSDT", "bids": [[130.99, 212.6], [130.98, 275.3], [130.97, 1269.61], [130.96, 1153.5], [130.95, 788.53], [130.94, 757.61], [130.93, 1380.83], [130.92, 780.97], [130.91, 2186.83], [130.9, 1289.64], [130.89, 808.46], [130.88, 1048.65], [130.87, 1316.42], [130.86, 2841.14], [130.85, 1440.47], [130.84, 1110.37], [130.83, 1376.75], [130.82, 841.09], [130.81, 2121.86], [130.8, 798.42]], "asks": [[131.0, 1082.99], [131.01, 1019.97], [131.02, 644.99], [131.03, 1037.76], [131.04, 1403.5], [131.05, 2028.95], [131.06, 1472.98], [131.07, 2083.06], [131.08, 876.04], [131.09, 878.67], [131.1, 1072.7], [131.11, 1328.61], [131.12, 852.92], [131.13, 868.29], [131.14, 2129.43], [131.15, 997.03], [131.16, 437.21], [131.17, 946.94], [131.18, 1298.76], [131.19, 2589.6]], "timestamp": "2025-12-11T11:48:20.598176+00:00"}, {"symbol": "SOLUSDT", "bids": [[130.99, 176.91], [130.98, 534.0], [130.97, 721.05], [130.96, 1645.39], [130.95, 1694.86], [130.94, 1222.74], [130.93, 1312.77], [130.92, 906.57], [130.91, 1986.09], [130.9, 1298.18], [130.89, 1159.63], [130.88, 688.03], [130.87, 669.64], [130.86, 1409.94], [130.85, 1441.45], [130.84, 1170.31], [130.83, 2866.71], [130.82, 890.17], [130.81, 2200.17], [130.8, 1081.25]], "asks": [[131.0, 1406.22], [131.01, 400.52], [131.02, 1144.25], [131.03, 491.46], [131.04, 1214.48], [131.05, 1051.32], [131.06, 863.42], [131.07, 1245.19], [131.08, 1045.24], [131.09, 962.88], [131.1, 1216.56], [131.11, 1369.25], [131.12, 931.5], [131.13, 880.03], [131.14, 2103.65], [131.15, 1091.26], [131.16, 1891.1], [131.17, 877.15], [131.18, 1103.82], [131.19, 814.41]], "timestamp": "2025-12-11T11:49:17.413296+00:00"}, {"symbol": "SOLUSDT", "bids": [[130.96, 277.33], [130.95, 287.36], [130.94, 627.96], [130.93, 823.48], [130.92, 1958.66], [130.91, 2132.67], [130.9, 860.22], [130.89, 598.79], [130.88, 860.68], [130.87, 713.54], [130.86, 1059.08], [130.85, 1511.9], [130.84, 1164.66], [130.83, 1543.66], [130.82, 1177.97], [130.81, 2270.54], [130.8, 1378.1], [130.79, 2599.1], [130.78, 945.12], [130.77, 894.56]], "asks": [[130.97, 1070.23], [130.98, 773.61], [130.99, 895.37], [131.0, 673.96], [131.01, 1313.97], [131.02, 1459.23], [131.03, 871.3], [131.04, 857.77], [131.05, 1187.16], [131.06, 930.67], [131.07, 1026.58], [131.08, 1145.12], [131.09, 2347.19], [131.1, 647.94], [131.11, 727.1], [131.12, 1012.96], [131.13, 822.39], [131.14, 2311.78], [131.15, 1142.22], [131.16, 1048.2]], "timestamp": "2025-12-11T11:50:14.097353+00:00"}, {"symbol": "SOLUSDT", "bids": [[130.83, 293.14], [130.82, 135.78], [130.81, 340.45], [130.8, 703.98], [130.79, 1204.2], [130.78, 785.6], [130.77, 1289.94], [130.76, 976.93], [130.75, 1011.33], [130.74, 1073.48], [130.73, 648.81], [130.72, 1143.17], [130.71, 1989.57], [130.7, 5340.5], [130.69, 861.67], [130.68, 572.73], [130.67, 688.08], [130.66, 2575.8], [130.65, 2934.03], [130.64, 446.59]], "asks": [[130.84, 1864.28], [130.85, 1159.67], [130.86, 1026.95], [130.87, 1460.45], [130.88, 1859.7], [130.89, 1287.14], [130.9, 1668.03], [130.91, 2631.15], [130.92, 1648.09], [130.93, 667.64], [130.94, 842.93], [130.95, 601.07], [130.96, 748.52], [130.97, 616.08], [130.98, 1296.8], [130.99, 1125.07], [131.0, 2736.9], [131.01, 767.68], [131.02, 2745.05], [131.03, 756.73]], "timestamp": "2025-12-11T11:51:11.654200+00:00"}, {"symbol": "SOLUSDT", "bids": [[130.91, 1012.25], [130.9, 779.71], [130.89, 2131.52], [130.88, 2298.67], [130.87, 1496.29], [130.86, 1223.32], [130.85, 1469.1], [130.84, 2083.73], [130.83, 1597.82], [130.82, 466.69], [130.81, 793.27], [130.8, 1261.98], [130.79, 1130.59], [130.78, 732.17], [130.77, 843.07], [130.76, 957.12], [130.75, 1142.77], [130.74, 2757.5], [130.73, 762.27], [130.72, 868.29]], "asks": [[130.92, 316.07], [130.93, 382.72], [130.94, 372.57], [130.95, 762.09], [130.96, 1119.31], [130.97, 1133.17], [130.98, 970.53], [130.99, 1690.07], [131.0, 2931.91], [131.01, 1120.45], [131.02, 2387.87], [131.03, 644.72], [131.04, 657.63], [131.05, 994.03], [131.06, 597.67], [131.07, 1060.52], [131.08, 2616.57], [131.09, 818.33], [131.1, 964.91], [131.11, 692.48]], "timestamp": "2025-12-11T11:52:08.320175+00:00"}, {"symbol": "SOLUSDT", "bids": [[130.94, 51.95], [130.93, 267.18], [130.92, 382.62], [130.91, 921.97], [130.9, 1395.17], [130.89, 2538.48], [130.88, 2341.11], [130.87, 899.92], [130.86, 1025.07], [130.85, 1111.37], [130.84, 1447.93], [130.83, 672.4], [130.82, 683.0], [130.81, 895.66], [130.8, 984.54], [130.79, 831.85], [130.78, 3056.43], [130.77, 2347.58], [130.76, 736.1], [130.75, 878.81]], "asks": [[130.95, 2594.6], [130.96, 1228.21], [130.97, 444.15], [130.98, 998.81], [130.99, 1093.83], [131.0, 2941.16], [131.01, 591.79], [131.02, 820.0], [131.03, 950.13], [131.04, 926.41], [131.05, 1123.98], [131.06, 665.72], [131.07, 766.24], [131.08, 2238.87], [131.09, 621.68], [131.1, 1075.82], [131.11, 2104.61], [131.12, 1277.24], [131.13, 717.21], [131.14, 549.95]], "timestamp": "2025-12-11T11:53:05.639815+00:00"}, {"symbol": "SOLUSDT", "bids": [[130.96, 130.14], [130.95, 424.57], [130.94, 452.2], [130.93, 852.93], [130.92, 1400.64], [130.91, 1438.24], [130.9, 933.2], [130.89, 1072.21], [130.88, 778.17], [130.87, 877.83], [130.86, 1223.02], [130.85, 1104.78], [130.84, 1081.25], [130.83, 960.26], [130.82, 844.68], [130.81, 2677.63], [130.8, 904.22], [130.79, 786.75], [130.78, 1441.17], [130.77, 2730.76]], "asks": [[130.97, 1292.92], [130.98, 997.63], [130.99, 2046.27], [131.0, 2740.68], [131.01, 1361.41], [131.02, 811.39], [131.03, 922.59], [131.04, 1125.77], [131.05, 940.14], [131.06, 790.41], [131.07, 814.78], [131.08, 2532.16], [131.09, 1188.77], [131.1, 2357.52], [131.11, 758.45], [131.12, 1218.53], [131.13, 598.7], [131.14, 372.29], [131.15, 1207.33], [131.16, 791.38]], "timestamp": "2025-12-11T11:54:01.782438+00:00"}, {"symbol": "SOLUSDT", "bids": [[130.91, 295.81], [130.9, 466.97], [130.89, 1543.25], [130.88, 1739.32], [130.87, 1464.59], [130.86, 644.55], [130.85, 856.16], [130.84, 865.22], [130.83, 799.17], [130.82, 743.09], [130.81, 667.94], [130.8, 1206.76], [130.79, 1340.28], [130.78, 1154.76], [130.77, 2692.38], [130.76, 945.22], [130.75, 1168.12], [130.74, 829.97], [130.73, 917.06], [130.72, 2661.92]], "asks": [[130.92, 600.33], [130.93, 851.73], [130.94, 1700.7], [130.95, 1686.56], [130.96, 1541.7], [130.97, 1799.67], [130.98, 842.57], [130.99, 1301.45], [131.0, 3787.97], [131.01, 617.73], [131.02, 830.08], [131.03, 723.91], [131.04, 759.68], [131.05, 1438.69], [131.06, 2161.37], [131.07, 1017.74], [131.08, 3330.3], [131.09, 642.29], [131.1, 916.04], [131.11, 866.82]], "timestamp": "2025-12-11T11:54:58.213492+00:00"}, {"symbol": "SOLUSDT", "bids": [[130.86, 2125.66], [130.85, 535.05], [130.84, 539.91], [130.83, 1086.73], [130.82, 648.61], [130.81, 1260.19], [130.8, 1231.72], [130.79, 1264.12], [130.78, 879.04], [130.77, 864.26], [130.76, 1075.56], [130.75, 2696.92], [130.74, 1396.96], [130.73, 1272.23], [130.72, 1360.3], [130.71, 3292.6], [130.7, 4963.99], [130.69, 773.51], [130.68, 621.68], [130.67, 992.96]], "asks": [[130.87, 168.71], [130.88, 390.48], [130.89, 418.71], [130.9, 1052.39], [130.91, 1879.44], [130.92, 1053.0], [130.93, 1278.47], [130.94, 1861.85], [130.95, 2039.47], [130.96, 991.18], [130.97, 947.62], [130.98, 875.18], [130.99, 1488.69], [131.0, 3603.64], [131.01, 2004.38], [131.02, 682.05], [131.03, 971.58], [131.04, 662.18], [131.05, 1342.0], [131.06, 2250.74]], "timestamp": "2025-12-11T11:55:54.690762+00:00"}, {"symbol": "SOLUSDT", "bids": [[130.88, 74.31], [130.87, 69.87], [130.86, 919.94], [130.85, 1512.88], [130.84, 888.75], [130.83, 853.64], [130.82, 700.19], [130.81, 800.33], [130.8, 1147.87], [130.79, 1110.9], [130.78, 1221.64], [130.77, 1214.32], [130.76, 820.32], [130.75, 1407.72], [130.74, 1116.26], [130.73, 725.36], [130.72, 924.72], [130.71, 1794.81], [130.7, 5438.6], [130.69, 2231.98]], "asks": [[130.89, 1295.25], [130.9, 2741.02], [130.91, 452.57], [130.92, 1020.21], [130.93, 1695.41], [130.94, 2179.08], [130.95, 2125.97], [130.96, 999.33], [130.97, 841.88], [130.98, 628.46], [130.99, 985.9], [131.0, 1610.03], [131.01, 621.1], [131.02, 685.62], [131.03, 997.95], [131.04, 4192.35], [131.05, 905.36], [131.06, 652.11], [131.07, 568.46], [131.08, 771.7]], "timestamp": "2025-12-11T11:56:49.929656+00:00"}, {"symbol": "SOLUSDT", "bids": [[130.86, 289.95], [130.85, 387.21], [130.84, 775.99], [130.83, 837.21], [130.82, 1199.54], [130.81, 1642.83], [130.8, 1533.85], [130.79, 1702.8], [130.78, 625.28], [130.77, 736.01], [130.76, 1050.02], [130.75, 870.37], [130.74, 1118.55], [130.73, 886.1], [130.72, 1274.29], [130.71, 2059.82], [130.7, 6231.75], [130.69, 548.68], [130.68, 1289.0], [130.67, 770.05]], "asks": [[130.87, 981.77], [130.88, 691.51], [130.89, 1423.39], [130.9, 2582.6], [130.91, 1335.38], [130.92, 806.05], [130.93, 1122.24], [130.94, 798.69], [130.95, 1166.14], [130.96, 1043.16], [130.97, 985.68], [130.98, 650.24], [130.99, 974.6], [131.0, 1358.66], [131.01, 1083.23], [131.02, 4129.64], [131.03, 859.28], [131.04, 763.84], [131.05, 864.37], [131.06, 463.86]], "timestamp": "2025-12-11T11:57:47.598487+00:00"}, {"symbol": "SOLUSDT", "bids": [[130.92, 197.9], [130.91, 492.32], [130.9, 1055.47], [130.89, 1190.89], [130.88, 1830.5], [130.87, 2245.61], [130.86, 890.89], [130.85, 910.14], [130.84, 505.39], [130.83, 959.62], [130.82, 953.08], [130.81, 830.39], [130.8, 1149.68], [130.79, 1383.83], [130.78, 1006.31], [130.77, 2253.72], [130.76, 1288.13], [130.75, 2566.35], [130.74, 805.78], [130.73, 652.07]], "asks": [[130.93, 1586.73], [130.94, 974.56], [130.95, 1644.42], [130.96, 1424.79], [130.97, 1546.61], [130.98, 782.42], [130.99, 1256.66], [131.0, 1876.33], [131.01, 1164.36], [131.02, 860.24], [131.03, 865.24], [131.04, 932.6], [131.05, 2552.69], [131.06, 500.56], [131.07, 731.34], [131.08, 1149.08], [131.09, 2414.31], [131.1, 843.94], [131.11, 592.46], [131.12, 1089.36]], "timestamp": "2025-12-11T11:58:46.639835+00:00"}, {"symbol": "SOLUSDT", "bids": [[130.87, 850.22], [130.86, 509.42], [130.85, 639.14], [130.84, 658.19], [130.83, 1066.69], [130.82, 1302.08], [130.81, 864.82], [130.8, 863.2], [130.79, 1086.2], [130.78, 875.5], [130.77, 1039.25], [130.76, 1326.54], [130.75, 2474.47], [130.74, 1154.51], [130.73, 598.2], [130.72, 1202.38], [130.71, 2084.63], [130.7, 4897.35], [130.69, 2124.61], [130.68, 692.92]], "asks": [[130.88, 578.7], [130.89, 616.43], [130.9, 684.92], [130.91, 1051.93], [130.92, 2222.11], [130.93, 1798.61], [130.94, 1706.56], [130.95, 2093.09], [130.96, 1477.35], [130.97, 1233.64], [130.98, 787.65], [130.99, 1092.27], [131.0, 1599.76], [131.01, 571.03], [131.02, 541.31], [131.03, 668.59], [131.04, 1137.92], [131.05, 2535.75], [131.06, 789.19], [131.07, 2321.4]], "timestamp": "2025-12-11T11:59:42.003531+00:00"}, {"symbol": "SOLUSDT", "bids": [[130.81, 208.01], [130.8, 445.99], [130.79, 1237.62], [130.78, 1018.96], [130.77, 1493.07], [130.76, 821.3], [130.75, 957.7], [130.74, 979.63], [130.73, 1117.74], [130.72, 1319.67], [130.71, 2076.87], [130.7, 4850.28], [130.69, 1020.16], [130.68, 970.05], [130.67, 541.09], [130.66, 2932.89], [130.65, 830.5], [130.64, 2171.24], [130.63, 2455.84], [130.62, 721.66]], "asks": [[130.82, 923.46], [130.83, 964.92], [130.84, 1094.98], [130.85, 879.88], [130.86, 933.19], [130.87, 1835.54], [130.88, 1439.96], [130.89, 916.85], [130.9, 1319.32], [130.91, 840.86], [130.92, 755.4], [130.93, 944.37], [130.94, 913.07], [130.95, 714.17], [130.96, 784.6], [130.97, 1109.85], [130.98, 3690.98], [130.99, 820.13], [131.0, 1401.47], [131.01, 769.85]], "timestamp": "2025-12-11T12:00:39.284813+00:00"}, {"symbol": "SOLUSDT", "bids": [[130.84, 401.23], [130.83, 683.78], [130.82, 1879.33], [130.81, 1564.83], [130.8, 2097.73], [130.79, 730.25], [130.78, 1901.12], [130.77, 1702.17], [130.76, 752.51], [130.75, 973.64], [130.74, 968.34], [130.73, 986.2], [130.72, 1321.97], [130.71, 2027.99], [130.7, 5029.36], [130.69, 1147.32], [130.68, 2843.62], [130.67, 507.81], [130.66, 974.82], [130.65, 957.71]], "asks": [[130.85, 2137.78], [130.86, 482.42], [130.87, 897.38], [130.88, 1516.12], [130.89, 595.46], [130.9, 907.46], [130.91, 673.42], [130.92, 616.72], [130.93, 664.15], [130.94, 851.3], [130.95, 709.53], [130.96, 1058.51], [130.97, 2108.46], [130.98, 881.9], [130.99, 854.22], [131.0, 1410.35], [131.01, 782.63], [131.02, 2283.02], [131.03, 583.1], [131.04, 454.89]], "timestamp": "2025-12-11T12:01:36.591016+00:00"}, {"symbol": "SOLUSDT", "bids": [[130.78, 1024.66], [130.77, 576.64], [130.76, 467.84], [130.75, 453.04], [130.74, 912.9], [130.73, 666.24], [130.72, 1016.17], [130.71, 2079.22], [130.7, 4882.97], [130.69, 708.47], [130.68, 626.71], [130.67, 1366.34], [130.66, 3003.92], [130.65, 837.1], [130.64, 1876.1], [130.63, 882.72], [130.62, 483.01], [130.61, 1051.35], [130.6, 851.11], [130.59, 444.35]], "asks": [[130.79, 814.16], [130.8, 569.41], [130.81, 1107.67], [130.82, 1816.39], [130.83, 1783.92], [130.84, 1489.73], [130.85, 980.81], [130.86, 1760.07], [130.87, 1533.76], [130.88, 1936.13], [130.89, 1162.41], [130.9, 950.51], [130.91, 868.27], [130.92, 717.59], [130.93, 498.99], [130.94, 724.26], [130.95, 533.07], [130.96, 1009.22], [130.97, 502.74], [130.98, 1013.95]], "timestamp": "2025-12-11T12:02:33.605497+00:00"}, {"symbol": "SOLUSDT", "bids": [[130.89, 566.28], [130.88, 808.49], [130.87, 769.63], [130.86, 649.7], [130.85, 638.13], [130.84, 1145.01], [130.83, 1100.56], [130.82, 996.79], [130.81, 1208.03], [130.8, 1273.52], [130.79, 1099.53], [130.78, 1250.91], [130.77, 1478.3], [130.76, 688.25], [130.75, 2685.5], [130.74, 1358.29], [130.73, 1125.62], [130.72, 807.84], [130.71, 1837.12], [130.7, 5216.81]], "asks": [[130.9, 511.74], [130.91, 639.57], [130.92, 1138.04], [130.93, 1402.22], [130.94, 1075.57], [130.95, 1132.76], [130.96, 832.9], [130.97, 816.22], [130.98, 1001.48], [130.99, 800.64], [131.0, 1687.28], [131.01, 897.45], [131.02, 861.22], [131.03, 2135.95], [131.04, 740.76], [131.05, 2499.17], [131.06, 940.43], [131.07, 675.84], [131.08, 543.58], [131.09, 612.93]], "timestamp": "2025-12-11T12:03:31.225408+00:00"}, {"symbol": "SOLUSDT", "bids": [[130.92, 233.75], [130.91, 265.22], [130.9, 680.6], [130.89, 1371.57], [130.88, 1476.23], [130.87, 3531.54], [130.86, 2227.25], [130.85, 1238.27], [130.84, 747.63], [130.83, 839.18], [130.82, 784.76], [130.81, 865.35], [130.8, 1494.9], [130.79, 975.45], [130.78, 1405.72], [130.77, 3372.79], [130.76, 656.03], [130.75, 676.47], [130.74, 935.63], [130.73, 818.65]], "asks": [[130.93, 784.16], [130.94, 1130.47], [130.95, 623.36], [130.96, 804.74], [130.97, 1103.3], [130.98, 1547.21], [130.99, 1020.83], [131.0, 1648.27], [131.01, 955.21], [131.02, 1223.43], [131.03, 2201.02], [131.04, 786.66], [131.05, 1250.8], [131.06, 1076.49], [131.07, 638.64], [131.08, 570.32], [131.09, 2340.57], [131.1, 1090.29], [131.11, 554.38], [131.12, 808.15]], "timestamp": "2025-12-11T12:04:28.341178+00:00"}, {"symbol": "SOLUSDT", "bids": [[130.81, 94.04], [130.8, 423.15], [130.79, 573.43], [130.78, 939.17], [130.77, 1473.76], [130.76, 1038.05], [130.75, 1269.52], [130.74, 985.4], [130.73, 721.18], [130.72, 1086.75], [130.71, 2066.63], [130.7, 5186.89], [130.69, 648.73], [130.68, 1370.54], [130.67, 836.87], [130.66, 963.79], [130.65, 1303.27], [130.64, 5366.54], [130.63, 810.31], [130.62, 1787.76]], "asks": [[130.82, 1194.43], [130.83, 1231.8], [130.84, 776.19], [130.85, 1177.88], [130.86, 1217.07], [130.87, 2273.58], [130.88, 2613.57], [130.89, 2174.34], [130.9, 1785.87], [130.91, 865.67], [130.92, 763.0], [130.93, 793.37], [130.94, 660.58], [130.95, 855.65], [130.96, 2237.92], [130.97, 714.32], [130.98, 1168.94], [130.99, 2782.39], [131.0, 1690.75], [131.01, 1203.4]], "timestamp": "2025-12-11T12:05:25.702787+00:00"}, {"symbol": "SOLUSDT", "bids": [[130.97, 874.99], [130.96, 585.75], [130.95, 1126.16], [130.94, 1367.36], [130.93, 1473.07], [130.92, 1165.82], [130.91, 1672.82], [130.9, 1777.88], [130.89, 1048.74], [130.88, 674.54], [130.87, 864.23], [130.86, 1198.87], [130.85, 3205.13], [130.84, 16390.5], [130.83, 770.81], [130.82, 830.55], [130.81, 782.61], [130.8, 1503.8], [130.79, 2217.35], [130.78, 1191.01]], "asks": [[130.98, 101.12], [130.99, 455.07], [131.0, 1446.1], [131.01, 696.85], [131.02, 1001.83], [131.03, 983.99], [131.04, 916.14], [131.05, 1136.36], [131.06, 821.13], [131.07, 821.83], [131.08, 953.12], [131.09, 2400.85], [131.1, 1063.58], [131.11, 866.16], [131.12, 572.65], [131.13, 1054.92], [131.14, 1910.4], [131.15, 687.26], [131.16, 549.17], [131.17, 880.45]], "timestamp": "2025-12-11T12:06:21.565978+00:00"}, {"symbol": "SOLUSDT", "bids": [[130.78, 396.0], [130.77, 672.33], [130.76, 552.0], [130.75, 994.25], [130.74, 1291.26], [130.73, 1327.42], [130.72, 1447.29], [130.71, 2134.87], [130.7, 4736.67], [130.69, 841.7], [130.68, 1179.69], [130.67, 805.18], [130.66, 996.03], [130.65, 895.29], [130.64, 2021.48], [130.63, 2026.55], [130.62, 895.7], [130.61, 1021.56], [130.6, 3276.84], [130.59, 475.36]], "asks": [[130.79, 1126.66], [130.8, 908.65], [130.81, 1163.68], [130.82, 408.3], [130.83, 1195.14], [130.84, 1015.26], [130.85, 1091.53], [130.86, 1138.4], [130.87, 1053.02], [130.88, 1291.49], [130.89, 1362.69], [130.9, 847.28], [130.91, 776.28], [130.92, 340.96], [130.93, 984.46], [130.94, 1998.03], [130.95, 592.58], [130.96, 657.58], [130.97, 561.04], [130.98, 827.48]], "timestamp": "2025-12-11T12:07:17.095604+00:00"}, {"symbol": "SOLUSDT", "bids": [[130.81, 627.65], [130.8, 595.05], [130.79, 433.04], [130.78, 1082.21], [130.77, 1417.48], [130.76, 1121.03], [130.75, 1680.16], [130.74, 1152.65], [130.73, 651.17], [130.72, 1033.65], [130.71, 2142.66], [130.7, 5076.06], [130.69, 750.5], [130.68, 625.03], [130.67, 629.78], [130.66, 990.93], [130.65, 822.27], [130.64, 3398.98], [130.63, 969.15], [130.62, 1393.66]], "asks": [[130.82, 230.72], [130.83, 620.93], [130.84, 907.98], [130.85, 557.94], [130.86, 480.98], [130.87, 694.69], [130.88, 516.8], [130.89, 817.99], [130.9, 839.32], [130.91, 864.87], [130.92, 710.94], [130.93, 1085.55], [130.94, 1780.22], [130.95, 1212.19], [130.96, 2429.82], [130.97, 361.79], [130.98, 663.41], [130.99, 1039.2], [131.0, 1364.87], [131.01, 911.25]], "timestamp": "2025-12-11T12:08:11.992109+00:00"}, {"symbol": "SOLUSDT", "bids": [[130.68, 339.01], [130.67, 159.84], [130.66, 933.81], [130.65, 1047.64], [130.64, 1886.33], [130.63, 1092.77], [130.62, 823.13], [130.61, 962.0], [130.6, 1162.74], [130.59, 1183.55], [130.58, 848.59], [130.57, 918.94], [130.56, 955.47], [130.55, 1431.68], [130.54, 4162.86], [130.53, 579.08], [130.52, 514.35], [130.51, 1292.77], [130.5, 2185.97], [130.49, 518.35]], "asks": [[130.69, 1758.09], [130.7, 1457.81], [130.71, 1751.67], [130.72, 655.94], [130.73, 1282.39], [130.74, 1030.31], [130.75, 1556.67], [130.76, 938.01], [130.77, 1115.3], [130.78, 1103.53], [130.79, 828.12], [130.8, 933.25], [130.81, 604.16], [130.82, 614.26], [130.83, 1216.14], [130.84, 2273.08], [130.85, 818.89], [130.86, 1054.22], [130.87, 2638.12], [130.88, 492.46]], "timestamp": "2025-12-11T12:09:07.132322+00:00"}, {"symbol": "SOLUSDT", "bids": [[130.69, 1274.2], [130.68, 533.12], [130.67, 625.72], [130.66, 1400.49], [130.65, 2260.31], [130.64, 1794.25], [130.63, 1063.22], [130.62, 858.04], [130.61, 1588.28], [130.6, 1312.88], [130.59, 681.67], [130.58, 669.87], [130.57, 1020.88], [130.56, 2827.84], [130.55, 1104.18], [130.54, 861.2], [130.53, 708.81], [130.52, 850.55], [130.51, 2487.87], [130.5, 1871.29]], "asks": [[130.7, 254.41], [130.71, 636.47], [130.72, 793.1], [130.73, 717.4], [130.74, 940.98], [130.75, 1257.03], [130.76, 762.28], [130.77, 1122.83], [130.78, 1246.78], [130.79, 760.95], [130.8, 1136.47], [130.81, 823.9], [130.82, 630.62], [130.83, 1244.14], [130.84, 2240.37], [130.85, 806.05], [130.86, 695.01], [130.87, 1997.24], [130.88, 379.14], [130.89, 463.49]], "timestamp": "2025-12-11T12:10:02.185943+00:00"}, {"symbol": "SOLUSDT", "bids": [[130.7, 354.99], [130.69, 699.51], [130.68, 904.4], [130.67, 1616.53], [130.66, 2870.48], [130.65, 1629.0], [130.64, 1375.03], [130.63, 814.44], [130.62, 530.5], [130.61, 1164.76], [130.6, 1047.31], [130.59, 849.05], [130.58, 923.54], [130.57, 2068.52], [130.56, 1246.09], [130.55, 692.65], [130.54, 947.37], [130.53, 942.59], [130.52, 937.21], [130.51, 1275.54]], "asks": [[130.71, 950.27], [130.72, 967.57], [130.73, 447.43], [130.74, 1240.86], [130.75, 1718.76], [130.76, 806.96], [130.77, 1211.36], [130.78, 606.43], [130.79, 804.03], [130.8, 1148.95], [130.81, 869.04], [130.82, 573.37], [130.83, 1047.99], [130.84, 566.85], [130.85, 934.3], [130.86, 2288.11], [130.87, 838.55], [130.88, 1650.9], [130.89, 484.59], [130.9, 961.5]], "timestamp": "2025-12-11T12:10:57.135829+00:00"}, {"symbol": "SOLUSDT", "bids": [[130.73, 92.15], [130.72, 340.85], [130.71, 819.39], [130.7, 1334.95], [130.69, 2253.33], [130.68, 1277.58], [130.67, 1003.35], [130.66, 825.41], [130.65, 807.21], [130.64, 1024.61], [130.63, 798.61], [130.62, 685.9], [130.61, 1446.01], [130.6, 1000.37], [130.59, 978.79], [130.58, 2361.4], [130.57, 1044.07], [130.56, 2677.38], [130.55, 918.67], [130.54, 1068.09]], "asks": [[130.74, 1695.86], [130.75, 1483.98], [130.76, 1301.5], [130.77, 579.2], [130.78, 883.56], [130.79, 729.98], [130.8, 1033.12], [130.81, 1010.17], [130.82, 844.42], [130.83, 1094.24], [130.84, 785.88], [130.85, 928.24], [130.86, 2345.75], [130.87, 695.78], [130.88, 563.44], [130.89, 2142.24], [130.9, 752.4], [130.91, 798.99], [130.92, 571.28], [130.93, 630.08]], "timestamp": "2025-12-11T12:11:53.181839+00:00"}, {"symbol": "SOLUSDT", "bids": [[130.65, 475.94], [130.64, 375.12], [130.63, 702.85], [130.62, 791.28], [130.61, 1453.4], [130.6, 1213.1], [130.59, 723.91], [130.58, 795.52], [130.57, 794.67], [130.56, 1018.8], [130.55, 1100.55], [130.54, 1149.39], [130.53, 2717.85], [130.52, 889.21], [130.51, 1351.17], [130.5, 1802.1], [130.49, 2294.24], [130.48, 1071.46], [130.47, 1576.44], [130.46, 614.95]], "asks": [[130.66, 2090.76], [130.67, 1081.16], [130.68, 1042.15], [130.69, 692.68], [130.7, 1342.96], [130.71, 1588.85], [130.72, 1256.25], [130.73, 1134.53], [130.74, 1091.44], [130.75, 2153.12], [130.76, 929.47], [130.77, 732.02], [130.78, 651.15], [130.79, 836.15], [130.8, 1004.93], [130.81, 719.99], [130.82, 674.0], [130.83, 968.55], [130.84, 2232.18], [130.85, 674.24]], "timestamp": "2025-12-11T12:12:47.772721+00:00"}, {"symbol": "SOLUSDT", "bids": [[130.79, 960.34], [130.78, 1363.83], [130.77, 906.03], [130.76, 1652.84], [130.75, 2262.94], [130.74, 1436.94], [130.73, 1863.72], [130.72, 1118.8], [130.71, 1597.31], [130.7, 1277.53], [130.69, 569.83], [130.68, 945.24], [130.67, 1529.27], [130.66, 681.82], [130.65, 1154.46], [130.64, 1406.12], [130.63, 2086.47], [130.62, 528.0], [130.61, 1492.43], [130.6, 1237.44]], "asks": [[130.8, 436.12], [130.81, 496.5], [130.82, 499.01], [130.83, 565.76], [130.84, 1636.36], [130.85, 1094.78], [130.86, 1087.69], [130.87, 912.47], [130.88, 772.3], [130.89, 936.64], [130.9, 1074.13], [130.91, 1195.22], [130.92, 2226.94], [130.93, 798.92], [130.94, 607.93], [130.95, 1836.05], [130.96, 802.26], [130.97, 324.29], [130.98, 715.14], [130.99, 861.94]], "timestamp": "2025-12-11T12:13:43.385216+00:00"}, {"symbol": "SOLUSDT", "bids": [[130.84, 409.47], [130.83, 602.81], [130.82, 1062.02], [130.81, 682.26], [130.8, 1184.06], [130.79, 1922.72], [130.78, 2260.38], [130.77, 858.37], [130.76, 589.92], [130.75, 700.9], [130.74, 1077.67], [130.73, 1010.39], [130.72, 712.47], [130.71, 848.97], [130.7, 2621.78], [130.69, 733.63], [130.68, 1108.32], [130.67, 872.78], [130.66, 2103.85], [130.65, 1063.03]], "asks": [[130.85, 996.83], [130.86, 1025.06], [130.87, 985.77], [130.88, 624.33], [130.89, 590.11], [130.9, 908.25], [130.91, 866.92], [130.92, 774.2], [130.93, 1099.33], [130.94, 639.91], [130.95, 818.21], [130.96, 675.71], [130.97, 835.71], [130.98, 2612.58], [130.99, 2262.19], [131.0, 1776.93], [131.01, 1196.21], [131.02, 760.14], [131.03, 757.05], [131.04, 576.81]], "timestamp": "2025-12-11T12:14:38.543403+00:00"}, {"symbol": "SOLUSDT", "bids": [[130.93, 441.01], [130.92, 528.68], [130.91, 829.44], [130.9, 729.97], [130.89, 1369.73], [130.88, 1598.24], [130.87, 838.27], [130.86, 1284.43], [130.85, 1143.48], [130.84, 740.04], [130.83, 1082.59], [130.82, 828.08], [130.81, 817.62], [130.8, 2724.3], [130.79, 1485.71], [130.78, 931.22], [130.77, 864.08], [130.76, 453.54], [130.75, 612.77], [130.74, 975.7]], "asks": [[130.94, 960.62], [130.95, 1055.86], [130.96, 607.4], [130.97, 341.39], [130.98, 825.05], [130.99, 1068.54], [131.0, 1805.15], [131.01, 524.35], [131.02, 1234.91], [131.03, 587.06], [131.04, 569.66], [131.05, 966.18], [131.06, 1479.17], [131.07, 2327.85], [131.08, 586.63], [131.09, 2015.21], [131.1, 1023.2], [131.11, 776.06], [131.12, 735.85], [131.13, 551.38]], "timestamp": "2025-12-11T12:15:33.342808+00:00"}, {"symbol": "SOLUSDT", "bids": [[130.98, 346.13], [130.97, 713.31], [130.96, 1063.6], [130.95, 1438.99], [130.94, 1379.34], [130.93, 1252.3], [130.92, 1126.15], [130.91, 1037.36], [130.9, 963.29], [130.89, 2567.2], [130.88, 725.35], [130.87, 558.71], [130.86, 1137.27], [130.85, 1063.27], [130.84, 1231.37], [130.83, 2379.77], [130.82, 1177.54], [130.81, 994.6], [130.8, 2435.13], [130.79, 1118.18]], "asks": [[130.99, 584.94], [131.0, 1444.51], [131.01, 898.96], [131.02, 520.35], [131.03, 659.13], [131.04, 758.14], [131.05, 1071.59], [131.06, 1026.41], [131.07, 820.11], [131.08, 753.88], [131.09, 769.94], [131.1, 954.74], [131.11, 1011.52], [131.12, 2214.53], [131.13, 625.42], [131.14, 1673.77], [131.15, 1120.97], [131.16, 1636.0], [131.17, 583.74], [131.18, 360.55]], "timestamp": "2025-12-11T12:16:28.308483+00:00"}, {"symbol": "SOLUSDT", "bids": [[130.98, 465.07], [130.97, 396.02], [130.96, 999.06], [130.95, 1472.21], [130.94, 1600.48], [130.93, 1373.23], [130.92, 967.71], [130.91, 1129.16], [130.9, 943.37], [130.89, 2450.82], [130.88, 840.63], [130.87, 779.66], [130.86, 1239.56], [130.85, 1107.85], [130.84, 1199.94], [130.83, 2401.99], [130.82, 766.68], [130.81, 666.63], [130.8, 766.24], [130.79, 1132.78]], "asks": [[130.99, 683.0], [131.0, 1608.72], [131.01, 615.39], [131.02, 1063.84], [131.03, 656.12], [131.04, 666.74], [131.05, 829.26], [131.06, 1029.75], [131.07, 1043.28], [131.08, 940.9], [131.09, 809.57], [131.1, 2406.31], [131.11, 629.09], [131.12, 610.53], [131.13, 1177.04], [131.14, 1704.46], [131.15, 797.65], [131.16, 616.74], [131.17, 512.2], [131.18, 629.19]], "timestamp": "2025-12-11T12:17:24.751845+00:00"}, {"symbol": "SOLUSDT", "bids": [[130.94, 880.53], [130.93, 546.61], [130.92, 581.44], [130.91, 874.7], [130.9, 969.92], [130.89, 1143.06], [130.88, 1124.41], [130.87, 905.05], [130.86, 931.14], [130.85, 1232.59], [130.84, 1004.64], [130.83, 1238.14], [130.82, 2168.71], [130.81, 595.26], [130.8, 897.62], [130.79, 1011.13], [130.78, 1123.6], [130.77, 2409.01], [130.76, 480.51], [130.75, 723.09]], "asks": [[130.95, 134.58], [130.96, 345.69], [130.97, 638.52], [130.98, 717.8], [130.99, 1049.18], [131.0, 1521.54], [131.01, 1748.2], [131.02, 1921.5], [131.03, 650.14], [131.04, 1078.64], [131.05, 644.55], [131.06, 910.31], [131.07, 1132.64], [131.08, 881.22], [131.09, 1038.26], [131.1, 1365.76], [131.11, 1040.71], [131.12, 3584.54], [131.13, 772.8], [131.14, 346.29]], "timestamp": "2025-12-11T12:18:20.024243+00:00"}, {"symbol": "SOLUSDT", "bids": [[130.92, 1062.72], [130.91, 1453.28], [130.9, 926.19], [130.89, 553.72], [130.88, 1148.48], [130.87, 791.46], [130.86, 1429.63], [130.85, 1293.01], [130.84, 839.22], [130.83, 789.13], [130.82, 612.93], [130.81, 1013.27], [130.8, 3133.76], [130.79, 842.52], [130.78, 684.34], [130.77, 830.71], [130.76, 544.0], [130.75, 718.4], [130.74, 1360.02], [130.73, 1134.4]], "asks": [[130.93, 273.94], [130.94, 615.43], [130.95, 967.71], [130.96, 1140.45], [130.97, 1052.65], [130.98, 1166.63], [130.99, 1100.01], [131.0, 1221.38], [131.01, 1066.67], [131.02, 634.81], [131.03, 894.42], [131.04, 1363.24], [131.05, 1329.45], [131.06, 1166.8], [131.07, 4040.92], [131.08, 669.48], [131.09, 909.67], [131.1, 2198.64], [131.11, 704.82], [131.12, 812.05]], "timestamp": "2025-12-11T12:19:14.761613+00:00"}, {"symbol": "SOLUSDT", "bids": [[130.96, 415.7], [130.95, 497.87], [130.94, 927.81], [130.93, 1629.36], [130.92, 1713.39], [130.91, 2080.87], [130.9, 1492.7], [130.89, 1209.12], [130.88, 923.11], [130.87, 853.56], [130.86, 1195.44], [130.85, 1083.76], [130.84, 646.8], [130.83, 704.96], [130.82, 917.17], [130.81, 2763.61], [130.8, 1186.5], [130.79, 2471.61], [130.78, 657.81], [130.77, 913.82]], "asks": [[130.97, 720.25], [130.98, 891.85], [130.99, 1038.33], [131.0, 895.38], [131.01, 926.08], [131.02, 703.77], [131.03, 814.77], [131.04, 1023.22], [131.05, 1487.65], [131.06, 834.36], [131.07, 1102.98], [131.08, 846.39], [131.09, 1040.91], [131.1, 1101.69], [131.11, 2358.38], [131.12, 2490.09], [131.13, 774.22], [131.14, 318.42], [131.15, 916.57], [131.16, 546.22]], "timestamp": "2025-12-11T12:20:09.685344+00:00"}, {"symbol": "SOLUSDT", "bids": [[131.13, 143.04], [131.12, 678.91], [131.11, 896.28], [131.1, 1148.1], [131.09, 1595.86], [131.08, 806.63], [131.07, 1508.24], [131.06, 610.63], [131.05, 567.92], [131.04, 1215.34], [131.03, 978.24], [131.02, 810.54], [131.01, 1029.36], [131.0, 2244.22], [130.99, 925.45], [130.98, 966.4], [130.97, 945.86], [130.96, 512.91], [130.95, 904.61], [130.94, 848.22]], "asks": [[131.14, 874.95], [131.15, 2472.72], [131.16, 1986.54], [131.17, 901.98], [131.18, 654.61], [131.19, 966.8], [131.2, 1036.7], [131.21, 1082.63], [131.22, 723.82], [131.23, 717.48], [131.24, 938.38], [131.25, 989.95], [131.26, 485.23], [131.27, 934.49], [131.28, 882.6], [131.29, 2425.91], [131.3, 1489.71], [131.31, 2118.71], [131.32, 671.08], [131.33, 698.69]], "timestamp": "2025-12-11T12:21:06.169469+00:00"}, {"symbol": "SOLUSDT", "bids": [[131.18, 628.91], [131.17, 930.37], [131.16, 744.33], [131.15, 1084.96], [131.14, 1663.56], [131.13, 2301.37], [131.12, 1140.23], [131.11, 1667.0], [131.1, 1538.54], [131.09, 956.6], [131.08, 973.67], [131.07, 1118.61], [131.06, 962.93], [131.05, 724.64], [131.04, 1168.79], [131.03, 537.92], [131.02, 917.38], [131.01, 1437.14], [131.0, 2136.56], [130.99, 633.5]], "asks": [[131.19, 667.73], [131.2, 673.24], [131.21, 739.37], [131.22, 777.98], [131.23, 736.43], [131.24, 1431.49], [131.25, 1175.99], [131.26, 885.18], [131.27, 2107.86], [131.28, 548.48], [131.29, 915.91], [131.3, 1387.59], [131.31, 834.79], [131.32, 1038.71], [131.33, 669.76], [131.34, 2397.31], [131.35, 928.69], [131.36, 528.08], [131.37, 1047.23], [131.38, 1764.8]], "timestamp": "2025-12-11T12:22:02.064037+00:00"}, {"symbol": "SOLUSDT", "bids": [[131.22, 239.65], [131.21, 418.11], [131.2, 1495.87], [131.19, 712.83], [131.18, 1006.22], [131.17, 940.02], [131.16, 1131.26], [131.15, 859.07], [131.14, 786.09], [131.13, 905.98], [131.12, 446.06], [131.11, 591.96], [131.1, 1109.04], [131.09, 1072.4], [131.08, 1065.66], [131.07, 2427.88], [131.06, 2215.06], [131.05, 1131.72], [131.04, 1186.39], [131.03, 544.6]], "asks": [[131.23, 782.56], [131.24, 555.01], [131.25, 1217.86], [131.26, 1043.86], [131.27, 1111.17], [131.28, 921.82], [131.29, 1847.94], [131.3, 761.02], [131.31, 654.83], [131.32, 1145.57], [131.33, 510.21], [131.34, 2401.38], [131.35, 1334.97], [131.36, 724.35], [131.37, 669.71], [131.38, 726.54], [131.39, 737.67], [131.4, 896.99], [131.41, 1170.78], [131.42, 419.54]], "timestamp": "2025-12-11T12:22:57.368506+00:00"}, {"symbol": "SOLUSDT", "bids": [[131.22, 643.06], [131.21, 1048.8], [131.2, 1509.82], [131.19, 929.25], [131.18, 923.75], [131.17, 718.69], [131.16, 1248.25], [131.15, 817.02], [131.14, 742.39], [131.13, 1106.49], [131.12, 881.14], [131.11, 970.28], [131.1, 1300.57], [131.09, 2290.37], [131.08, 737.78], [131.07, 978.26], [131.06, 1005.64], [131.05, 2529.24], [131.04, 1083.81], [131.03, 660.16]], "asks": [[131.23, 71.93], [131.24, 862.63], [131.25, 1590.31], [131.26, 1467.19], [131.27, 956.47], [131.28, 1021.37], [131.29, 1999.89], [131.3, 1460.38], [131.31, 899.57], [131.32, 1187.96], [131.33, 623.71], [131.34, 918.2], [131.35, 1115.51], [131.36, 767.1], [131.37, 2227.86], [131.38, 2331.83], [131.39, 706.67], [131.4, 948.29], [131.41, 1055.88], [131.42, 397.67]], "timestamp": "2025-12-11T12:23:52.352623+00:00"}, {"symbol": "SOLUSDT", "bids": [[131.33, 1462.91], [131.32, 727.21], [131.31, 819.8], [131.3, 1053.12], [131.29, 1418.79], [131.28, 1572.69], [131.27, 1765.93], [131.26, 2339.35], [131.25, 1471.85], [131.24, 1547.75], [131.23, 779.11], [131.22, 786.55], [131.21, 1100.9], [131.2, 1869.11], [131.19, 1014.48], [131.18, 753.37], [131.17, 1619.39], [131.16, 1039.38], [131.15, 871.33], [131.14, 3783.42]], "asks": [[131.34, 427.3], [131.35, 919.6], [131.36, 696.12], [131.37, 692.16], [131.38, 1455.81], [131.39, 952.59], [131.4, 1795.57], [131.41, 1295.02], [131.42, 532.5], [131.43, 821.68], [131.44, 1033.9], [131.45, 708.17], [131.46, 985.99], [131.47, 1356.03], [131.48, 2472.01], [131.49, 3936.44], [131.5, 11835.56], [131.51, 816.37], [131.52, 287.21], [131.53, 611.8]], "timestamp": "2025-12-11T12:24:48.015130+00:00"}, {"symbol": "SOLUSDT", "bids": [[131.31, 1729.53], [131.3, 754.06], [131.29, 1400.39], [131.28, 927.37], [131.27, 1756.28], [131.26, 2945.55], [131.25, 1508.98], [131.24, 945.23], [131.23, 736.9], [131.22, 881.56], [131.21, 1079.06], [131.2, 2100.21], [131.19, 731.4], [131.18, 564.4], [131.17, 813.08], [131.16, 2850.48], [131.15, 737.83], [131.14, 654.59], [131.13, 1478.57], [131.12, 2011.54]], "asks": [[131.32, 34.92], [131.33, 260.61], [131.34, 675.83], [131.35, 1427.58], [131.36, 1005.03], [131.37, 1241.94], [131.38, 1886.65], [131.39, 762.01], [131.4, 1139.32], [131.41, 908.67], [131.42, 1436.8], [131.43, 2369.68], [131.44, 1028.5], [131.45, 508.21], [131.46, 766.76], [131.47, 1434.93], [131.48, 2546.58], [131.49, 2479.18], [131.5, 11704.11], [131.51, 950.0]], "timestamp": "2025-12-11T12:25:44.912738+00:00"}, {"symbol": "SOLUSDT", "bids": [[131.39, 182.71], [131.38, 1009.05], [131.37, 950.24], [131.36, 1324.83], [131.35, 1403.74], [131.34, 1305.0], [131.33, 694.66], [131.32, 697.9], [131.31, 813.51], [131.3, 862.31], [131.29, 827.83], [131.28, 535.36], [131.27, 1205.58], [131.26, 871.38], [131.25, 1214.91], [131.24, 2033.14], [131.23, 651.81], [131.22, 1174.0], [131.21, 1591.18], [131.2, 990.38]], "asks": [[131.4, 817.31], [131.41, 834.81], [131.42, 942.09], [131.43, 1450.57], [131.44, 1616.38], [131.45, 2224.49], [131.46, 807.95], [131.47, 1072.66], [131.48, 1426.06], [131.49, 3292.42], [131.5, 12049.91], [131.51, 1087.03], [131.52, 647.29], [131.53, 1083.45], [131.54, 2168.45], [131.55, 648.52], [131.56, 1674.13], [131.57, 755.56], [131.58, 616.63], [131.59, 336.11]], "timestamp": "2025-12-11T12:26:41.497309+00:00"}, {"symbol": "SOLUSDT", "bids": [[131.41, 1648.72], [131.4, 1488.43], [131.39, 988.11], [131.38, 1304.13], [131.37, 1071.87], [131.36, 1101.3], [131.35, 1290.89], [131.34, 1211.17], [131.33, 765.49], [131.32, 736.74], [131.31, 878.57], [131.3, 1106.9], [131.29, 744.82], [131.28, 691.89], [131.27, 2600.27], [131.26, 864.94], [131.25, 1104.97], [131.24, 622.2], [131.23, 648.26], [131.22, 1445.87]], "asks": [[131.42, 82.34], [131.43, 197.2], [131.44, 711.12], [131.45, 1231.25], [131.46, 943.16], [131.47, 1537.49], [131.48, 1746.4], [131.49, 3268.83], [131.5, 11989.8], [131.51, 1094.43], [131.52, 1431.15], [131.53, 944.24], [131.54, 1032.37], [131.55, 2291.13], [131.56, 1047.99], [131.57, 685.83], [131.58, 595.25], [131.59, 531.57], [131.597, 12.94], [131.6, 3535.7]], "timestamp": "2025-12-11T12:27:36.692175+00:00"}, {"symbol": "SOLUSDT", "bids": [[131.43, 2085.43], [131.42, 739.29], [131.41, 685.59], [131.4, 1657.66], [131.39, 1005.77], [131.38, 963.83], [131.37, 1280.39], [131.36, 1425.1], [131.35, 801.8], [131.34, 1170.28], [131.33, 641.96], [131.32, 708.51], [131.31, 842.57], [131.3, 1504.96], [131.29, 2498.69], [131.28, 805.92], [131.27, 1399.36], [131.26, 2424.83], [131.25, 1197.66], [131.24, 829.0]], "asks": [[131.44, 1270.64], [131.45, 313.94], [131.46, 1262.63], [131.47, 481.63], [131.48, 1482.13], [131.49, 2842.66], [131.5, 12872.49], [131.51, 870.66], [131.52, 421.68], [131.53, 1426.17], [131.54, 778.79], [131.55, 863.18], [131.56, 935.53], [131.57, 1976.33], [131.58, 863.43], [131.59, 726.91], [131.597, 12.94], [131.6, 615.69], [131.61, 3729.22], [131.62, 1370.22]], "timestamp": "2025-12-11T12:28:31.058963+00:00"}, {"symbol": "SOLUSDT", "bids": [[131.47, 356.53], [131.46, 571.22], [131.45, 784.55], [131.44, 642.12], [131.43, 1523.81], [131.42, 1684.88], [131.41, 1599.26], [131.4, 1653.26], [131.39, 894.36], [131.38, 687.69], [131.37, 1221.64], [131.36, 1169.56], [131.35, 1130.91], [131.34, 1213.05], [131.33, 1104.22], [131.32, 2114.72], [131.31, 774.94], [131.3, 1311.02], [131.29, 852.21], [131.28, 2137.03]], "asks": [[131.48, 897.8], [131.49, 3216.8], [131.5, 11785.66], [131.51, 1240.09], [131.52, 1331.74], [131.53, 1157.87], [131.54, 975.42], [131.55, 1296.67], [131.56, 669.56], [131.57, 906.12], [131.58, 839.93], [131.59, 887.4], [131.597, 12.94], [131.6, 2418.74], [131.61, 1081.79], [131.62, 1286.86], [131.63, 2638.32], [131.64, 674.79], [131.65, 1114.61], [131.66, 3216.55]], "timestamp": "2025-12-11T12:29:25.912156+00:00"}, {"symbol": "SOLUSDT", "bids": [[131.39, 1046.58], [131.38, 884.4], [131.37, 1047.58], [131.36, 1777.15], [131.35, 1630.7], [131.34, 918.75], [131.33, 1153.58], [131.32, 875.29], [131.31, 658.12], [131.3, 1460.98], [131.29, 813.08], [131.28, 676.98], [131.27, 1217.15], [131.26, 2428.08], [131.25, 1024.32], [131.24, 682.31], [131.23, 975.28], [131.22, 2806.8], [131.21, 653.27], [131.2, 935.18]], "asks": [[131.4, 458.89], [131.41, 687.72], [131.42, 1672.9], [131.43, 4359.31], [131.44, 863.07], [131.45, 1023.19], [131.46, 1231.74], [131.47, 756.92], [131.48, 1208.94], [131.49, 3124.06], [131.5, 12180.02], [131.51, 1094.77], [131.52, 503.38], [131.53, 782.24], [131.54, 1215.76], [131.55, 2029.12], [131.56, 926.14], [131.57, 2019.53], [131.58, 1235.5], [131.59, 3545.31]], "timestamp": "2025-12-11T12:30:20.335568+00:00"}, {"symbol": "SOLUSDT", "bids": [[131.4, 635.54], [131.39, 479.26], [131.38, 802.21], [131.37, 1105.43], [131.36, 1647.59], [131.35, 1397.35], [131.34, 1350.51], [131.33, 1148.96], [131.32, 507.95], [131.31, 775.68], [131.3, 1291.21], [131.29, 847.95], [131.28, 1034.48], [131.27, 1410.81], [131.26, 943.35], [131.25, 868.59], [131.24, 2081.04], [131.23, 900.02], [131.22, 2406.69], [131.21, 843.96]], "asks": [[131.41, 1054.68], [131.42, 977.12], [131.43, 2322.58], [131.44, 1255.88], [131.45, 1383.38], [131.46, 1127.49], [131.47, 1028.52], [131.48, 1422.24], [131.49, 2919.01], [131.5, 12446.35], [131.51, 1280.65], [131.52, 525.93], [131.53, 865.71], [131.54, 906.71], [131.55, 1748.19], [131.56, 2685.89], [131.57, 510.97], [131.58, 551.94], [131.59, 3764.43], [131.597, 12.94]], "timestamp": "2025-12-11T12:31:15.184665+00:00"}, {"symbol": "SOLUSDT", "bids": [[131.42, 345.19], [131.41, 541.82], [131.4, 540.48], [131.39, 1147.98], [131.38, 1549.44], [131.37, 844.49], [131.36, 1158.36], [131.35, 1506.84], [131.34, 936.2], [131.33, 1332.27], [131.32, 1095.76], [131.31, 1249.83], [131.3, 1731.23], [131.29, 776.18], [131.28, 928.14], [131.27, 1220.72], [131.26, 2553.42], [131.25, 955.23], [131.24, 771.58], [131.23, 610.69]], "asks": [[131.43, 1326.25], [131.44, 638.77], [131.45, 1479.99], [131.46, 1107.43], [131.47, 1561.56], [131.48, 1667.06], [131.49, 2907.58], [131.5, 11858.66], [131.51, 1233.38], [131.52, 576.98], [131.53, 811.07], [131.54, 885.7], [131.55, 1197.93], [131.56, 1001.18], [131.57, 2010.26], [131.58, 538.2], [131.59, 742.91], [131.597, 12.94], [131.6, 3751.54], [131.61, 808.05]], "timestamp": "2025-12-11T12:32:09.475702+00:00"}, {"symbol": "SOLUSDT", "bids": [[131.54, 285.25], [131.53, 396.39], [131.52, 715.81], [131.51, 953.98], [131.5, 1436.03], [131.49, 1359.66], [131.48, 1137.12], [131.47, 1138.92], [131.46, 795.17], [131.45, 1345.95], [131.44, 908.03], [131.43, 1459.61], [131.42, 1394.08], [131.41, 1349.55], [131.4, 1201.7], [131.39, 2593.28], [131.38, 1521.01], [131.37, 664.68], [131.36, 991.28], [131.35, 2449.49]], "asks": [[131.55, 1988.82], [131.56, 1425.32], [131.57, 2052.72], [131.58, 1259.63], [131.59, 1369.69], [131.6, 1686.02], [131.61, 1278.85], [131.62, 1278.98], [131.63, 2235.25], [131.64, 448.36], [131.65, 889.3], [131.66, 724.39], [131.67, 586.66], [131.68, 969.08], [131.69, 1114.42], [131.7, 801.62], [131.71, 1956.51], [131.72, 648.05], [131.73, 818.16], [131.74, 919.51]], "timestamp": "2025-12-11T12:33:04.574360+00:00"}, {"symbol": "SOLUSDT", "bids": [[131.75, 1577.1], [131.74, 819.28], [131.73, 895.03], [131.72, 1273.07], [131.71, 2063.13], [131.7, 1150.26], [131.69, 1279.91], [131.68, 1427.36], [131.67, 1675.04], [131.66, 733.05], [131.65, 425.22], [131.64, 714.13], [131.63, 1346.16], [131.62, 2442.14], [131.61, 1197.66], [131.6, 667.27], [131.59, 1085.55], [131.58, 978.37], [131.57, 964.25], [131.56, 2594.76]], "asks": [[131.76, 1408.62], [131.77, 182.16], [131.78, 285.05], [131.79, 1282.11], [131.8, 1389.62], [131.81, 1567.69], [131.82, 774.15], [131.83, 844.74], [131.84, 905.64], [131.85, 1349.32], [131.86, 1395.99], [131.87, 1962.24], [131.88, 5649.48], [131.89, 2532.89], [131.9, 550.39], [131.91, 670.66], [131.92, 607.56], [131.93, 940.63], [131.94, 1279.31], [131.95, 3957.33]], "timestamp": "2025-12-11T12:33:59.661801+00:00"}, {"symbol": "SOLUSDT", "bids": [[131.65, 210.86], [131.64, 598.28], [131.63, 854.43], [131.62, 710.78], [131.61, 988.5], [131.6, 780.49], [131.59, 830.38], [131.58, 724.22], [131.57, 725.69], [131.56, 820.21], [131.55, 1344.27], [131.54, 807.22], [131.53, 643.59], [131.52, 1224.62], [131.51, 1101.81], [131.5, 1133.25], [131.49, 1511.35], [131.48, 2132.41], [131.47, 569.15], [131.46, 1923.55]], "asks": [[131.66, 667.47], [131.67, 759.6], [131.68, 713.71], [131.69, 882.0], [131.7, 1160.43], [131.71, 1029.31], [131.72, 1099.39], [131.73, 1200.83], [131.74, 1430.83], [131.75, 1050.61], [131.76, 914.21], [131.77, 816.3], [131.78, 1186.18], [131.79, 388.15], [131.8, 980.56], [131.81, 781.85], [131.82, 2672.28], [131.83, 1111.11], [131.84, 722.1], [131.85, 1098.9]], "timestamp": "2025-12-11T12:34:54.298957+00:00"}, {"symbol": "SOLUSDT", "bids": [[131.41, 706.64], [131.4, 810.11], [131.39, 1957.87], [131.38, 1244.04], [131.37, 2262.55], [131.36, 904.84], [131.35, 1396.2], [131.34, 1028.88], [131.33, 732.32], [131.32, 620.92], [131.31, 1278.91], [131.3, 904.93], [131.29, 663.26], [131.28, 1409.37], [131.27, 722.91], [131.26, 1349.0], [131.25, 3209.31], [131.24, 2496.05], [131.23, 754.42], [131.22, 669.65]], "asks": [[131.42, 692.32], [131.43, 174.74], [131.44, 716.21], [131.45, 1543.34], [131.46, 966.99], [131.47, 917.08], [131.48, 1024.17], [131.49, 849.81], [131.5, 755.44], [131.51, 778.57], [131.52, 1263.88], [131.53, 1893.63], [131.54, 1134.81], [131.55, 2374.9], [131.56, 694.15], [131.57, 939.86], [131.58, 532.18], [131.59, 316.44], [131.6, 889.65], [131.61, 652.85]], "timestamp": "2025-12-11T12:35:49.192834+00:00"}, {"symbol": "SOLUSDT", "bids": [[131.41, 774.1], [131.4, 652.44], [131.39, 520.46], [131.38, 785.61], [131.37, 1350.25], [131.36, 706.8], [131.35, 1216.49], [131.34, 952.25], [131.33, 837.24], [131.32, 1011.98], [131.31, 747.95], [131.3, 1523.07], [131.29, 2628.4], [131.28, 1180.11], [131.27, 1124.48], [131.26, 910.56], [131.25, 1373.7], [131.24, 2272.8], [131.23, 752.21], [131.22, 840.21]], "asks": [[131.42, 612.67], [131.43, 668.15], [131.44, 595.82], [131.45, 930.56], [131.46, 659.87], [131.47, 1086.57], [131.48, 1072.63], [131.49, 1013.2], [131.5, 1468.74], [131.51, 754.27], [131.52, 1093.24], [131.53, 2466.93], [131.54, 1170.63], [131.55, 2120.74], [131.56, 489.06], [131.57, 1040.41], [131.58, 2066.48], [131.59, 792.41], [131.6, 650.21], [131.61, 609.27]], "timestamp": "2025-12-11T12:36:43.498896+00:00"}, {"symbol": "SOLUSDT", "bids": [[131.44, 417.26], [131.43, 421.76], [131.42, 359.38], [131.41, 575.77], [131.4, 1085.19], [131.39, 1024.67], [131.38, 1099.97], [131.37, 1350.19], [131.36, 839.11], [131.35, 961.28], [131.34, 845.04], [131.33, 1067.7], [131.32, 1123.78], [131.31, 1183.23], [131.3, 2505.68], [131.29, 1746.85], [131.28, 2641.13], [131.27, 622.31], [131.26, 2193.63], [131.25, 1003.04]], "asks": [[131.45, 637.0], [131.46, 391.84], [131.47, 1081.91], [131.48, 722.08], [131.49, 850.61], [131.5, 1509.2], [131.51, 1814.51], [131.52, 1161.41], [131.53, 1026.5], [131.54, 1191.43], [131.55, 1133.06], [131.56, 1164.5], [131.57, 2174.07], [131.58, 753.39], [131.59, 634.2], [131.6, 770.51], [131.61, 404.09], [131.62, 523.59], [131.63, 982.89], [131.64, 630.96]], "timestamp": "2025-12-11T12:37:38.435268+00:00"}, {"symbol": "SOLUSDT", "bids": [[131.47, 1670.78], [131.46, 1219.14], [131.45, 2538.62], [131.44, 1245.87], [131.43, 1025.62], [131.42, 944.35], [131.41, 1013.44], [131.4, 1210.02], [131.39, 642.22], [131.38, 785.67], [131.37, 783.93], [131.36, 695.39], [131.35, 1418.18], [131.34, 1415.32], [131.33, 2660.27], [131.32, 1637.93], [131.31, 2628.08], [131.3, 2640.65], [131.29, 1261.37], [131.28, 888.6]], "asks": [[131.48, 382.89], [131.49, 176.05], [131.5, 699.77], [131.51, 1068.01], [131.52, 1138.18], [131.53, 1853.51], [131.54, 981.14], [131.55, 958.91], [131.56, 702.62], [131.57, 871.59], [131.58, 458.46], [131.59, 776.6], [131.6, 897.0], [131.61, 408.16], [131.62, 684.14], [131.63, 2340.55], [131.64, 993.24], [131.65, 853.73], [131.66, 2156.05], [131.67, 369.32]], "timestamp": "2025-12-11T12:38:33.044325+00:00"}, {"symbol": "SOLUSDT", "bids": [[131.48, 993.95], [131.47, 850.73], [131.46, 507.73], [131.45, 743.54], [131.44, 1134.63], [131.43, 955.24], [131.42, 1777.43], [131.41, 1879.8], [131.4, 1764.66], [131.39, 708.46], [131.38, 1095.74], [131.37, 989.47], [131.36, 971.62], [131.35, 1502.35], [131.34, 2712.36], [131.33, 703.44], [131.32, 884.15], [131.31, 958.23], [131.3, 2806.04], [131.29, 2720.47]], "asks": [[131.49, 304.43], [131.5, 449.78], [131.51, 339.49], [131.52, 746.57], [131.53, 1850.1], [131.54, 829.07], [131.55, 1041.97], [131.56, 818.3], [131.57, 696.82], [131.58, 605.72], [131.59, 879.75], [131.6, 1100.19], [131.61, 2027.5], [131.62, 538.82], [131.63, 1170.33], [131.64, 2114.17], [131.65, 618.11], [131.66, 525.34], [131.67, 564.19], [131.68, 723.23]], "timestamp": "2025-12-11T12:39:27.664340+00:00"}, {"symbol": "SOLUSDT", "bids": [[131.51, 1468.09], [131.5, 1155.69], [131.49, 784.67], [131.48, 1358.14], [131.47, 1926.9], [131.46, 1201.82], [131.45, 2046.19], [131.44, 2704.46], [131.43, 2901.02], [131.42, 2330.83], [131.41, 1009.09], [131.4, 803.56], [131.39, 1484.33], [131.38, 1141.52], [131.37, 930.22], [131.36, 523.27], [131.35, 1310.45], [131.34, 881.85], [131.33, 3417.68], [131.32, 2412.17]], "asks": [[131.52, 391.26], [131.53, 747.82], [131.54, 464.14], [131.55, 470.53], [131.56, 1041.15], [131.57, 957.75], [131.58, 791.13], [131.59, 1295.16], [131.6, 991.9], [131.61, 638.31], [131.62, 795.41], [131.63, 1208.89], [131.64, 2212.99], [131.65, 838.2], [131.66, 481.38], [131.67, 406.07], [131.68, 2341.74], [131.69, 546.54], [131.7, 884.65], [131.71, 1510.26]], "timestamp": "2025-12-11T12:40:22.648796+00:00"}, {"symbol": "SOLUSDT", "bids": [[131.41, 668.77], [131.4, 470.98], [131.39, 1461.37], [131.38, 909.45], [131.37, 835.07], [131.36, 1192.71], [131.35, 3067.69], [131.34, 903.45], [131.33, 810.09], [131.32, 1062.28], [131.31, 2935.38], [131.3, 14114.56], [131.29, 1120.82], [131.28, 1180.99], [131.27, 881.9], [131.26, 781.28], [131.25, 1169.44], [131.24, 2355.61], [131.23, 805.1], [131.22, 1190.15]], "asks": [[131.42, 594.53], [131.43, 353.36], [131.44, 542.0], [131.45, 768.29], [131.46, 1165.72], [131.47, 700.09], [131.48, 762.01], [131.49, 1289.86], [131.5, 1383.01], [131.51, 1631.4], [131.52, 794.96], [131.53, 387.24], [131.54, 601.39], [131.55, 2038.42], [131.56, 551.76], [131.57, 903.5], [131.58, 1206.92], [131.59, 684.0], [131.6, 669.58], [131.61, 358.92]], "timestamp": "2025-12-11T12:41:17.064247+00:00"}, {"symbol": "SOLUSDT", "bids": [[131.27, 209.58], [131.26, 301.22], [131.25, 904.1], [131.24, 1079.44], [131.23, 1267.18], [131.22, 1432.24], [131.21, 1119.65], [131.2, 1563.22], [131.19, 861.46], [131.18, 1056.89], [131.17, 1518.61], [131.16, 2593.48], [131.15, 1146.36], [131.14, 1184.78], [131.13, 1039.91], [131.12, 974.13], [131.11, 1510.35], [131.1, 4376.51], [131.09, 978.91], [131.08, 885.3]], "asks": [[131.28, 1988.54], [131.29, 499.34], [131.3, 439.85], [131.31, 693.85], [131.32, 1013.6], [131.33, 1221.73], [131.34, 665.74], [131.35, 1011.39], [131.36, 867.08], [131.37, 1029.48], [131.38, 465.67], [131.39, 742.23], [131.4, 762.94], [131.41, 1828.36], [131.42, 674.82], [131.43, 546.6], [131.44, 598.06], [131.45, 839.27], [131.46, 959.19], [131.47, 844.84]], "timestamp": "2025-12-11T12:42:11.462814+00:00"}, {"symbol": "SOLUSDT", "bids": [[131.22, 377.15], [131.21, 481.86], [131.2, 1056.56], [131.19, 1442.23], [131.18, 1300.82], [131.17, 1823.34], [131.16, 812.15], [131.15, 1128.03], [131.14, 916.12], [131.13, 451.67], [131.12, 858.84], [131.11, 1752.15], [131.1, 4330.76], [131.09, 1262.19], [131.08, 1182.97], [131.07, 2461.59], [131.06, 1052.72], [131.05, 2445.52], [131.04, 907.27], [131.03, 735.42]], "asks": [[131.23, 1053.42], [131.24, 3066.67], [131.25, 4520.54], [131.26, 253.83], [131.27, 813.04], [131.28, 1005.67], [131.29, 716.41], [131.3, 488.25], [131.31, 1058.64], [131.32, 534.84], [131.33, 754.19], [131.34, 548.49], [131.35, 754.45], [131.36, 781.28], [131.37, 1014.44], [131.38, 2239.37], [131.39, 2179.13], [131.4, 616.88], [131.41, 523.49], [131.42, 1029.99]], "timestamp": "2025-12-11T12:43:06.300099+00:00"}, {"symbol": "SOLUSDT", "bids": [[131.2, 1505.09], [131.19, 670.95], [131.18, 1079.29], [131.17, 1795.16], [131.16, 794.59], [131.15, 1070.04], [131.14, 1193.58], [131.13, 598.83], [131.12, 1021.53], [131.11, 1440.6], [131.1, 4300.7], [131.09, 1014.63], [131.08, 744.37], [131.07, 770.2], [131.06, 1477.68], [131.05, 2848.19], [131.04, 715.3], [131.03, 706.18], [131.02, 1042.02], [131.01, 2581.61]], "asks": [[131.21, 210.69], [131.22, 322.43], [131.23, 1068.79], [131.24, 2155.17], [131.25, 2315.42], [131.26, 1260.12], [131.27, 690.71], [131.28, 770.14], [131.29, 747.68], [131.3, 737.61], [131.31, 824.35], [131.32, 505.03], [131.33, 650.72], [131.34, 677.62], [131.35, 1291.66], [131.36, 2156.42], [131.37, 2432.46], [131.38, 641.85], [131.39, 674.48], [131.4, 809.4]], "timestamp": "2025-12-11T12:44:00.370965+00:00"}, {"symbol": "SOLUSDT", "bids": [[131.35, 754.77], [131.34, 830.69], [131.33, 1367.51], [131.32, 502.16], [131.31, 1122.48], [131.3, 1012.94], [131.29, 1183.24], [131.28, 1454.26], [131.27, 673.17], [131.26, 605.0], [131.25, 1194.82], [131.24, 789.1], [131.23, 842.96], [131.22, 2371.8], [131.21, 1208.77], [131.2, 519.45], [131.19, 1014.33], [131.18, 1624.83], [131.17, 1059.33], [131.16, 1095.33]], "asks": [[131.36, 418.17], [131.37, 755.41], [131.38, 851.72], [131.39, 942.14], [131.4, 2344.9], [131.41, 1686.19], [131.42, 828.93], [131.43, 809.92], [131.44, 414.57], [131.45, 857.68], [131.46, 602.74], [131.47, 384.43], [131.48, 722.01], [131.49, 965.39], [131.5, 1058.47], [131.51, 2170.79], [131.52, 1009.86], [131.53, 2221.48], [131.54, 360.36], [131.55, 651.7]], "timestamp": "2025-12-11T12:44:56.434899+00:00"}, {"symbol": "SOLUSDT", "bids": [[131.48, 335.54], [131.47, 192.13], [131.46, 593.82], [131.45, 1256.64], [131.44, 1467.83], [131.43, 1124.12], [131.42, 1198.96], [131.41, 1494.2], [131.4, 1525.27], [131.39, 761.13], [131.38, 1140.28], [131.37, 512.05], [131.36, 1264.05], [131.35, 902.43], [131.34, 1215.64], [131.33, 2580.01], [131.32, 621.16], [131.31, 836.94], [131.3, 1160.85], [131.29, 2162.23]], "asks": [[131.49, 2002.67], [131.5, 1082.79], [131.51, 304.88], [131.52, 716.63], [131.53, 838.5], [131.54, 1006.57], [131.55, 1540.77], [131.56, 686.0], [131.57, 1245.41], [131.58, 1079.57], [131.59, 776.78], [131.6, 919.6], [131.61, 1155.81], [131.62, 1963.43], [131.63, 811.75], [131.64, 858.77], [131.65, 2044.96], [131.66, 575.66], [131.67, 747.64], [131.68, 865.49]], "timestamp": "2025-12-11T12:45:51.198656+00:00"}, {"symbol": "SOLUSDT", "bids": [[131.47, 274.41], [131.46, 619.51], [131.45, 889.54], [131.44, 1309.34], [131.43, 1556.65], [131.42, 1349.02], [131.41, 1309.33], [131.4, 872.5], [131.39, 900.79], [131.38, 1170.09], [131.37, 605.06], [131.36, 1022.24], [131.35, 2498.93], [131.34, 843.13], [131.33, 843.98], [131.32, 665.29], [131.31, 1071.0], [131.3, 1027.14], [131.29, 2186.82], [131.28, 825.44]], "asks": [[131.48, 510.58], [131.49, 626.03], [131.5, 1142.76], [131.51, 751.85], [131.52, 1009.86], [131.53, 1105.64], [131.54, 397.6], [131.55, 1182.03], [131.56, 538.38], [131.57, 832.74], [131.58, 1057.99], [131.59, 496.9], [131.6, 600.13], [131.61, 922.35], [131.62, 566.53], [131.63, 2077.33], [131.64, 2306.99], [131.65, 929.57], [131.66, 565.0], [131.67, 782.41]], "timestamp": "2025-12-11T12:46:44.076124+00:00"}, {"symbol": "SOLUSDT", "bids": [[131.43, 431.86], [131.42, 305.55], [131.41, 811.48], [131.4, 1986.87], [131.39, 593.99], [131.38, 868.08], [131.37, 1026.79], [131.36, 872.19], [131.35, 595.52], [131.34, 834.62], [131.33, 644.4], [131.32, 1194.05], [131.31, 2349.99], [131.3, 1200.65], [131.29, 904.57], [131.28, 926.58], [131.27, 951.88], [131.26, 2311.11], [131.25, 1360.57], [131.24, 880.95]], "asks": [[131.44, 364.89], [131.45, 681.58], [131.46, 530.53], [131.47, 548.91], [131.48, 1031.13], [131.49, 1551.66], [131.5, 1335.28], [131.51, 633.46], [131.52, 1166.21], [131.53, 652.56], [131.54, 458.09], [131.55, 952.76], [131.56, 558.61], [131.57, 1207.58], [131.58, 2155.75], [131.59, 815.03], [131.6, 819.2], [131.61, 2327.09], [131.62, 504.67], [131.63, 407.55]], "timestamp": "2025-12-11T12:47:35.787039+00:00"}