[{"id": "1010769949", "price": 136.56, "amount": 0.79, "side": "buy", "timestamp": 1765496532271}, {"id": "1010769950", "price": 136.56, "amount": 0.08, "side": "buy", "timestamp": 1765496532372}, {"id": "1010769951", "price": 136.55, "amount": 74.39, "side": "sell", "timestamp": 1765496532592}, {"id": "1010769952", "price": 136.55, "amount": 3.06, "side": "sell", "timestamp": 1765496532741}, {"id": "1010769953", "price": 136.55, "amount": 0.22, "side": "sell", "timestamp": 1765496533150}, {"id": "1010769954", "price": 136.56, "amount": 1.49, "side": "buy", "timestamp": 1765496533636}, {"id": "1010769955", "price": 136.55, "amount": 57.49, "side": "sell", "timestamp": 1765496533749}, {"id": "1010769956", "price": 136.56, "amount": 0.13, "side": "buy", "timestamp": 1765496533915}, {"id": "1010769957", "price": 136.56, "amount": 0.09, "side": "buy", "timestamp": 1765496534030}, {"id": "1010769958", "price": 136.55, "amount": 0.09, "side": "sell", "timestamp": 1765496534052}, {"id": "1010769959", "price": 136.56, "amount": 0.08, "side": "buy", "timestamp": 1765496534195}, {"id": "1010769960", "price": 136.55, "amount": 0.08, "side": "sell", "timestamp": 1765496534227}, {"id": "1010769961", "price": 136.56, "amount": 5.02, "side": "buy", "timestamp": 1765496534451}, {"id": "1010769962", "price": 136.55, "amount": 0.38, "side": "sell", "timestamp": 1765496534707}, {"id": "1010769963", "price": 136.56, "amount": 0.04, "side": "buy", "timestamp": 1765496534976}, {"id": "1010769964", "price": 136.55, "amount": 138.03, "side": "sell", "timestamp": 1765496535116}, {"id": "1010769965", "price": 136.54, "amount": 59.29, "side": "sell", "timestamp": 1765496535122}, {"id": "1010769966", "price": 136.53, "amount": 2.38, "side": "sell", "timestamp": 1765496535291}, {"id": "1010769967", "price": 136.53, "amount": 291.1, "side": "sell", "timestamp": 1765496535844}, {"id": "1010769968", "price": 136.53, "amount": 3.74, "side": "buy", "timestamp": 1765496536015}, {"id": "1010769969", "price": 136.53, "amount": 0.73, "side": "buy", "timestamp": 1765496536349}, {"id": "1010769970", "price": 136.52, "amount": 17.57, "side": "sell", "timestamp": 1765496536802}, {"id": "1010769971", "price": 136.53, "amount": 0.09, "side": "buy", "timestamp": 1765496537072}, {"id": "1010769972", "price": 136.52, "amount": 0.09, "side": "sell", "timestamp": 1765496537104}, {"id": "1010769973", "price": 136.52, "amount": 2.23, "side": "sell", "timestamp": 1765496537532}, {"id": "1010769974", "price": 136.52, "amount": 0.1, "side": "sell", "timestamp": 1765496537823}, {"id": "1010769975", "price": 136.53, "amount": 0.08, "side": "buy", "timestamp": 1765496537842}, {"id": "1010769976", "price": 136.53, "amount": 7.07, "side": "buy", "timestamp": 1765496538938}, {"id": "1010769977", "price": 136.53, "amount": 0.08, "side": "buy", "timestamp": 1765496539661}, {"id": "1010769978", "price": 136.52, "amount": 45.62, "side": "sell", "timestamp": 1765496540042}, {"id": "1010769979", "price": 136.53, "amount": 0.09, "side": "buy", "timestamp": 1765496540095}, {"id": "1010769980", "price": 136.52, "amount": 0.09, "side": "sell", "timestamp": 1765496540137}, {"id": "1010769981", "price": 136.53, "amount": 0.16, "side": "buy", "timestamp": 1765496541113}, {"id": "1010769982", "price": 136.53, "amount": 0.08, "side": "buy", "timestamp": 1765496541485}, {"id": "1010769983", "price": 136.52, "amount": 0.4, "side": "sell", "timestamp": 1765496541692}, {"id": "1010769984", "price": 136.52, "amount": 11.7, "side": "sell", "timestamp": 1765496541813}, {"id": "1010769985", "price": 136.53, "amount": 0.24, "side": "buy", "timestamp": 1765496542438}, {"id": "1010769986", "price": 136.53, "amount": 247.22, "side": "buy", "timestamp": 1765496542609}, {"id": "1010769987", "price": 136.54, "amount": 71.55, "side": "buy", "timestamp": 1765496542618}, {"id": "1010769988", "price": 136.55, "amount": 0.09, "side": "buy", "timestamp": 1765496543168}, {"id": "1010769989", "price": 136.54, "amount": 13.23, "side": "sell", "timestamp": 1765496543174}, {"id": "1010769990", "price": 136.55, "amount": 0.08, "side": "buy", "timestamp": 1765496543313}, {"id": "1010769991", "price": 136.54, "amount": 0.62, "side": "sell", "timestamp": 1765496544265}, {"id": "1010769992", "price": 136.55, "amount": 218.05, "side": "buy", "timestamp": 1765496544321}, {"id": "1010769993", "price": 136.55, "amount": 0.22, "side": "sell", "timestamp": 1765496544747}, {"id": "1010769994", "price": 136.56, "amount": 38.45, "side": "buy", "timestamp": 1765496545134}, {"id": "1010769995", "price": 136.57, "amount": 9.08, "side": "buy", "timestamp": 1765496545444}, {"id": "1010769996", "price": 136.57, "amount": 1.34, "side": "buy", "timestamp": 1765496545831}, {"id": "1010769997", "price": 136.56, "amount": 0.09, "side": "sell", "timestamp": 1765496546005}, {"id": "1010769998", "price": 136.57, "amount": 0.09, "side": "buy", "timestamp": 1765496546021}, {"id": "1010770167", "price": 136.63, "amount": 144.15, "side": "buy", "timestamp": 1765496587356}, {"id": "1010770168", "price": 136.62, "amount": 1.65, "side": "sell", "timestamp": 1765496587393}, {"id": "1010770169", "price": 136.63, "amount": 0.42, "side": "buy", "timestamp": 1765496587588}, {"id": "1010770170", "price": 136.63, "amount": 0.09, "side": "buy", "timestamp": 1765496588067}, {"id": "1010770171", "price": 136.62, "amount": 0.09, "side": "sell", "timestamp": 1765496588163}, {"id": "1010770172", "price": 136.63, "amount": 9.32, "side": "buy", "timestamp": 1765496588262}, {"id": "1010770173", "price": 136.63, "amount": 0.23, "side": "buy", "timestamp": 1765496588635}, {"id": "1010770174", "price": 136.63, "amount": 0.08, "side": "buy", "timestamp": 1765496588892}, {"id": "1010770175", "price": 136.62, "amount": 5.0, "side": "sell", "timestamp": 1765496589268}, {"id": "1010770176", "price": 136.62, "amount": 0.33, "side": "sell", "timestamp": 1765496589393}, {"id": "1010770177", "price": 136.62, "amount": 0.55, "side": "sell", "timestamp": 1765496589726}, {"id": "1010770178", "price": 136.63, "amount": 0.09, "side": "buy", "timestamp": 1765496589823}, {"id": "1010770179", "price": 136.62, "amount": 0.05, "side": "sell", "timestamp": 1765496589918}, {"id": "1010770180", "price": 136.63, "amount": 5.12, "side": "buy", "timestamp": 1765496589965}, {"id": "1010770181", "price": 136.63, "amount": 2.35, "side": "buy", "timestamp": 1765496590386}, {"id": "1010770182", "price": 136.63, "amount": 0.08, "side": "buy", "timestamp": 1765496590712}, {"id": "1010770183", "price": 136.63, "amount": 0.3, "side": "buy", "timestamp": 1765496590813}, {"id": "1010770184", "price": 136.63, "amount": 0.09, "side": "buy", "timestamp": 1765496591090}, {"id": "1010770185", "price": 136.62, "amount": 0.09, "side": "sell", "timestamp": 1765496591175}, {"id": "1010770186", "price": 136.63, "amount": 0.66, "side": "buy", "timestamp": 1765496591312}, {"id": "1010770187", "price": 136.63, "amount": 0.09, "side": "buy", "timestamp": 1765496591680}, {"id": "1010770188", "price": 136.62, "amount": 0.09, "side": "sell", "timestamp": 1765496591725}, {"id": "1010770189", "price": 136.63, "amount": 0.24, "side": "buy", "timestamp": 1765496591767}, {"id": "1010770190", "price": 136.63, "amount": 0.08, "side": "buy", "timestamp": 1765496592538}, {"id": "1010770191", "price": 136.63, "amount": 0.05, "side": "buy", "timestamp": 1765496592832}, {"id": "1010770192", "price": 136.62, "amount": 18.27, "side": "sell", "timestamp": 1765496593558}, {"id": "1010770193", "price": 136.63, "amount": 0.05, "side": "buy", "timestamp": 1765496593894}, {"id": "1010770194", "price": 136.63, "amount": 0.09, "side": "buy", "timestamp": 1765496594112}, {"id": "1010770195", "price": 136.62, "amount": 0.09, "side": "sell", "timestamp": 1765496594191}, {"id": "1010770196", "price": 136.63, "amount": 0.2, "side": "buy", "timestamp": 1765496594359}, {"id": "1010770197", "price": 136.62, "amount": 465.34, "side": "sell", "timestamp": 1765496594985}, {"id": "1010770198", "price": 136.61, "amount": 6.38, "side": "sell", "timestamp": 1765496595109}, {"id": "1010770199", "price": 136.62, "amount": 0.1, "side": "buy", "timestamp": 1765496595188}, {"id": "1010770200", "price": 136.61, "amount": 0.1, "side": "sell", "timestamp": 1765496595542}, {"id": "1010770201", "price": 136.62, "amount": 0.08, "side": "buy", "timestamp": 1765496595703}, {"id": "1010770202", "price": 136.62, "amount": 1.78, "side": "buy", "timestamp": 1765496596040}, {"id": "1010770203", "price": 136.62, "amount": 0.08, "side": "buy", "timestamp": 1765496596180}, {"id": "1010770204", "price": 136.62, "amount": 0.66, "side": "buy", "timestamp": 1765496596535}, {"id": "1010770205", "price": 136.62, "amount": 0.07, "side": "buy", "timestamp": 1765496596785}, {"id": "1010770206", "price": 136.62, "amount": 14.63, "side": "buy", "timestamp": 1765496596965}, {"id": "1010770207", "price": 136.61, "amount": 0.09, "side": "sell", "timestamp": 1765496597005}, {"id": "1010770208", "price": 136.62, "amount": 0.09, "side": "buy", "timestamp": 1765496597150}, {"id": "1010770209", "price": 136.62, "amount": 0.41, "side": "buy", "timestamp": 1765496597850}, {"id": "1010770210", "price": 136.62, "amount": 0.08, "side": "buy", "timestamp": 1765496598005}, {"id": "1010770211", "price": 136.61, "amount": 31.09, "side": "sell", "timestamp": 1765496598340}, {"id": "1010770212", "price": 136.61, "amount": 664.59, "side": "sell", "timestamp": 1765496598603}, {"id": "1010770213", "price": 136.6, "amount": 117.35, "side": "sell", "timestamp": 1765496598617}, {"id": "1010770214", "price": 136.59, "amount": 22.8, "side": "sell", "timestamp": 1765496598630}, {"id": "1010770215", "price": 136.58, "amount": 36.5, "side": "sell", "timestamp": 1765496598677}, {"id": "1010770216", "price": 136.59, "amount": 0.05, "side": "buy", "timestamp": 1765496598917}, {"id": "1010770380", "price": 136.58, "amount": 0.04, "side": "buy", "timestamp": 1765496637467}, {"id": "1010770381", "price": 136.57, "amount": 5.0, "side": "sell", "timestamp": 1765496638114}, {"id": "1010770382", "price": 136.58, "amount": 0.08, "side": "buy", "timestamp": 1765496638115}, {"id": "1010770383", "price": 136.58, "amount": 0.09, "side": "buy", "timestamp": 1765496639140}, {"id": "1010770384", "price": 136.57, "amount": 0.09, "side": "sell", "timestamp": 1765496639159}, {"id": "1010770385", "price": 136.58, "amount": 0.07, "side": "buy", "timestamp": 1765496639321}, {"id": "1010770386", "price": 136.58, "amount": 7.39, "side": "buy", "timestamp": 1765496639634}, {"id": "1010770387", "price": 136.58, "amount": 0.08, "side": "buy", "timestamp": 1765496639938}, {"id": "1010770388", "price": 136.57, "amount": 0.67, "side": "sell", "timestamp": 1765496640017}, {"id": "1010770389", "price": 136.58, "amount": 0.32, "side": "buy", "timestamp": 1765496640299}, {"id": "1010770390", "price": 136.57, "amount": 0.09, "side": "sell", "timestamp": 1765496640356}, {"id": "1010770391", "price": 136.57, "amount": 0.68, "side": "sell", "timestamp": 1765496640515}, {"id": "1010770392", "price": 136.57, "amount": 0.07, "side": "sell", "timestamp": 1765496640793}, {"id": "1010770393", "price": 136.58, "amount": 0.09, "side": "buy", "timestamp": 1765496641261}, {"id": "1010770394", "price": 136.58, "amount": 0.08, "side": "buy", "timestamp": 1765496641763}, {"id": "1010770395", "price": 136.58, "amount": 0.09, "side": "buy", "timestamp": 1765496642153}, {"id": "1010770396", "price": 136.57, "amount": 0.09, "side": "sell", "timestamp": 1765496642174}, {"id": "1010770397", "price": 136.58, "amount": 1.18, "side": "buy", "timestamp": 1765496642728}, {"id": "1010770398", "price": 136.58, "amount": 0.08, "side": "buy", "timestamp": 1765496643188}, {"id": "1010770399", "price": 136.58, "amount": 10.08, "side": "buy", "timestamp": 1765496643590}, {"id": "1010770400", "price": 136.58, "amount": 0.04, "side": "buy", "timestamp": 1765496644468}, {"id": "1010770401", "price": 136.57, "amount": 0.09, "side": "sell", "timestamp": 1765496644715}, {"id": "1010770402", "price": 136.58, "amount": 0.09, "side": "buy", "timestamp": 1765496645165}, {"id": "1010770403", "price": 136.57, "amount": 0.09, "side": "sell", "timestamp": 1765496645191}, {"id": "1010770404", "price": 136.58, "amount": 0.08, "side": "buy", "timestamp": 1765496645408}, {"id": "1010770405", "price": 136.58, "amount": 0.16, "side": "buy", "timestamp": 1765496645599}, {"id": "1010770406", "price": 136.57, "amount": 5.0, "side": "sell", "timestamp": 1765496646166}, {"id": "1010770407", "price": 136.57, "amount": 0.14, "side": "sell", "timestamp": 1765496646512}, {"id": "1010770408", "price": 136.58, "amount": 0.08, "side": "buy", "timestamp": 1765496647232}, {"id": "1010770409", "price": 136.58, "amount": 5.12, "side": "buy", "timestamp": 1765496647474}, {"id": "1010770410", "price": 136.57, "amount": 0.09, "side": "sell", "timestamp": 1765496648013}, {"id": "1010770411", "price": 136.58, "amount": 0.13, "side": "buy", "timestamp": 1765496648182}, {"id": "1010770412", "price": 136.58, "amount": 0.09, "side": "buy", "timestamp": 1765496648707}, {"id": "1010770413", "price": 136.58, "amount": 0.08, "side": "buy", "timestamp": 1765496649055}, {"id": "1010770414", "price": 136.58, "amount": 0.06, "side": "buy", "timestamp": 1765496649460}, {"id": "1010770415", "price": 136.57, "amount": 111.05, "side": "sell", "timestamp": 1765496649685}, {"id": "1010770416", "price": 136.56, "amount": 94.38, "side": "sell", "timestamp": 1765496649685}, {"id": "1010770417", "price": 136.55, "amount": 8.85, "side": "sell", "timestamp": 1765496649764}, {"id": "1010770418", "price": 136.55, "amount": 15.15, "side": "sell", "timestamp": 1765496649957}, {"id": "1010770419", "price": 136.55, "amount": 0.22, "side": "sell", "timestamp": 1765496650086}, {"id": "1010770420", "price": 136.56, "amount": 0.68, "side": "buy", "timestamp": 1765496650308}, {"id": "1010770421", "price": 136.56, "amount": 0.36, "side": "buy", "timestamp": 1765496650468}, {"id": "1010770422", "price": 136.56, "amount": 0.08, "side": "buy", "timestamp": 1765496650878}, {"id": "1010770423", "price": 136.55, "amount": 7.0, "side": "sell", "timestamp": 1765496650913}, {"id": "1010770424", "price": 136.55, "amount": 0.09, "side": "sell", "timestamp": 1765496651057}, {"id": "1010770425", "price": 136.56, "amount": 0.09, "side": "buy", "timestamp": 1765496651192}, {"id": "1010770426", "price": 136.56, "amount": 0.17, "side": "buy", "timestamp": 1765496651482}, {"id": "1010770427", "price": 136.55, "amount": 70.0, "side": "sell", "timestamp": 1765496651867}, {"id": "1010770428", "price": 136.55, "amount": 1.46, "side": "sell", "timestamp": 1765496652421}, {"id": "1010770429", "price": 136.55, "amount": 0.74, "side": "sell", "timestamp": 1765496652634}, {"id": "1010770580", "price": 136.6, "amount": 0.1, "side": "buy", "timestamp": 1765496695849}, {"id": "1010770581", "price": 136.6, "amount": 0.09, "side": "buy", "timestamp": 1765496696105}, {"id": "1010770582", "price": 136.59, "amount": 0.09, "side": "sell", "timestamp": 1765496696130}, {"id": "1010770583", "price": 136.6, "amount": 19.67, "side": "buy", "timestamp": 1765496696434}, {"id": "1010770584", "price": 136.6, "amount": 13.05, "side": "buy", "timestamp": 1765496696712}, {"id": "1010770585", "price": 136.6, "amount": 0.04, "side": "buy", "timestamp": 1765496696859}, {"id": "1010770586", "price": 136.6, "amount": 5.0, "side": "buy", "timestamp": 1765496697512}, {"id": "1010770587", "price": 136.6, "amount": 1.0, "side": "buy", "timestamp": 1765496697619}, {"id": "1010770588", "price": 136.59, "amount": 0.65, "side": "sell", "timestamp": 1765496698054}, {"id": "1010770589", "price": 136.6, "amount": 1.08, "side": "buy", "timestamp": 1765496698278}, {"id": "1010770590", "price": 136.6, "amount": 0.04, "side": "buy", "timestamp": 1765496698638}, {"id": "1010770591", "price": 136.6, "amount": 0.04, "side": "buy", "timestamp": 1765496698849}, {"id": "1010770592", "price": 136.6, "amount": 0.07, "side": "buy", "timestamp": 1765496698959}, {"id": "1010770593", "price": 136.6, "amount": 0.09, "side": "buy", "timestamp": 1765496699116}, {"id": "1010770594", "price": 136.59, "amount": 0.09, "side": "sell", "timestamp": 1765496699160}, {"id": "1010770595", "price": 136.59, "amount": 176.89, "side": "sell", "timestamp": 1765496699397}, {"id": "1010770596", "price": 136.58, "amount": 43.49, "side": "sell", "timestamp": 1765496699718}, {"id": "1010770597", "price": 136.58, "amount": 0.37, "side": "buy", "timestamp": 1765496699726}, {"id": "1010770598", "price": 136.58, "amount": 0.04, "side": "buy", "timestamp": 1765496699850}, {"id": "1010770599", "price": 136.57, "amount": 162.81, "side": "sell", "timestamp": 1765496700043}, {"id": "1010770600", "price": 136.56, "amount": 0.74, "side": "sell", "timestamp": 1765496700082}, {"id": "1010770601", "price": 136.57, "amount": 0.08, "side": "buy", "timestamp": 1765496700110}, {"id": "1010770602", "price": 136.56, "amount": 1.02, "side": "sell", "timestamp": 1765496700438}, {"id": "1010770603", "price": 136.57, "amount": 1.22, "side": "buy", "timestamp": 1765496700445}, {"id": "1010770604", "price": 136.57, "amount": 0.04, "side": "buy", "timestamp": 1765496700850}, {"id": "1010770605", "price": 136.57, "amount": 106.78, "side": "buy", "timestamp": 1765496700960}, {"id": "1010770606", "price": 136.58, "amount": 46.75, "side": "buy", "timestamp": 1765496701035}, {"id": "1010770607", "price": 136.59, "amount": 75.6, "side": "buy", "timestamp": 1765496701059}, {"id": "1010770608", "price": 136.59, "amount": 546.25, "side": "sell", "timestamp": 1765496701307}, {"id": "1010770609", "price": 136.58, "amount": 0.09, "side": "sell", "timestamp": 1765496701544}, {"id": "1010770610", "price": 136.59, "amount": 0.12, "side": "buy", "timestamp": 1765496701850}, {"id": "1010770611", "price": 136.58, "amount": 0.09, "side": "sell", "timestamp": 1765496702008}, {"id": "1010770612", "price": 136.59, "amount": 0.09, "side": "buy", "timestamp": 1765496702161}, {"id": "1010770613", "price": 136.58, "amount": 27.84, "side": "sell", "timestamp": 1765496702314}, {"id": "1010770614", "price": 136.58, "amount": 3.41, "side": "buy", "timestamp": 1765496702358}, {"id": "1010770615", "price": 136.57, "amount": 4.4, "side": "sell", "timestamp": 1765496702538}, {"id": "1010770616", "price": 136.57, "amount": 0.5, "side": "sell", "timestamp": 1765496703363}, {"id": "1010770617", "price": 136.57, "amount": 0.12, "side": "sell", "timestamp": 1765496703559}, {"id": "1010770618", "price": 136.58, "amount": 3.77, "side": "buy", "timestamp": 1765496703756}, {"id": "1010770619", "price": 136.57, "amount": 130.98, "side": "sell", "timestamp": 1765496703947}, {"id": "1010770620", "price": 136.56, "amount": 0.74, "side": "sell", "timestamp": 1765496703970}, {"id": "1010770621", "price": 136.57, "amount": 0.07, "side": "buy", "timestamp": 1765496704269}, {"id": "1010770622", "price": 136.57, "amount": 0.04, "side": "buy", "timestamp": 1765496704850}, {"id": "1010770623", "price": 136.56, "amount": 0.08, "side": "sell", "timestamp": 1765496704905}, {"id": "1010770624", "price": 136.57, "amount": 0.08, "side": "buy", "timestamp": 1765496704914}, {"id": "1010770625", "price": 136.57, "amount": 1.46, "side": "buy", "timestamp": 1765496705022}, {"id": "1010770626", "price": 136.56, "amount": 0.09, "side": "sell", "timestamp": 1765496705037}, {"id": "1010770627", "price": 136.57, "amount": 0.21, "side": "buy", "timestamp": 1765496705096}, {"id": "1010770628", "price": 136.57, "amount": 0.09, "side": "buy", "timestamp": 1765496705198}, {"id": "1010770629", "price": 136.57, "amount": 0.06, "side": "buy", "timestamp": 1765496705302}, {"id": "1010770819", "price": 136.6, "amount": 0.01, "side": "buy", "timestamp": 1765496746369}, {"id": "1010770820", "price": 136.59, "amount": 2.5, "side": "sell", "timestamp": 1765496746448}, {"id": "1010770821", "price": 136.6, "amount": 0.27, "side": "buy", "timestamp": 1765496746529}, {"id": "1010770822", "price": 136.6, "amount": 5.65, "side": "buy", "timestamp": 1765496746781}, {"id": "1010770823", "price": 136.59, "amount": 0.1, "side": "sell", "timestamp": 1765496746790}, {"id": "1010770824", "price": 136.6, "amount": 0.09, "side": "buy", "timestamp": 1765496747171}, {"id": "1010770825", "price": 136.59, "amount": 0.09, "side": "sell", "timestamp": 1765496747174}, {"id": "1010770826", "price": 136.6, "amount": 0.25, "side": "buy", "timestamp": 1765496747458}, {"id": "1010770827", "price": 136.6, "amount": 0.29, "side": "buy", "timestamp": 1765496747569}, {"id": "1010770828", "price": 136.59, "amount": 0.04, "side": "sell", "timestamp": 1765496747585}, {"id": "1010770829", "price": 136.6, "amount": 5.62, "side": "buy", "timestamp": 1765496747798}, {"id": "1010770830", "price": 136.59, "amount": 4.59, "side": "sell", "timestamp": 1765496748022}, {"id": "1010770831", "price": 136.59, "amount": 50.0, "side": "sell", "timestamp": 1765496748301}, {"id": "1010770832", "price": 136.6, "amount": 5.64, "side": "buy", "timestamp": 1765496748718}, {"id": "1010770833", "price": 136.59, "amount": 338.35, "side": "sell", "timestamp": 1765496748996}, {"id": "1010770834", "price": 136.6, "amount": 0.08, "side": "buy", "timestamp": 1765496749337}, {"id": "1010770835", "price": 136.6, "amount": 5.57, "side": "buy", "timestamp": 1765496749733}, {"id": "1010770836", "price": 136.59, "amount": 0.09, "side": "sell", "timestamp": 1765496750188}, {"id": "1010770837", "price": 136.6, "amount": 0.09, "side": "buy", "timestamp": 1765496750192}, {"id": "1010770838", "price": 136.6, "amount": 5.54, "side": "buy", "timestamp": 1765496750748}, {"id": "1010770839", "price": 136.6, "amount": 249.55, "side": "buy", "timestamp": 1765496751156}, {"id": "1010770840", "price": 136.61, "amount": 88.04, "side": "buy", "timestamp": 1765496751203}, {"id": "1010770841", "price": 136.62, "amount": 1.27, "side": "buy", "timestamp": 1765496751550}, {"id": "1010770842", "price": 136.61, "amount": 94.85, "side": "sell", "timestamp": 1765496751554}, {"id": "1010770843", "price": 136.6, "amount": 2.53, "side": "sell", "timestamp": 1765496751579}, {"id": "1010770844", "price": 136.59, "amount": 3.66, "side": "sell", "timestamp": 1765496751810}, {"id": "1010770845", "price": 136.6, "amount": 5.52, "side": "buy", "timestamp": 1765496751821}, {"id": "1010770846", "price": 136.59, "amount": 0.53, "side": "sell", "timestamp": 1765496752027}, {"id": "1010770847", "price": 136.6, "amount": 5.49, "side": "buy", "timestamp": 1765496752899}, {"id": "1010770848", "price": 136.59, "amount": 1.56, "side": "sell", "timestamp": 1765496752951}, {"id": "1010770849", "price": 136.6, "amount": 0.17, "side": "buy", "timestamp": 1765496752979}, {"id": "1010770850", "price": 136.59, "amount": 6.09, "side": "sell", "timestamp": 1765496753130}, {"id": "1010770851", "price": 136.6, "amount": 0.27, "side": "buy", "timestamp": 1765496753319}, {"id": "1010770852", "price": 136.6, "amount": 300.04, "side": "buy", "timestamp": 1765496753421}, {"id": "1010770853", "price": 136.6, "amount": 3.5, "side": "buy", "timestamp": 1765496754072}, {"id": "1010770854", "price": 136.59, "amount": 124.46, "side": "sell", "timestamp": 1765496754451}, {"id": "1010770855", "price": 136.58, "amount": 41.47, "side": "sell", "timestamp": 1765496754460}, {"id": "1010770856", "price": 136.57, "amount": 54.73, "side": "sell", "timestamp": 1765496754478}, {"id": "1010770857", "price": 136.56, "amount": 23.64, "side": "sell", "timestamp": 1765496754489}, {"id": "1010770858", "price": 136.57, "amount": 68.28, "side": "buy", "timestamp": 1765496754770}, {"id": "1010770859", "price": 136.57, "amount": 0.4, "side": "buy", "timestamp": 1765496755489}, {"id": "1010770860", "price": 136.57, "amount": 0.36, "side": "buy", "timestamp": 1765496755760}, {"id": "1010770861", "price": 136.56, "amount": 0.09, "side": "sell", "timestamp": 1765496756071}, {"id": "1010770862", "price": 136.57, "amount": 0.49, "side": "buy", "timestamp": 1765496756118}, {"id": "1010770863", "price": 136.57, "amount": 0.89, "side": "buy", "timestamp": 1765496756220}, {"id": "1010770864", "price": 136.57, "amount": 0.08, "side": "buy", "timestamp": 1765496756627}, {"id": "1010770865", "price": 136.57, "amount": 0.2, "side": "buy", "timestamp": 1765496757096}, {"id": "1010770866", "price": 136.57, "amount": 8.77, "side": "buy", "timestamp": 1765496757269}, {"id": "1010770867", "price": 136.57, "amount": 0.95, "side": "buy", "timestamp": 1765496757578}, {"id": "1010770868", "price": 136.57, "amount": 20.0, "side": "buy", "timestamp": 1765496757833}, {"id": "1010771057", "price": 136.47, "amount": 1.73, "side": "sell", "timestamp": 1765496800427}, {"id": "1010771058", "price": 136.48, "amount": 6.08, "side": "buy", "timestamp": 1765496800507}, {"id": "1010771059", "price": 136.48, "amount": 2.0, "side": "buy", "timestamp": 1765496801011}, {"id": "1010771060", "price": 136.47, "amount": 0.09, "side": "sell", "timestamp": 1765496801036}, {"id": "1010771061", "price": 136.48, "amount": 0.09, "side": "buy", "timestamp": 1765496801118}, {"id": "1010771062", "price": 136.47, "amount": 0.16, "side": "sell", "timestamp": 1765496801376}, {"id": "1010771063", "price": 136.48, "amount": 6.07, "side": "buy", "timestamp": 1765496801463}, {"id": "1010771064", "price": 136.47, "amount": 2.02, "side": "sell", "timestamp": 1765496802034}, {"id": "1010771065", "price": 136.48, "amount": 0.08, "side": "buy", "timestamp": 1765496802209}, {"id": "1010771066", "price": 136.48, "amount": 6.05, "side": "buy", "timestamp": 1765496802578}, {"id": "1010771067", "price": 136.47, "amount": 0.07, "side": "sell", "timestamp": 1765496802764}, {"id": "1010771068", "price": 136.47, "amount": 0.1, "side": "sell", "timestamp": 1765496802935}, {"id": "1010771069", "price": 136.48, "amount": 0.19, "side": "buy", "timestamp": 1765496803072}, {"id": "1010771070", "price": 136.47, "amount": 1.29, "side": "sell", "timestamp": 1765496803287}, {"id": "1010771071", "price": 136.48, "amount": 6.03, "side": "buy", "timestamp": 1765496803558}, {"id": "1010771072", "price": 136.48, "amount": 15.78, "side": "buy", "timestamp": 1765496803665}, {"id": "1010771073", "price": 136.48, "amount": 0.56, "side": "sell", "timestamp": 1765496803868}, {"id": "1010771074", "price": 136.49, "amount": 0.08, "side": "buy", "timestamp": 1765496804031}, {"id": "1010771075", "price": 136.48, "amount": 0.09, "side": "sell", "timestamp": 1765496804048}, {"id": "1010771076", "price": 136.49, "amount": 0.09, "side": "buy", "timestamp": 1765496804135}, {"id": "1010771077", "price": 136.48, "amount": 46.94, "side": "sell", "timestamp": 1765496804362}, {"id": "1010771078", "price": 136.48, "amount": 2.56, "side": "sell", "timestamp": 1765496804507}, {"id": "1010771079", "price": 136.49, "amount": 48.06, "side": "buy", "timestamp": 1765496804522}, {"id": "1010771080", "price": 136.49, "amount": 9.18, "side": "sell", "timestamp": 1765496804791}, {"id": "1010771081", "price": 136.5, "amount": 67.29, "side": "buy", "timestamp": 1765496804896}, {"id": "1010771082", "price": 136.49, "amount": 15.07, "side": "sell", "timestamp": 1765496805319}, {"id": "1010771083", "price": 136.5, "amount": 6.0, "side": "buy", "timestamp": 1765496805520}, {"id": "1010771084", "price": 136.5, "amount": 2.17, "side": "buy", "timestamp": 1765496805707}, {"id": "1010771085", "price": 136.5, "amount": 0.08, "side": "buy", "timestamp": 1765496805853}, {"id": "1010771086", "price": 136.49, "amount": 0.07, "side": "sell", "timestamp": 1765496806374}, {"id": "1010771087", "price": 136.5, "amount": 6.02, "side": "buy", "timestamp": 1765496806416}, {"id": "1010771088", "price": 136.49, "amount": 0.16, "side": "sell", "timestamp": 1765496807072}, {"id": "1010771089", "price": 136.5, "amount": 0.09, "side": "buy", "timestamp": 1765496807147}, {"id": "1010771090", "price": 136.5, "amount": 9.11, "side": "buy", "timestamp": 1765496807476}, {"id": "1010771091", "price": 136.5, "amount": 0.08, "side": "buy", "timestamp": 1765496807679}, {"id": "1010771092", "price": 136.49, "amount": 0.16, "side": "sell", "timestamp": 1765496807717}, {"id": "1010771093", "price": 136.49, "amount": 2.98, "side": "sell", "timestamp": 1765496807869}, {"id": "1010771094", "price": 136.5, "amount": 5.94, "side": "buy", "timestamp": 1765496808463}, {"id": "1010771095", "price": 136.5, "amount": 6.0, "side": "buy", "timestamp": 1765496809442}, {"id": "1010771096", "price": 136.49, "amount": 0.09, "side": "sell", "timestamp": 1765496809723}, {"id": "1010771097", "price": 136.49, "amount": 141.92, "side": "sell", "timestamp": 1765496810093}, {"id": "1010771098", "price": 136.48, "amount": 0.5, "side": "sell", "timestamp": 1765496810125}, {"id": "1010771099", "price": 136.49, "amount": 1308.79, "side": "buy", "timestamp": 1765496810129}, {"id": "1010771100", "price": 136.5, "amount": 130.35, "side": "buy", "timestamp": 1765496810140}, {"id": "1010771101", "price": 136.5, "amount": 0.09, "side": "sell", "timestamp": 1765496810163}, {"id": "1010771102", "price": 136.51, "amount": 177.29, "side": "buy", "timestamp": 1765496810166}, {"id": "1010771103", "price": 136.52, "amount": 198.03, "side": "buy", "timestamp": 1765496810444}, {"id": "1010771104", "price": 136.53, "amount": 22.8, "side": "buy", "timestamp": 1765496810457}, {"id": "1010771105", "price": 136.53, "amount": 10.0, "side": "sell", "timestamp": 1765496810880}, {"id": "1010771106", "price": 136.54, "amount": 5.98, "side": "buy", "timestamp": 1765496811323}, {"id": "1010771281", "price": 136.53, "amount": 0.08, "side": "buy", "timestamp": 1765496851436}, {"id": "1010771282", "price": 136.52, "amount": 0.09, "side": "sell", "timestamp": 1765496852119}, {"id": "1010771283", "price": 136.53, "amount": 0.09, "side": "buy", "timestamp": 1765496852134}, {"id": "1010771284", "price": 136.52, "amount": 0.44, "side": "sell", "timestamp": 1765496852241}, {"id": "1010771285", "price": 136.52, "amount": 2.21, "side": "sell", "timestamp": 1765496852393}, {"id": "1010771286", "price": 136.53, "amount": 10.0, "side": "buy", "timestamp": 1765496852853}, {"id": "1010771287", "price": 136.52, "amount": 1.13, "side": "sell", "timestamp": 1765496853080}, {"id": "1010771288", "price": 136.53, "amount": 0.08, "side": "buy", "timestamp": 1765496853257}, {"id": "1010771289", "price": 136.52, "amount": 0.1, "side": "sell", "timestamp": 1765496853471}, {"id": "1010771290", "price": 136.53, "amount": 0.08, "side": "buy", "timestamp": 1765496855084}, {"id": "1010771291", "price": 136.52, "amount": 0.09, "side": "sell", "timestamp": 1765496855131}, {"id": "1010771292", "price": 136.53, "amount": 0.09, "side": "buy", "timestamp": 1765496855146}, {"id": "1010771293", "price": 136.52, "amount": 0.28, "side": "sell", "timestamp": 1765496855164}, {"id": "1010771294", "price": 136.52, "amount": 14.65, "side": "sell", "timestamp": 1765496855332}, {"id": "1010771295", "price": 136.52, "amount": 0.92, "side": "sell", "timestamp": 1765496855546}, {"id": "1010771296", "price": 136.53, "amount": 0.04, "side": "buy", "timestamp": 1765496856020}, {"id": "1010771297", "price": 136.53, "amount": 0.14, "side": "buy", "timestamp": 1765496856271}, {"id": "1010771298", "price": 136.52, "amount": 8.76, "side": "sell", "timestamp": 1765496856795}, {"id": "1010771299", "price": 136.53, "amount": 0.08, "side": "buy", "timestamp": 1765496856902}, {"id": "1010771300", "price": 136.53, "amount": 0.4, "side": "buy", "timestamp": 1765496857326}, {"id": "1010771301", "price": 136.53, "amount": 0.2, "side": "buy", "timestamp": 1765496857740}, {"id": "1010771302", "price": 136.53, "amount": 0.33, "side": "buy", "timestamp": 1765496857896}, {"id": "1010771303", "price": 136.52, "amount": 0.09, "side": "sell", "timestamp": 1765496858144}, {"id": "1010771304", "price": 136.53, "amount": 0.53, "side": "buy", "timestamp": 1765496858164}, {"id": "1010771305", "price": 136.53, "amount": 0.08, "side": "buy", "timestamp": 1765496858730}, {"id": "1010771306", "price": 136.52, "amount": 121.99, "side": "sell", "timestamp": 1765496859415}, {"id": "1010771307", "price": 136.51, "amount": 498.14, "side": "sell", "timestamp": 1765496859417}, {"id": "1010771308", "price": 136.5, "amount": 72.37, "side": "sell", "timestamp": 1765496859446}, {"id": "1010771309", "price": 136.49, "amount": 19.62, "side": "sell", "timestamp": 1765496859481}, {"id": "1010771310", "price": 136.48, "amount": 1.0, "side": "sell", "timestamp": 1765496859495}, {"id": "1010771311", "price": 136.48, "amount": 1.96, "side": "sell", "timestamp": 1765496859720}, {"id": "1010771312", "price": 136.49, "amount": 1.46, "side": "buy", "timestamp": 1765496859785}, {"id": "1010771313", "price": 136.49, "amount": 0.08, "side": "buy", "timestamp": 1765496860551}, {"id": "1010771314", "price": 136.48, "amount": 12.69, "side": "sell", "timestamp": 1765496860680}, {"id": "1010771315", "price": 136.49, "amount": 0.08, "side": "buy", "timestamp": 1765496860735}, {"id": "1010771316", "price": 136.49, "amount": 0.07, "side": "buy", "timestamp": 1765496860839}, {"id": "1010771317", "price": 136.49, "amount": 0.09, "side": "buy", "timestamp": 1765496861005}, {"id": "1010771318", "price": 136.48, "amount": 72.0, "side": "sell", "timestamp": 1765496861039}, {"id": "1010771319", "price": 136.47, "amount": 22.17, "side": "sell", "timestamp": 1765496861076}, {"id": "1010771320", "price": 136.47, "amount": 2.58, "side": "sell", "timestamp": 1765496862162}, {"id": "1010771321", "price": 136.48, "amount": 0.08, "side": "buy", "timestamp": 1765496862377}, {"id": "1010771322", "price": 136.47, "amount": 1.83, "side": "sell", "timestamp": 1765496862400}, {"id": "1010771323", "price": 136.47, "amount": 1.3, "side": "sell", "timestamp": 1765496862629}, {"id": "1010771324", "price": 136.48, "amount": 0.4, "side": "buy", "timestamp": 1765496862962}, {"id": "1010771325", "price": 136.47, "amount": 3.99, "side": "sell", "timestamp": 1765496863056}, {"id": "1010771326", "price": 136.48, "amount": 1.98, "side": "buy", "timestamp": 1765496863159}, {"id": "1010771327", "price": 136.48, "amount": 0.05, "side": "buy", "timestamp": 1765496863327}, {"id": "1010771328", "price": 136.48, "amount": 0.88, "side": "buy", "timestamp": 1765496863471}, {"id": "1010771329", "price": 136.47, "amount": 0.51, "side": "sell", "timestamp": 1765496863708}, {"id": "1010771330", "price": 136.48, "amount": 0.09, "side": "buy", "timestamp": 1765496864055}, {"id": "1010771568", "price": 136.33, "amount": 0.18, "side": "sell", "timestamp": 1765496906577}, {"id": "1010771569", "price": 136.34, "amount": 96.49, "side": "buy", "timestamp": 1765496906645}, {"id": "1010771570", "price": 136.33, "amount": 2.2, "side": "sell", "timestamp": 1765496906661}, {"id": "1010771571", "price": 136.34, "amount": 161.2, "side": "buy", "timestamp": 1765496906696}, {"id": "1010771572", "price": 136.34, "amount": 0.11, "side": "sell", "timestamp": 1765496907772}, {"id": "1010771573", "price": 136.35, "amount": 0.08, "side": "buy", "timestamp": 1765496907958}, {"id": "1010771574", "price": 136.34, "amount": 2.0, "side": "sell", "timestamp": 1765496908162}, {"id": "1010771575", "price": 136.34, "amount": 9.53, "side": "sell", "timestamp": 1765496908738}, {"id": "1010771576", "price": 136.35, "amount": 0.27, "side": "buy", "timestamp": 1765496908831}, {"id": "1010771577", "price": 136.34, "amount": 0.22, "side": "sell", "timestamp": 1765496908907}, {"id": "1010771578", "price": 136.35, "amount": 0.09, "side": "buy", "timestamp": 1765496909067}, {"id": "1010771579", "price": 136.34, "amount": 0.79, "side": "sell", "timestamp": 1765496909087}, {"id": "1010771580", "price": 136.35, "amount": 8.85, "side": "buy", "timestamp": 1765496909155}, {"id": "1010771581", "price": 136.34, "amount": 0.13, "side": "sell", "timestamp": 1765496909276}, {"id": "1010771582", "price": 136.34, "amount": 0.07, "side": "sell", "timestamp": 1765496909470}, {"id": "1010771583", "price": 136.34, "amount": 0.7, "side": "sell", "timestamp": 1765496909714}, {"id": "1010771584", "price": 136.35, "amount": 0.12, "side": "buy", "timestamp": 1765496909781}, {"id": "1010771585", "price": 136.34, "amount": 3.69, "side": "sell", "timestamp": 1765496909887}, {"id": "1010771586", "price": 136.35, "amount": 271.58, "side": "buy", "timestamp": 1765496909985}, {"id": "1010771587", "price": 136.35, "amount": 3.8, "side": "sell", "timestamp": 1765496910058}, {"id": "1010771588", "price": 136.36, "amount": 0.09, "side": "buy", "timestamp": 1765496910429}, {"id": "1010771589", "price": 136.36, "amount": 2.56, "side": "buy", "timestamp": 1765496910601}, {"id": "1010771590", "price": 136.36, "amount": 1.29, "side": "buy", "timestamp": 1765496910996}, {"id": "1010771591", "price": 136.36, "amount": 0.08, "side": "buy", "timestamp": 1765496911183}, {"id": "1010771592", "price": 136.35, "amount": 0.22, "side": "sell", "timestamp": 1765496911247}, {"id": "1010771593", "price": 136.35, "amount": 5.35, "side": "sell", "timestamp": 1765496911572}, {"id": "1010771594", "price": 136.36, "amount": 0.08, "side": "buy", "timestamp": 1765496911604}, {"id": "1010771595", "price": 136.36, "amount": 3.28, "side": "buy", "timestamp": 1765496911915}, {"id": "1010771596", "price": 136.36, "amount": 0.46, "side": "buy", "timestamp": 1765496912088}, {"id": "1010771597", "price": 136.35, "amount": 0.09, "side": "sell", "timestamp": 1765496912117}, {"id": "1010771598", "price": 136.36, "amount": 0.22, "side": "buy", "timestamp": 1765496912119}, {"id": "1010771599", "price": 136.35, "amount": 13.41, "side": "sell", "timestamp": 1765496912375}, {"id": "1010771600", "price": 136.35, "amount": 0.41, "side": "sell", "timestamp": 1765496912499}, {"id": "1010771601", "price": 136.35, "amount": 10.0, "side": "sell", "timestamp": 1765496912827}, {"id": "1010771602", "price": 136.35, "amount": 4.2, "side": "sell", "timestamp": 1765496913092}, {"id": "1010771603", "price": 136.36, "amount": 0.08, "side": "buy", "timestamp": 1765496913428}, {"id": "1010771604", "price": 136.35, "amount": 0.41, "side": "sell", "timestamp": 1765496913526}, {"id": "1010771605", "price": 136.36, "amount": 10.98, "side": "buy", "timestamp": 1765496914054}, {"id": "1010771606", "price": 136.35, "amount": 0.28, "side": "sell", "timestamp": 1765496914605}, {"id": "1010771607", "price": 136.35, "amount": 76.91, "side": "sell", "timestamp": 1765496915088}, {"id": "1010771608", "price": 136.36, "amount": 0.09, "side": "buy", "timestamp": 1765496915099}, {"id": "1010771609", "price": 136.35, "amount": 0.09, "side": "sell", "timestamp": 1765496915133}, {"id": "1010771610", "price": 136.36, "amount": 0.16, "side": "buy", "timestamp": 1765496915179}, {"id": "1010771611", "price": 136.36, "amount": 1.89, "side": "buy", "timestamp": 1765496915380}, {"id": "1010771612", "price": 136.36, "amount": 0.18, "side": "buy", "timestamp": 1765496915596}, {"id": "1010771613", "price": 136.36, "amount": 0.09, "side": "buy", "timestamp": 1765496915726}, {"id": "1010771614", "price": 136.35, "amount": 6.28, "side": "sell", "timestamp": 1765496915779}, {"id": "1010771615", "price": 136.36, "amount": 1.61, "side": "buy", "timestamp": 1765496916000}, {"id": "1010771616", "price": 136.35, "amount": 0.04, "side": "sell", "timestamp": 1765496916168}, {"id": "1010771617", "price": 136.35, "amount": 0.57, "side": "sell", "timestamp": 1765496916392}, {"id": "1010771798", "price": 136.43, "amount": 9.58, "side": "sell", "timestamp": 1765496958501}, {"id": "1010771799", "price": 136.44, "amount": 0.08, "side": "buy", "timestamp": 1765496959007}, {"id": "1010771800", "price": 136.43, "amount": 0.05, "side": "sell", "timestamp": 1765496959046}, {"id": "1010771801", "price": 136.43, "amount": 100.98, "side": "sell", "timestamp": 1765496959475}, {"id": "1010771802", "price": 136.43, "amount": 3.49, "side": "buy", "timestamp": 1765496959481}, {"id": "1010771803", "price": 136.42, "amount": 19.8, "side": "sell", "timestamp": 1765496959483}, {"id": "1010771804", "price": 136.43, "amount": 0.08, "side": "buy", "timestamp": 1765496959725}, {"id": "1010771805", "price": 136.42, "amount": 0.09, "side": "sell", "timestamp": 1765496960078}, {"id": "1010771806", "price": 136.43, "amount": 0.09, "side": "buy", "timestamp": 1765496960108}, {"id": "1010771807", "price": 136.42, "amount": 11.48, "side": "sell", "timestamp": 1765496960257}, {"id": "1010771808", "price": 136.41, "amount": 20.61, "side": "sell", "timestamp": 1765496960331}, {"id": "1010771809", "price": 136.41, "amount": 86.01, "side": "sell", "timestamp": 1765496960460}, {"id": "1010771810", "price": 136.4, "amount": 15.22, "side": "sell", "timestamp": 1765496960475}, {"id": "1010771811", "price": 136.4, "amount": 0.15, "side": "buy", "timestamp": 1765496960508}, {"id": "1010771812", "price": 136.39, "amount": 0.39, "side": "sell", "timestamp": 1765496960518}, {"id": "1010771813", "price": 136.4, "amount": 56.29, "side": "buy", "timestamp": 1765496960599}, {"id": "1010771814", "price": 136.4, "amount": 0.08, "side": "buy", "timestamp": 1765496960828}, {"id": "1010771815", "price": 136.4, "amount": 56.96, "side": "buy", "timestamp": 1765496961208}, {"id": "1010771816", "price": 136.41, "amount": 7.11, "side": "buy", "timestamp": 1765496961229}, {"id": "1010771817", "price": 136.41, "amount": 1.11, "side": "sell", "timestamp": 1765496961281}, {"id": "1010771818", "price": 136.42, "amount": 0.08, "side": "buy", "timestamp": 1765496962653}, {"id": "1010771819", "price": 136.42, "amount": 0.07, "side": "buy", "timestamp": 1765496962958}, {"id": "1010771820", "price": 136.42, "amount": 0.09, "side": "buy", "timestamp": 1765496963145}, {"id": "1010771821", "price": 136.41, "amount": 0.09, "side": "sell", "timestamp": 1765496963147}, {"id": "1010771822", "price": 136.41, "amount": 11.02, "side": "sell", "timestamp": 1765496963291}, {"id": "1010771823", "price": 136.41, "amount": 0.33, "side": "buy", "timestamp": 1765496963302}, {"id": "1010771824", "price": 136.4, "amount": 0.39, "side": "sell", "timestamp": 1765496963315}, {"id": "1010771825", "price": 136.4, "amount": 5.32, "side": "sell", "timestamp": 1765496963965}, {"id": "1010771826", "price": 136.39, "amount": 77.03, "side": "sell", "timestamp": 1765496963986}, {"id": "1010771827", "price": 136.39, "amount": 2.82, "side": "buy", "timestamp": 1765496964477}, {"id": "1010771828", "price": 136.39, "amount": 51.12, "side": "buy", "timestamp": 1765496964873}, {"id": "1010771829", "price": 136.4, "amount": 0.79, "side": "buy", "timestamp": 1765496965248}, {"id": "1010771830", "price": 136.4, "amount": 0.49, "side": "buy", "timestamp": 1765496965398}, {"id": "1010771831", "price": 136.4, "amount": 3.0, "side": "buy", "timestamp": 1765496965866}, {"id": "1010771832", "price": 136.39, "amount": 0.09, "side": "sell", "timestamp": 1765496966018}, {"id": "1010771833", "price": 136.4, "amount": 0.17, "side": "buy", "timestamp": 1765496966162}, {"id": "1010771834", "price": 136.4, "amount": 0.08, "side": "buy", "timestamp": 1765496966297}, {"id": "1010771835", "price": 136.39, "amount": 104.0, "side": "sell", "timestamp": 1765496967458}, {"id": "1010771836", "price": 136.39, "amount": 4.02, "side": "sell", "timestamp": 1765496967708}, {"id": "1010771837", "price": 136.4, "amount": 2.55, "side": "buy", "timestamp": 1765496967967}, {"id": "1010771838", "price": 136.4, "amount": 0.08, "side": "buy", "timestamp": 1765496968121}, {"id": "1010771839", "price": 136.39, "amount": 42.53, "side": "sell", "timestamp": 1765496968591}, {"id": "1010771840", "price": 136.4, "amount": 66.56, "side": "buy", "timestamp": 1765496968839}, {"id": "1010771841", "price": 136.39, "amount": 0.09, "side": "sell", "timestamp": 1765496969047}, {"id": "1010771842", "price": 136.4, "amount": 0.09, "side": "buy", "timestamp": 1765496969174}, {"id": "1010771843", "price": 136.39, "amount": 5.22, "side": "sell", "timestamp": 1765496969218}, {"id": "1010771844", "price": 136.4, "amount": 0.05, "side": "buy", "timestamp": 1765496969308}, {"id": "1010771845", "price": 136.4, "amount": 0.09, "side": "buy", "timestamp": 1765496969463}, {"id": "1010771846", "price": 136.4, "amount": 0.09, "side": "buy", "timestamp": 1765496969581}, {"id": "1010771847", "price": 136.4, "amount": 0.08, "side": "buy", "timestamp": 1765496969946}, {"id": "1010772039", "price": 136.48, "amount": 48.79, "side": "buy", "timestamp": 1765497013705}, {"id": "1010772040", "price": 136.48, "amount": 0.04, "side": "buy", "timestamp": 1765497013826}, {"id": "1010772041", "price": 136.48, "amount": 0.09, "side": "buy", "timestamp": 1765497014127}, {"id": "1010772042", "price": 136.47, "amount": 0.09, "side": "sell", "timestamp": 1765497014127}, {"id": "1010772043", "price": 136.48, "amount": 0.08, "side": "buy", "timestamp": 1765497014204}, {"id": "1010772044", "price": 136.48, "amount": 0.08, "side": "buy", "timestamp": 1765497014330}, {"id": "1010772045", "price": 136.48, "amount": 0.77, "side": "buy", "timestamp": 1765497014432}, {"id": "1010772046", "price": 136.48, "amount": 6.95, "side": "buy", "timestamp": 1765497014630}, {"id": "1010772047", "price": 136.48, "amount": 0.04, "side": "buy", "timestamp": 1765497014826}, {"id": "1010772048", "price": 136.48, "amount": 0.22, "side": "buy", "timestamp": 1765497015166}, {"id": "1010772049", "price": 136.48, "amount": 15.39, "side": "buy", "timestamp": 1765497015501}, {"id": "1010772050", "price": 136.48, "amount": 0.07, "side": "buy", "timestamp": 1765497015714}, {"id": "1010772051", "price": 136.48, "amount": 0.04, "side": "buy", "timestamp": 1765497015826}, {"id": "1010772052", "price": 136.48, "amount": 40.0, "side": "buy", "timestamp": 1765497016225}, {"id": "1010772053", "price": 136.48, "amount": 23.32, "side": "buy", "timestamp": 1765497016366}, {"id": "1010772054", "price": 136.47, "amount": 0.09, "side": "sell", "timestamp": 1765497016623}, {"id": "1010772055", "price": 136.47, "amount": 2.19, "side": "sell", "timestamp": 1765497016753}, {"id": "1010772056", "price": 136.48, "amount": 0.04, "side": "buy", "timestamp": 1765497016827}, {"id": "1010772057", "price": 136.48, "amount": 0.09, "side": "buy", "timestamp": 1765497017137}, {"id": "1010772058", "price": 136.47, "amount": 0.09, "side": "sell", "timestamp": 1765497017159}, {"id": "1010772059", "price": 136.48, "amount": 0.4, "side": "buy", "timestamp": 1765497017191}, {"id": "1010772060", "price": 136.48, "amount": 0.08, "side": "buy", "timestamp": 1765497017347}, {"id": "1010772061", "price": 136.48, "amount": 1.16, "side": "buy", "timestamp": 1765497017504}, {"id": "1010772062", "price": 136.47, "amount": 279.44, "side": "sell", "timestamp": 1765497017667}, {"id": "1010772063", "price": 136.46, "amount": 198.65, "side": "sell", "timestamp": 1765497017726}, {"id": "1010772064", "price": 136.45, "amount": 34.11, "side": "sell", "timestamp": 1765497017786}, {"id": "1010772065", "price": 136.45, "amount": 50.04, "side": "buy", "timestamp": 1765497017821}, {"id": "1010772066", "price": 136.44, "amount": 53.34, "side": "sell", "timestamp": 1765497017872}, {"id": "1010772067", "price": 136.43, "amount": 15.71, "side": "sell", "timestamp": 1765497018095}, {"id": "1010772068", "price": 136.44, "amount": 1.19, "side": "buy", "timestamp": 1765497018164}, {"id": "1010772069", "price": 136.44, "amount": 0.04, "side": "buy", "timestamp": 1765497018828}, {"id": "1010772070", "price": 136.44, "amount": 0.15, "side": "buy", "timestamp": 1765497019013}, {"id": "1010772071", "price": 136.43, "amount": 3.01, "side": "sell", "timestamp": 1765497019064}, {"id": "1010772072", "price": 136.44, "amount": 0.08, "side": "buy", "timestamp": 1765497019175}, {"id": "1010772073", "price": 136.43, "amount": 29.15, "side": "sell", "timestamp": 1765497019693}, {"id": "1010772074", "price": 136.44, "amount": 0.04, "side": "buy", "timestamp": 1765497019828}, {"id": "1010772075", "price": 136.43, "amount": 0.04, "side": "sell", "timestamp": 1765497019844}, {"id": "1010772076", "price": 136.43, "amount": 0.09, "side": "sell", "timestamp": 1765497020081}, {"id": "1010772077", "price": 136.44, "amount": 0.09, "side": "buy", "timestamp": 1765497020105}, {"id": "1010772078", "price": 136.44, "amount": 0.09, "side": "buy", "timestamp": 1765497020817}, {"id": "1010772079", "price": 136.44, "amount": 0.08, "side": "buy", "timestamp": 1765497020998}, {"id": "1010772080", "price": 136.43, "amount": 0.04, "side": "sell", "timestamp": 1765497021008}, {"id": "1010772081", "price": 136.44, "amount": 0.04, "side": "buy", "timestamp": 1765497021366}, {"id": "1010772082", "price": 136.44, "amount": 380.43, "side": "buy", "timestamp": 1765497021828}, {"id": "1010772083", "price": 136.44, "amount": 77.36, "side": "buy", "timestamp": 1765497022001}, {"id": "1010772084", "price": 136.43, "amount": 0.15, "side": "sell", "timestamp": 1765497022246}, {"id": "1010772085", "price": 136.43, "amount": 15.11, "side": "sell", "timestamp": 1765497022485}, {"id": "1010772086", "price": 136.44, "amount": 44.27, "side": "buy", "timestamp": 1765497022489}, {"id": "1010772087", "price": 136.44, "amount": 0.12, "side": "buy", "timestamp": 1765497022818}, {"id": "1010772088", "price": 136.43, "amount": 0.09, "side": "sell", "timestamp": 1765497023094}, {"id": "1010772261", "price": 136.53, "amount": 0.08, "side": "buy", "timestamp": 1765497062932}, {"id": "1010772262", "price": 136.52, "amount": 38.99, "side": "sell", "timestamp": 1765497063270}, {"id": "1010772263", "price": 136.52, "amount": 0.12, "side": "sell", "timestamp": 1765497063850}, {"id": "1010772264", "price": 136.53, "amount": 0.05, "side": "buy", "timestamp": 1765497063893}, {"id": "1010772265", "price": 136.53, "amount": 1.19, "side": "buy", "timestamp": 1765497064011}, {"id": "1010772266", "price": 136.53, "amount": 0.22, "side": "buy", "timestamp": 1765497064354}, {"id": "1010772267", "price": 136.53, "amount": 0.2, "side": "buy", "timestamp": 1765497064551}, {"id": "1010772268", "price": 136.53, "amount": 0.08, "side": "buy", "timestamp": 1765497064754}, {"id": "1010772269", "price": 136.52, "amount": 0.25, "side": "sell", "timestamp": 1765497064870}, {"id": "1010772270", "price": 136.53, "amount": 86.81, "side": "buy", "timestamp": 1765497064980}, {"id": "1010772271", "price": 136.54, "amount": 5.56, "side": "buy", "timestamp": 1765497064983}, {"id": "1010772272", "price": 136.54, "amount": 0.09, "side": "sell", "timestamp": 1765497065043}, {"id": "1010772273", "price": 136.55, "amount": 0.09, "side": "buy", "timestamp": 1765497065092}, {"id": "1010772274", "price": 136.55, "amount": 0.08, "side": "buy", "timestamp": 1765497066051}, {"id": "1010772275", "price": 136.55, "amount": 0.08, "side": "buy", "timestamp": 1765497066578}, {"id": "1010772276", "price": 136.54, "amount": 73.09, "side": "sell", "timestamp": 1765497066582}, {"id": "1010772277", "price": 136.55, "amount": 2.0, "side": "buy", "timestamp": 1765497066746}, {"id": "1010772278", "price": 136.55, "amount": 73.3, "side": "buy", "timestamp": 1765497067168}, {"id": "1010772279", "price": 136.54, "amount": 12.93, "side": "sell", "timestamp": 1765497067245}, {"id": "1010772280", "price": 136.54, "amount": 0.09, "side": "sell", "timestamp": 1765497068070}, {"id": "1010772281", "price": 136.55, "amount": 0.77, "side": "buy", "timestamp": 1765497068105}, {"id": "1010772282", "price": 136.55, "amount": 0.08, "side": "buy", "timestamp": 1765497068237}, {"id": "1010772283", "price": 136.54, "amount": 3.66, "side": "sell", "timestamp": 1765497068259}, {"id": "1010772284", "price": 136.55, "amount": 0.08, "side": "buy", "timestamp": 1765497068401}, {"id": "1010772285", "price": 136.55, "amount": 5.0, "side": "buy", "timestamp": 1765497068760}, {"id": "1010772286", "price": 136.55, "amount": 0.08, "side": "buy", "timestamp": 1765497068927}, {"id": "1010772287", "price": 136.54, "amount": 0.08, "side": "sell", "timestamp": 1765497069213}, {"id": "1010772288", "price": 136.55, "amount": 14.67, "side": "buy", "timestamp": 1765497069567}, {"id": "1010772289", "price": 136.55, "amount": 8.31, "side": "buy", "timestamp": 1765497069712}, {"id": "1010772290", "price": 136.56, "amount": 0.34, "side": "buy", "timestamp": 1765497070046}, {"id": "1010772291", "price": 136.56, "amount": 0.08, "side": "buy", "timestamp": 1765497070221}, {"id": "1010772292", "price": 136.55, "amount": 0.09, "side": "sell", "timestamp": 1765497071094}, {"id": "1010772293", "price": 136.56, "amount": 0.09, "side": "buy", "timestamp": 1765497071117}, {"id": "1010772294", "price": 136.56, "amount": 0.08, "side": "buy", "timestamp": 1765497072048}, {"id": "1010772295", "price": 136.56, "amount": 324.37, "side": "buy", "timestamp": 1765497072264}, {"id": "1010772296", "price": 136.56, "amount": 182.79, "side": "sell", "timestamp": 1765497072519}, {"id": "1010772297", "price": 136.57, "amount": 15.07, "side": "buy", "timestamp": 1765497072745}, {"id": "1010772298", "price": 136.56, "amount": 9.6, "side": "sell", "timestamp": 1765497072782}, {"id": "1010772299", "price": 136.57, "amount": 1.83, "side": "buy", "timestamp": 1765497072888}, {"id": "1010772300", "price": 136.56, "amount": 3.04, "side": "sell", "timestamp": 1765497073008}, {"id": "1010772301", "price": 136.56, "amount": 0.06, "side": "sell", "timestamp": 1765497073135}, {"id": "1010772302", "price": 136.57, "amount": 0.08, "side": "buy", "timestamp": 1765497073871}, {"id": "1010772303", "price": 136.56, "amount": 0.09, "side": "sell", "timestamp": 1765497074107}, {"id": "1010772304", "price": 136.57, "amount": 50.56, "side": "buy", "timestamp": 1765497074133}, {"id": "1010772305", "price": 136.56, "amount": 0.05, "side": "sell", "timestamp": 1765497074810}, {"id": "1010772306", "price": 136.57, "amount": 1.16, "side": "buy", "timestamp": 1765497075172}, {"id": "1010772307", "price": 136.57, "amount": 19.01, "side": "buy", "timestamp": 1765497075375}, {"id": "1010772308", "price": 136.57, "amount": 0.04, "side": "sell", "timestamp": 1765497075632}, {"id": "1010772309", "price": 136.58, "amount": 0.08, "side": "buy", "timestamp": 1765497075691}, {"id": "1010772310", "price": 136.57, "amount": 0.09, "side": "sell", "timestamp": 1765497076390}, {"id": "1010772473", "price": 136.6, "amount": 0.11, "side": "sell", "timestamp": 1765497114975}, {"id": "1010772474", "price": 136.61, "amount": 0.46, "side": "buy", "timestamp": 1765497115486}, {"id": "1010772475", "price": 136.61, "amount": 0.09, "side": "buy", "timestamp": 1765497115801}, {"id": "1010772476", "price": 136.6, "amount": 0.13, "side": "sell", "timestamp": 1765497116014}, {"id": "1010772477", "price": 136.61, "amount": 0.09, "side": "buy", "timestamp": 1765497116158}, {"id": "1010772478", "price": 136.6, "amount": 0.09, "side": "sell", "timestamp": 1765497116173}, {"id": "1010772479", "price": 136.61, "amount": 25.54, "side": "buy", "timestamp": 1765497116210}, {"id": "1010772480", "price": 136.61, "amount": 26.21, "side": "buy", "timestamp": 1765497116613}, {"id": "1010772481", "price": 136.62, "amount": 23.6, "side": "buy", "timestamp": 1765497116708}, {"id": "1010772482", "price": 136.63, "amount": 17.6, "side": "buy", "timestamp": 1765497116752}, {"id": "1010772483", "price": 136.64, "amount": 1.16, "side": "buy", "timestamp": 1765497117334}, {"id": "1010772484", "price": 136.64, "amount": 0.09, "side": "buy", "timestamp": 1765497117629}, {"id": "1010772485", "price": 136.63, "amount": 0.59, "side": "sell", "timestamp": 1765497118561}, {"id": "1010772486", "price": 136.64, "amount": 0.85, "side": "buy", "timestamp": 1765497119144}, {"id": "1010772487", "price": 136.63, "amount": 0.09, "side": "sell", "timestamp": 1765497119189}, {"id": "1010772488", "price": 136.64, "amount": 0.09, "side": "buy", "timestamp": 1765497119449}, {"id": "1010772489", "price": 136.63, "amount": 0.04, "side": "sell", "timestamp": 1765497119790}, {"id": "1010772490", "price": 136.64, "amount": 18.5, "side": "buy", "timestamp": 1765497120254}, {"id": "1010772491", "price": 136.64, "amount": 0.09, "side": "buy", "timestamp": 1765497121271}, {"id": "1010772492", "price": 136.64, "amount": 0.16, "side": "buy", "timestamp": 1765497121551}, {"id": "1010772493", "price": 136.64, "amount": 8.41, "side": "buy", "timestamp": 1765497121694}, {"id": "1010772494", "price": 136.63, "amount": 0.18, "side": "sell", "timestamp": 1765497121736}, {"id": "1010772495", "price": 136.64, "amount": 5.07, "side": "buy", "timestamp": 1765497122038}, {"id": "1010772496", "price": 136.64, "amount": 0.09, "side": "buy", "timestamp": 1765497122185}, {"id": "1010772497", "price": 136.63, "amount": 0.09, "side": "sell", "timestamp": 1765497122203}, {"id": "1010772498", "price": 136.63, "amount": 0.45, "side": "sell", "timestamp": 1765497122863}, {"id": "1010772499", "price": 136.64, "amount": 0.09, "side": "buy", "timestamp": 1765497123096}, {"id": "1010772500", "price": 136.64, "amount": 0.09, "side": "buy", "timestamp": 1765497123265}, {"id": "1010772501", "price": 136.64, "amount": 0.09, "side": "buy", "timestamp": 1765497123415}, {"id": "1010772502", "price": 136.64, "amount": 0.08, "side": "buy", "timestamp": 1765497123529}, {"id": "1010772503", "price": 136.63, "amount": 0.68, "side": "sell", "timestamp": 1765497123667}, {"id": "1010772504", "price": 136.64, "amount": 0.21, "side": "buy", "timestamp": 1765497124640}, {"id": "1010772505", "price": 136.64, "amount": 0.78, "side": "buy", "timestamp": 1765497124743}, {"id": "1010772506", "price": 136.64, "amount": 0.83, "side": "buy", "timestamp": 1765497124916}, {"id": "1010772507", "price": 136.63, "amount": 0.09, "side": "sell", "timestamp": 1765497125017}, {"id": "1010772508", "price": 136.64, "amount": 2.17, "side": "buy", "timestamp": 1765497125041}, {"id": "1010772509", "price": 136.64, "amount": 0.15, "side": "buy", "timestamp": 1765497125165}, {"id": "1010772510", "price": 136.64, "amount": 3.77, "side": "buy", "timestamp": 1765497125328}, {"id": "1010772511", "price": 136.64, "amount": 0.48, "side": "buy", "timestamp": 1765497125575}, {"id": "1010772512", "price": 136.64, "amount": 1.71, "side": "buy", "timestamp": 1765497125703}, {"id": "1010772513", "price": 136.64, "amount": 1.45, "side": "buy", "timestamp": 1765497125849}, {"id": "1010772514", "price": 136.64, "amount": 0.09, "side": "buy", "timestamp": 1765497126745}, {"id": "1010772515", "price": 136.64, "amount": 0.91, "side": "buy", "timestamp": 1765497127013}, {"id": "1010772516", "price": 136.63, "amount": 5.84, "side": "sell", "timestamp": 1765497127727}, {"id": "1010772517", "price": 136.64, "amount": 6.56, "side": "buy", "timestamp": 1765497127835}, {"id": "1010772518", "price": 136.64, "amount": 0.09, "side": "buy", "timestamp": 1765497128014}, {"id": "1010772519", "price": 136.63, "amount": 2.19, "side": "sell", "timestamp": 1765497128042}, {"id": "1010772520", "price": 136.64, "amount": 0.05, "side": "buy", "timestamp": 1765497128173}, {"id": "1010772521", "price": 136.64, "amount": 0.09, "side": "buy", "timestamp": 1765497128565}, {"id": "1010772522", "price": 136.64, "amount": 16.01, "side": "buy", "timestamp": 1765497129229}, {"id": "1010772708", "price": 136.48, "amount": 1.5, "side": "sell", "timestamp": 1765497169629}, {"id": "1010772709", "price": 136.48, "amount": 0.99, "side": "sell", "timestamp": 1765497169933}, {"id": "1010772710", "price": 136.48, "amount": 0.05, "side": "sell", "timestamp": 1765497170139}, {"id": "1010772711", "price": 136.49, "amount": 0.09, "side": "buy", "timestamp": 1765497170139}, {"id": "1010772712", "price": 136.49, "amount": 86.62, "side": "buy", "timestamp": 1765497170502}, {"id": "1010772713", "price": 136.48, "amount": 2.0, "side": "sell", "timestamp": 1765497170875}, {"id": "1010772714", "price": 136.48, "amount": 14.65, "side": "sell", "timestamp": 1765497171021}, {"id": "1010772715", "price": 136.48, "amount": 10.4, "side": "sell", "timestamp": 1765497171757}, {"id": "1010772716", "price": 136.48, "amount": 0.9, "side": "sell", "timestamp": 1765497171944}, {"id": "1010772717", "price": 136.49, "amount": 0.46, "side": "buy", "timestamp": 1765497172322}, {"id": "1010772718", "price": 136.49, "amount": 0.04, "side": "buy", "timestamp": 1765497173012}, {"id": "1010772719", "price": 136.48, "amount": 0.09, "side": "sell", "timestamp": 1765497173065}, {"id": "1010772720", "price": 136.49, "amount": 0.09, "side": "buy", "timestamp": 1765497173158}, {"id": "1010772721", "price": 136.49, "amount": 0.04, "side": "buy", "timestamp": 1765497173374}, {"id": "1010772722", "price": 136.49, "amount": 0.1, "side": "buy", "timestamp": 1765497173707}, {"id": "1010772723", "price": 136.49, "amount": 0.09, "side": "buy", "timestamp": 1765497174148}, {"id": "1010772724", "price": 136.48, "amount": 5.79, "side": "sell", "timestamp": 1765497174242}, {"id": "1010772725", "price": 136.48, "amount": 7.49, "side": "sell", "timestamp": 1765497175508}, {"id": "1010772726", "price": 136.49, "amount": 0.09, "side": "buy", "timestamp": 1765497175972}, {"id": "1010772727", "price": 136.48, "amount": 0.09, "side": "sell", "timestamp": 1765497176093}, {"id": "1010772728", "price": 136.49, "amount": 0.28, "side": "buy", "timestamp": 1765497176174}, {"id": "1010772729", "price": 136.48, "amount": 0.27, "side": "sell", "timestamp": 1765497176219}, {"id": "1010772730", "price": 136.49, "amount": 2.0, "side": "buy", "timestamp": 1765497176485}, {"id": "1010772731", "price": 136.48, "amount": 0.14, "side": "sell", "timestamp": 1765497176830}, {"id": "1010772732", "price": 136.49, "amount": 221.0, "side": "buy", "timestamp": 1765497176867}, {"id": "1010772733", "price": 136.49, "amount": 2.8, "side": "sell", "timestamp": 1765497177037}, {"id": "1010772734", "price": 136.49, "amount": 0.34, "side": "sell", "timestamp": 1765497177326}, {"id": "1010772735", "price": 136.5, "amount": 0.09, "side": "buy", "timestamp": 1765497177792}, {"id": "1010772736", "price": 136.49, "amount": 0.2, "side": "sell", "timestamp": 1765497177856}, {"id": "1010772737", "price": 136.5, "amount": 0.08, "side": "buy", "timestamp": 1765497178125}, {"id": "1010772738", "price": 136.5, "amount": 0.08, "side": "buy", "timestamp": 1765497178597}, {"id": "1010772739", "price": 136.49, "amount": 0.09, "side": "sell", "timestamp": 1765497179138}, {"id": "1010772740", "price": 136.5, "amount": 0.09, "side": "buy", "timestamp": 1765497179202}, {"id": "1010772741", "price": 136.5, "amount": 0.09, "side": "buy", "timestamp": 1765497179617}, {"id": "1010772742", "price": 136.49, "amount": 20.51, "side": "sell", "timestamp": 1765497180222}, {"id": "1010772743", "price": 136.5, "amount": 3.66, "side": "buy", "timestamp": 1765497180288}, {"id": "1010772744", "price": 136.5, "amount": 0.06, "side": "buy", "timestamp": 1765497180779}, {"id": "1010772745", "price": 136.5, "amount": 283.49, "side": "buy", "timestamp": 1765497180880}, {"id": "1010772746", "price": 136.51, "amount": 71.95, "side": "buy", "timestamp": 1765497180882}, {"id": "1010772747", "price": 136.51, "amount": 0.12, "side": "sell", "timestamp": 1765497180977}, {"id": "1010772748", "price": 136.51, "amount": 0.13, "side": "sell", "timestamp": 1765497181171}, {"id": "1010772749", "price": 136.51, "amount": 24.44, "side": "sell", "timestamp": 1765497181279}, {"id": "1010772750", "price": 136.51, "amount": 0.09, "side": "buy", "timestamp": 1765497181441}, {"id": "1010772751", "price": 136.5, "amount": 2.08, "side": "sell", "timestamp": 1765497181470}, {"id": "1010772752", "price": 136.5, "amount": 0.06, "side": "buy", "timestamp": 1765497181835}, {"id": "1010772753", "price": 136.49, "amount": 0.44, "side": "sell", "timestamp": 1765497181840}, {"id": "1010772754", "price": 136.5, "amount": 0.09, "side": "buy", "timestamp": 1765497182034}, {"id": "1010772755", "price": 136.5, "amount": 7.05, "side": "buy", "timestamp": 1765497182189}, {"id": "1010772756", "price": 136.49, "amount": 0.09, "side": "sell", "timestamp": 1765497182196}, {"id": "1010772757", "price": 136.49, "amount": 0.79, "side": "sell", "timestamp": 1765497182302}, {"id": "1010772927", "price": 136.33, "amount": 0.71, "side": "sell", "timestamp": 1765497223353}, {"id": "1010772928", "price": 136.34, "amount": 0.09, "side": "buy", "timestamp": 1765497223376}, {"id": "1010772929", "price": 136.34, "amount": 0.09, "side": "buy", "timestamp": 1765497224137}, {"id": "1010772930", "price": 136.33, "amount": 0.09, "side": "sell", "timestamp": 1765497224153}, {"id": "1010772931", "price": 136.33, "amount": 10.83, "side": "sell", "timestamp": 1765497225038}, {"id": "1010772932", "price": 136.34, "amount": 3.91, "side": "buy", "timestamp": 1765497225142}, {"id": "1010772933", "price": 136.34, "amount": 0.14, "side": "buy", "timestamp": 1765497225275}, {"id": "1010772934", "price": 136.33, "amount": 92.77, "side": "sell", "timestamp": 1765497225577}, {"id": "1010772935", "price": 136.33, "amount": 8.85, "side": "sell", "timestamp": 1765497226084}, {"id": "1010772936", "price": 136.34, "amount": 0.09, "side": "buy", "timestamp": 1765497227019}, {"id": "1010772937", "price": 136.34, "amount": 0.09, "side": "buy", "timestamp": 1765497227150}, {"id": "1010772938", "price": 136.33, "amount": 0.09, "side": "sell", "timestamp": 1765497227171}, {"id": "1010772939", "price": 136.33, "amount": 34.65, "side": "sell", "timestamp": 1765497228015}, {"id": "1010772940", "price": 136.32, "amount": 37.15, "side": "sell", "timestamp": 1765497228182}, {"id": "1010772941", "price": 136.32, "amount": 0.09, "side": "buy", "timestamp": 1765497228636}, {"id": "1010772942", "price": 136.32, "amount": 1.18, "side": "buy", "timestamp": 1765497228765}, {"id": "1010772943", "price": 136.31, "amount": 0.09, "side": "sell", "timestamp": 1765497228806}, {"id": "1010772944", "price": 136.32, "amount": 0.28, "side": "buy", "timestamp": 1765497228842}, {"id": "1010772945", "price": 136.31, "amount": 38.13, "side": "sell", "timestamp": 1765497229081}, {"id": "1010772946", "price": 136.3, "amount": 0.58, "side": "sell", "timestamp": 1765497229280}, {"id": "1010772947", "price": 136.3, "amount": 0.24, "side": "sell", "timestamp": 1765497229623}, {"id": "1010772948", "price": 136.3, "amount": 0.54, "side": "sell", "timestamp": 1765497229890}, {"id": "1010772949", "price": 136.31, "amount": 0.16, "side": "buy", "timestamp": 1765497230108}, {"id": "1010772950", "price": 136.3, "amount": 0.09, "side": "sell", "timestamp": 1765497230195}, {"id": "1010772951", "price": 136.31, "amount": 0.09, "side": "buy", "timestamp": 1765497230666}, {"id": "1010772952", "price": 136.3, "amount": 18.95, "side": "sell", "timestamp": 1765497231022}, {"id": "1010772953", "price": 136.3, "amount": 1.17, "side": "sell", "timestamp": 1765497231148}, {"id": "1010772954", "price": 136.31, "amount": 353.02, "side": "buy", "timestamp": 1765497231243}, {"id": "1010772955", "price": 136.31, "amount": 0.15, "side": "sell", "timestamp": 1765497231246}, {"id": "1010772956", "price": 136.32, "amount": 0.09, "side": "buy", "timestamp": 1765497231286}, {"id": "1010772957", "price": 136.31, "amount": 67.66, "side": "sell", "timestamp": 1765497231368}, {"id": "1010772958", "price": 136.31, "amount": 5.84, "side": "sell", "timestamp": 1765497231595}, {"id": "1010772959", "price": 136.31, "amount": 0.95, "side": "sell", "timestamp": 1765497231745}, {"id": "1010772960", "price": 136.31, "amount": 40.0, "side": "sell", "timestamp": 1765497232428}, {"id": "1010772961", "price": 136.32, "amount": 0.09, "side": "buy", "timestamp": 1765497232493}, {"id": "1010772962", "price": 136.32, "amount": 0.08, "side": "buy", "timestamp": 1765497232728}, {"id": "1010772963", "price": 136.31, "amount": 2.67, "side": "sell", "timestamp": 1765497232853}, {"id": "1010772964", "price": 136.31, "amount": 0.09, "side": "sell", "timestamp": 1765497233008}, {"id": "1010772965", "price": 136.32, "amount": 0.15, "side": "buy", "timestamp": 1765497233065}, {"id": "1010772966", "price": 136.31, "amount": 11.14, "side": "sell", "timestamp": 1765497233116}, {"id": "1010772967", "price": 136.32, "amount": 0.09, "side": "buy", "timestamp": 1765497233175}, {"id": "1010772968", "price": 136.31, "amount": 0.11, "side": "sell", "timestamp": 1765497233663}, {"id": "1010772969", "price": 136.32, "amount": 239.56, "side": "buy", "timestamp": 1765497233678}, {"id": "1010772970", "price": 136.33, "amount": 0.09, "side": "buy", "timestamp": 1765497234317}, {"id": "1010772971", "price": 136.32, "amount": 0.34, "side": "sell", "timestamp": 1765497234695}, {"id": "1010772972", "price": 136.33, "amount": 0.06, "side": "buy", "timestamp": 1765497234993}, {"id": "1010772973", "price": 136.32, "amount": 93.1, "side": "sell", "timestamp": 1765497235391}, {"id": "1010772974", "price": 136.33, "amount": 0.27, "side": "buy", "timestamp": 1765497235521}, {"id": "1010772975", "price": 136.32, "amount": 5.1, "side": "sell", "timestamp": 1765497235524}, {"id": "1010772976", "price": 136.33, "amount": 3.36, "side": "buy", "timestamp": 1765497235727}, {"id": "1010773243", "price": 136.12, "amount": 19.49, "side": "buy", "timestamp": 1765497277944}, {"id": "1010773244", "price": 136.12, "amount": 0.15, "side": "sell", "timestamp": 1765497277946}, {"id": "1010773245", "price": 136.13, "amount": 53.57, "side": "buy", "timestamp": 1765497278059}, {"id": "1010773246", "price": 136.14, "amount": 7.85, "side": "buy", "timestamp": 1765497278074}, {"id": "1010773247", "price": 136.13, "amount": 0.09, "side": "sell", "timestamp": 1765497278199}, {"id": "1010773248", "price": 136.14, "amount": 0.09, "side": "buy", "timestamp": 1765497278201}, {"id": "1010773249", "price": 136.13, "amount": 0.22, "side": "sell", "timestamp": 1765497278326}, {"id": "1010773250", "price": 136.14, "amount": 55.25, "side": "buy", "timestamp": 1765497278929}, {"id": "1010773251", "price": 136.14, "amount": 7.18, "side": "buy", "timestamp": 1765497279144}, {"id": "1010773252", "price": 136.13, "amount": 0.45, "side": "sell", "timestamp": 1765497279266}, {"id": "1010773253", "price": 136.14, "amount": 120.73, "side": "buy", "timestamp": 1765497279317}, {"id": "1010773254", "price": 136.14, "amount": 0.09, "side": "buy", "timestamp": 1765497279896}, {"id": "1010773255", "price": 136.14, "amount": 7.19, "side": "buy", "timestamp": 1765497280081}, {"id": "1010773256", "price": 136.13, "amount": 77.28, "side": "sell", "timestamp": 1765497280250}, {"id": "1010773257", "price": 136.14, "amount": 0.05, "side": "buy", "timestamp": 1765497280895}, {"id": "1010773258", "price": 136.13, "amount": 0.09, "side": "sell", "timestamp": 1765497281033}, {"id": "1010773259", "price": 136.14, "amount": 7.28, "side": "buy", "timestamp": 1765497281033}, {"id": "1010773260", "price": 136.13, "amount": 40.4, "side": "sell", "timestamp": 1765497281258}, {"id": "1010773261", "price": 136.13, "amount": 1.0, "side": "sell", "timestamp": 1765497281435}, {"id": "1010773262", "price": 136.14, "amount": 100.09, "side": "buy", "timestamp": 1765497281716}, {"id": "1010773263", "price": 136.14, "amount": 7.2, "side": "buy", "timestamp": 1765497282024}, {"id": "1010773264", "price": 136.13, "amount": 151.92, "side": "sell", "timestamp": 1765497282161}, {"id": "1010773265", "price": 136.14, "amount": 0.19, "side": "buy", "timestamp": 1765497282365}, {"id": "1010773266", "price": 136.14, "amount": 37.2, "side": "buy", "timestamp": 1765497282965}, {"id": "1010773267", "price": 136.13, "amount": 32.32, "side": "sell", "timestamp": 1765497282996}, {"id": "1010773268", "price": 136.13, "amount": 0.25, "side": "sell", "timestamp": 1765497283143}, {"id": "1010773269", "price": 136.13, "amount": 1.0, "side": "sell", "timestamp": 1765497283567}, {"id": "1010773270", "price": 136.14, "amount": 0.09, "side": "buy", "timestamp": 1765497283584}, {"id": "1010773271", "price": 136.14, "amount": 7.2, "side": "buy", "timestamp": 1765497284029}, {"id": "1010773272", "price": 136.13, "amount": 0.09, "side": "sell", "timestamp": 1765497284078}, {"id": "1010773273", "price": 136.14, "amount": 0.09, "side": "buy", "timestamp": 1765497284079}, {"id": "1010773274", "price": 136.13, "amount": 0.12, "side": "sell", "timestamp": 1765497284296}, {"id": "1010773275", "price": 136.14, "amount": 0.13, "side": "buy", "timestamp": 1765497284327}, {"id": "1010773276", "price": 136.13, "amount": 129.63, "side": "sell", "timestamp": 1765497284484}, {"id": "1010773277", "price": 136.14, "amount": 0.1, "side": "buy", "timestamp": 1765497285366}, {"id": "1010773278", "price": 136.14, "amount": 1081.89, "side": "buy", "timestamp": 1765497286643}, {"id": "1010773279", "price": 136.15, "amount": 58.73, "side": "buy", "timestamp": 1765497286693}, {"id": "1010773280", "price": 136.15, "amount": 0.16, "side": "sell", "timestamp": 1765497286728}, {"id": "1010773281", "price": 136.16, "amount": 9.37, "side": "buy", "timestamp": 1765497286748}, {"id": "1010773282", "price": 136.17, "amount": 0.07, "side": "buy", "timestamp": 1765497286894}, {"id": "1010773283", "price": 136.16, "amount": 0.43, "side": "sell", "timestamp": 1765497287014}, {"id": "1010773284", "price": 136.16, "amount": 0.09, "side": "sell", "timestamp": 1765497287136}, {"id": "1010773285", "price": 136.17, "amount": 0.18, "side": "buy", "timestamp": 1765497287177}, {"id": "1010773286", "price": 136.17, "amount": 0.09, "side": "buy", "timestamp": 1765497287330}, {"id": "1010773287", "price": 136.17, "amount": 734.7, "side": "buy", "timestamp": 1765497287504}, {"id": "1010773288", "price": 136.18, "amount": 0.06, "side": "buy", "timestamp": 1765497287900}, {"id": "1010773289", "price": 136.17, "amount": 0.46, "side": "sell", "timestamp": 1765497288002}, {"id": "1010773290", "price": 136.17, "amount": 0.09, "side": "sell", "timestamp": 1765497288199}, {"id": "1010773291", "price": 136.17, "amount": 364.11, "side": "sell", "timestamp": 1765497288615}, {"id": "1010773292", "price": 136.17, "amount": 0.15, "side": "buy", "timestamp": 1765497288916}, {"id": "1010773505", "price": 136.27, "amount": 0.09, "side": "buy", "timestamp": 1765497330947}, {"id": "1010773506", "price": 136.27, "amount": 29.67, "side": "buy", "timestamp": 1765497331272}, {"id": "1010773507", "price": 136.27, "amount": 0.57, "side": "buy", "timestamp": 1765497331589}, {"id": "1010773508", "price": 136.27, "amount": 30.85, "side": "buy", "timestamp": 1765497331776}, {"id": "1010773509", "price": 136.27, "amount": 0.07, "side": "sell", "timestamp": 1765497332087}, {"id": "1010773510", "price": 136.28, "amount": 0.09, "side": "buy", "timestamp": 1765497332101}, {"id": "1010773511", "price": 136.27, "amount": 0.09, "side": "sell", "timestamp": 1765497332141}, {"id": "1010773512", "price": 136.28, "amount": 8.22, "side": "buy", "timestamp": 1765497332272}, {"id": "1010773513", "price": 136.27, "amount": 2.88, "side": "sell", "timestamp": 1765497332310}, {"id": "1010773514", "price": 136.28, "amount": 17.26, "side": "buy", "timestamp": 1765497332526}, {"id": "1010773515", "price": 136.28, "amount": 0.09, "side": "buy", "timestamp": 1765497332767}, {"id": "1010773516", "price": 136.28, "amount": 46.25, "side": "buy", "timestamp": 1765497332946}, {"id": "1010773517", "price": 136.29, "amount": 0.04, "side": "buy", "timestamp": 1765497333777}, {"id": "1010773518", "price": 136.29, "amount": 5.67, "side": "buy", "timestamp": 1765497333984}, {"id": "1010773519", "price": 136.29, "amount": 0.09, "side": "buy", "timestamp": 1765497334590}, {"id": "1010773520", "price": 136.29, "amount": 0.09, "side": "buy", "timestamp": 1765497334738}, {"id": "1010773521", "price": 136.29, "amount": 0.09, "side": "buy", "timestamp": 1765497335128}, {"id": "1010773522", "price": 136.28, "amount": 0.09, "side": "sell", "timestamp": 1765497335155}, {"id": "1010773523", "price": 136.28, "amount": 68.05, "side": "sell", "timestamp": 1765497335413}, {"id": "1010773524", "price": 136.28, "amount": 0.14, "side": "buy", "timestamp": 1765497335774}, {"id": "1010773525", "price": 136.27, "amount": 14.48, "side": "sell", "timestamp": 1765497336003}, {"id": "1010773526", "price": 136.28, "amount": 0.59, "side": "buy", "timestamp": 1765497336324}, {"id": "1010773527", "price": 136.27, "amount": 57.73, "side": "sell", "timestamp": 1765497336625}, {"id": "1010773528", "price": 136.26, "amount": 25.71, "side": "sell", "timestamp": 1765497336634}, {"id": "1010773529", "price": 136.25, "amount": 2.21, "side": "sell", "timestamp": 1765497336823}, {"id": "1010773530", "price": 136.26, "amount": 4.32, "side": "buy", "timestamp": 1765497336858}, {"id": "1010773531", "price": 136.26, "amount": 80.15, "side": "buy", "timestamp": 1765497337342}, {"id": "1010773532", "price": 136.25, "amount": 7.62, "side": "sell", "timestamp": 1765497337865}, {"id": "1010773533", "price": 136.26, "amount": 0.09, "side": "buy", "timestamp": 1765497338008}, {"id": "1010773534", "price": 136.25, "amount": 14.28, "side": "sell", "timestamp": 1765497338179}, {"id": "1010773535", "price": 136.26, "amount": 0.09, "side": "buy", "timestamp": 1765497338240}, {"id": "1010773536", "price": 136.26, "amount": 0.1, "side": "buy", "timestamp": 1765497339064}, {"id": "1010773537", "price": 136.25, "amount": 0.56, "side": "sell", "timestamp": 1765497339616}, {"id": "1010773538", "price": 136.26, "amount": 0.09, "side": "buy", "timestamp": 1765497340062}, {"id": "1010773539", "price": 136.25, "amount": 0.73, "side": "sell", "timestamp": 1765497340361}, {"id": "1010773540", "price": 136.26, "amount": 0.5, "side": "buy", "timestamp": 1765497340452}, {"id": "1010773541", "price": 136.26, "amount": 0.09, "side": "buy", "timestamp": 1765497341040}, {"id": "1010773542", "price": 136.26, "amount": 102.35, "side": "buy", "timestamp": 1765497341176}, {"id": "1010773543", "price": 136.27, "amount": 10.7, "side": "buy", "timestamp": 1765497341223}, {"id": "1010773544", "price": 136.27, "amount": 0.09, "side": "sell", "timestamp": 1765497341255}, {"id": "1010773545", "price": 136.27, "amount": 1.0, "side": "sell", "timestamp": 1765497341454}, {"id": "1010773546", "price": 136.28, "amount": 0.09, "side": "buy", "timestamp": 1765497341886}, {"id": "1010773547", "price": 136.27, "amount": 141.02, "side": "sell", "timestamp": 1765497341893}, {"id": "1010773548", "price": 136.26, "amount": 1.57, "side": "sell", "timestamp": 1765497341898}, {"id": "1010773549", "price": 136.26, "amount": 0.09, "side": "buy", "timestamp": 1765497341931}, {"id": "1010773550", "price": 136.26, "amount": 0.06, "side": "buy", "timestamp": 1765497342069}, {"id": "1010773551", "price": 136.25, "amount": 41.06, "side": "sell", "timestamp": 1765497342098}, {"id": "1010773552", "price": 136.25, "amount": 0.26, "side": "buy", "timestamp": 1765497342464}, {"id": "1010773553", "price": 136.25, "amount": 7.33, "side": "buy", "timestamp": 1765497342902}, {"id": "1010773554", "price": 136.24, "amount": 7.31, "side": "sell", "timestamp": 1765497343605}, {"id": "1010773688", "price": 136.24, "amount": 0.04, "side": "buy", "timestamp": 1765497381005}, {"id": "1010773689", "price": 136.24, "amount": 146.51, "side": "buy", "timestamp": 1765497381284}, {"id": "1010773690", "price": 136.25, "amount": 14.67, "side": "buy", "timestamp": 1765497381441}, {"id": "1010773691", "price": 136.24, "amount": 103.75, "side": "sell", "timestamp": 1765497381639}, {"id": "1010773692", "price": 136.25, "amount": 4.02, "side": "buy", "timestamp": 1765497381672}, {"id": "1010773693", "price": 136.24, "amount": 0.06, "side": "sell", "timestamp": 1765497382521}, {"id": "1010773694", "price": 136.25, "amount": 0.09, "side": "buy", "timestamp": 1765497383059}, {"id": "1010773695", "price": 136.24, "amount": 0.09, "side": "sell", "timestamp": 1765497383086}, {"id": "1010773696", "price": 136.25, "amount": 0.73, "side": "buy", "timestamp": 1765497383097}, {"id": "1010773697", "price": 136.25, "amount": 0.09, "side": "buy", "timestamp": 1765497383722}, {"id": "1010773698", "price": 136.25, "amount": 0.08, "side": "buy", "timestamp": 1765497383944}, {"id": "1010773699", "price": 136.25, "amount": 154.56, "side": "buy", "timestamp": 1765497384167}, {"id": "1010773700", "price": 136.26, "amount": 59.52, "side": "buy", "timestamp": 1765497384382}, {"id": "1010773701", "price": 136.27, "amount": 1.91, "side": "buy", "timestamp": 1765497384877}, {"id": "1010773702", "price": 136.26, "amount": 363.77, "side": "sell", "timestamp": 1765497385410}, {"id": "1010773703", "price": 136.25, "amount": 0.22, "side": "sell", "timestamp": 1765497385541}, {"id": "1010773704", "price": 136.26, "amount": 0.09, "side": "buy", "timestamp": 1765497386101}, {"id": "1010773705", "price": 136.25, "amount": 0.09, "side": "sell", "timestamp": 1765497386106}, {"id": "1010773706", "price": 136.25, "amount": 3.01, "side": "sell", "timestamp": 1765497386882}, {"id": "1010773707", "price": 136.26, "amount": 0.5, "side": "buy", "timestamp": 1765497387046}, {"id": "1010773708", "price": 136.26, "amount": 0.22, "side": "buy", "timestamp": 1765497387290}, {"id": "1010773709", "price": 136.25, "amount": 32.59, "side": "sell", "timestamp": 1765497388361}, {"id": "1010773710", "price": 136.26, "amount": 0.09, "side": "buy", "timestamp": 1765497389111}, {"id": "1010773711", "price": 136.25, "amount": 0.09, "side": "sell", "timestamp": 1765497389123}, {"id": "1010773712", "price": 136.26, "amount": 163.03, "side": "buy", "timestamp": 1765497389199}, {"id": "1010773713", "price": 136.27, "amount": 142.1, "side": "buy", "timestamp": 1765497389199}, {"id": "1010773714", "price": 136.27, "amount": 5.06, "side": "buy", "timestamp": 1765497389438}, {"id": "1010773715", "price": 136.27, "amount": 0.05, "side": "buy", "timestamp": 1765497389848}, {"id": "1010773716", "price": 136.27, "amount": 8.92, "side": "buy", "timestamp": 1765497390470}, {"id": "1010773717", "price": 136.26, "amount": 0.22, "side": "sell", "timestamp": 1765497390644}, {"id": "1010773718", "price": 136.27, "amount": 0.08, "side": "buy", "timestamp": 1765497390698}, {"id": "1010773719", "price": 136.27, "amount": 122.86, "side": "buy", "timestamp": 1765497390968}, {"id": "1010773720", "price": 136.28, "amount": 29.86, "side": "buy", "timestamp": 1765497390983}, {"id": "1010773721", "price": 136.29, "amount": 38.17, "side": "buy", "timestamp": 1765497391017}, {"id": "1010773722", "price": 136.3, "amount": 272.38, "side": "buy", "timestamp": 1765497391032}, {"id": "1010773723", "price": 136.31, "amount": 153.8, "side": "buy", "timestamp": 1765497391296}, {"id": "1010773724", "price": 136.31, "amount": 6.38, "side": "buy", "timestamp": 1765497391635}, {"id": "1010773725", "price": 136.3, "amount": 55.41, "side": "sell", "timestamp": 1765497392030}, {"id": "1010773726", "price": 136.31, "amount": 0.09, "side": "buy", "timestamp": 1765497392149}, {"id": "1010773727", "price": 136.3, "amount": 0.09, "side": "sell", "timestamp": 1765497392152}, {"id": "1010773728", "price": 136.31, "amount": 0.05, "side": "buy", "timestamp": 1765497394972}, {"id": "1010773729", "price": 136.31, "amount": 0.09, "side": "buy", "timestamp": 1765497395159}, {"id": "1010773730", "price": 136.3, "amount": 0.09, "side": "sell", "timestamp": 1765497395187}, {"id": "1010773731", "price": 136.31, "amount": 0.32, "side": "buy", "timestamp": 1765497395263}, {"id": "1010773732", "price": 136.31, "amount": 0.1, "side": "buy", "timestamp": 1765497395405}, {"id": "1010773733", "price": 136.31, "amount": 0.06, "side": "buy", "timestamp": 1765497395740}, {"id": "1010773734", "price": 136.31, "amount": 13.88, "side": "buy", "timestamp": 1765497395894}, {"id": "1010773735", "price": 136.31, "amount": 0.04, "side": "buy", "timestamp": 1765497396349}, {"id": "1010773736", "price": 136.3, "amount": 99.0, "side": "sell", "timestamp": 1765497396571}, {"id": "1010773737", "price": 136.31, "amount": 3.66, "side": "buy", "timestamp": 1765497396768}, {"id": "1010773854", "price": 136.34, "amount": 0.26, "side": "buy", "timestamp": 1765497435380}, {"id": "1010773855", "price": 136.33, "amount": 2.12, "side": "sell", "timestamp": 1765497436124}, {"id": "1010773856", "price": 136.34, "amount": 136.68, "side": "buy", "timestamp": 1765497436175}, {"id": "1010773857", "price": 136.35, "amount": 53.01, "side": "buy", "timestamp": 1765497436185}, {"id": "1010773858", "price": 136.35, "amount": 68.39, "side": "sell", "timestamp": 1765497436905}, {"id": "1010773859", "price": 136.34, "amount": 4.42, "side": "sell", "timestamp": 1765497436933}, {"id": "1010773860", "price": 136.34, "amount": 0.09, "side": "buy", "timestamp": 1765497437102}, {"id": "1010773861", "price": 136.33, "amount": 0.09, "side": "sell", "timestamp": 1765497437139}, {"id": "1010773862", "price": 136.33, "amount": 10.0, "side": "sell", "timestamp": 1765497437941}, {"id": "1010773863", "price": 136.34, "amount": 5.64, "side": "buy", "timestamp": 1765497438025}, {"id": "1010773864", "price": 136.33, "amount": 748.15, "side": "sell", "timestamp": 1765497438091}, {"id": "1010773865", "price": 136.32, "amount": 52.28, "side": "sell", "timestamp": 1765497438202}, {"id": "1010773866", "price": 136.32, "amount": 0.13, "side": "buy", "timestamp": 1765497438211}, {"id": "1010773867", "price": 136.31, "amount": 53.39, "side": "sell", "timestamp": 1765497438516}, {"id": "1010773868", "price": 136.31, "amount": 3.75, "side": "buy", "timestamp": 1765497438942}, {"id": "1010773869", "price": 136.3, "amount": 5.0, "side": "sell", "timestamp": 1765497439987}, {"id": "1010773870", "price": 136.31, "amount": 0.11, "side": "buy", "timestamp": 1765497440024}, {"id": "1010773871", "price": 136.31, "amount": 0.09, "side": "buy", "timestamp": 1765497440148}, {"id": "1010773872", "price": 136.3, "amount": 0.09, "side": "sell", "timestamp": 1765497440203}, {"id": "1010773873", "price": 136.31, "amount": 0.24, "side": "buy", "timestamp": 1765497440554}, {"id": "1010773874", "price": 136.3, "amount": 1.0, "side": "sell", "timestamp": 1765497440873}, {"id": "1010773875", "price": 136.31, "amount": 82.52, "side": "buy", "timestamp": 1765497441517}, {"id": "1010773876", "price": 136.3, "amount": 1.28, "side": "sell", "timestamp": 1765497441569}, {"id": "1010773877", "price": 136.3, "amount": 2.0, "side": "sell", "timestamp": 1765497442347}, {"id": "1010773878", "price": 136.31, "amount": 7.24, "side": "buy", "timestamp": 1765497442398}, {"id": "1010773879", "price": 136.31, "amount": 7.24, "side": "buy", "timestamp": 1765497442602}, {"id": "1010773880", "price": 136.3, "amount": 0.09, "side": "sell", "timestamp": 1765497443032}, {"id": "1010773881", "price": 136.31, "amount": 0.09, "side": "buy", "timestamp": 1765497443188}, {"id": "1010773882", "price": 136.3, "amount": 8.68, "side": "sell", "timestamp": 1765497443512}, {"id": "1010773883", "price": 136.29, "amount": 6.39, "side": "sell", "timestamp": 1765497443601}, {"id": "1010773884", "price": 136.28, "amount": 30.41, "side": "sell", "timestamp": 1765497443956}, {"id": "1010773885", "price": 136.28, "amount": 3.79, "side": "sell", "timestamp": 1765497444198}, {"id": "1010773886", "price": 136.27, "amount": 3.05, "side": "sell", "timestamp": 1765497444273}, {"id": "1010773887", "price": 136.26, "amount": 0.11, "side": "sell", "timestamp": 1765497444287}, {"id": "1010773888", "price": 136.27, "amount": 0.22, "side": "buy", "timestamp": 1765497444737}, {"id": "1010773889", "price": 136.26, "amount": 12.45, "side": "sell", "timestamp": 1765497445994}, {"id": "1010773890", "price": 136.27, "amount": 0.09, "side": "buy", "timestamp": 1765497446051}, {"id": "1010773891", "price": 136.26, "amount": 0.09, "side": "sell", "timestamp": 1765497446111}, {"id": "1010773892", "price": 136.26, "amount": 17.77, "side": "sell", "timestamp": 1765497446233}, {"id": "1010773893", "price": 136.25, "amount": 2.21, "side": "sell", "timestamp": 1765497446315}, {"id": "1010773894", "price": 136.25, "amount": 25.71, "side": "sell", "timestamp": 1765497446538}, {"id": "1010773895", "price": 136.25, "amount": 2.0, "side": "buy", "timestamp": 1765497447457}, {"id": "1010773896", "price": 136.25, "amount": 128.45, "side": "buy", "timestamp": 1765497448427}, {"id": "1010773897", "price": 136.26, "amount": 20.0, "side": "buy", "timestamp": 1765497448968}, {"id": "1010773898", "price": 136.26, "amount": 0.09, "side": "buy", "timestamp": 1765497449104}, {"id": "1010773899", "price": 136.25, "amount": 0.09, "side": "sell", "timestamp": 1765497449141}, {"id": "1010773900", "price": 136.26, "amount": 1.0, "side": "buy", "timestamp": 1765497449598}, {"id": "1010773901", "price": 136.26, "amount": 9.95, "side": "buy", "timestamp": 1765497450005}, {"id": "1010773902", "price": 136.26, "amount": 5.92, "side": "buy", "timestamp": 1765497450144}, {"id": "1010773903", "price": 136.26, "amount": 153.19, "side": "sell", "timestamp": 1765497450153}, {"id": "1010774024", "price": 136.26, "amount": 0.36, "side": "buy", "timestamp": 1765497485617}, {"id": "1010774025", "price": 136.26, "amount": 0.21, "side": "buy", "timestamp": 1765497486171}, {"id": "1010774026", "price": 136.25, "amount": 6.45, "side": "sell", "timestamp": 1765497486665}, {"id": "1010774027", "price": 136.25, "amount": 7.25, "side": "sell", "timestamp": 1765497486836}, {"id": "1010774028", "price": 136.25, "amount": 69.65, "side": "sell", "timestamp": 1765497487480}, {"id": "1010774029", "price": 136.26, "amount": 0.04, "side": "buy", "timestamp": 1765497487815}, {"id": "1010774030", "price": 136.26, "amount": 0.09, "side": "buy", "timestamp": 1765497488119}, {"id": "1010774031", "price": 136.25, "amount": 0.09, "side": "sell", "timestamp": 1765497488145}, {"id": "1010774032", "price": 136.26, "amount": 0.04, "side": "buy", "timestamp": 1765497489198}, {"id": "1010774033", "price": 136.26, "amount": 0.14, "side": "buy", "timestamp": 1765497489402}, {"id": "1010774034", "price": 136.25, "amount": 0.15, "side": "sell", "timestamp": 1765497489729}, {"id": "1010774035", "price": 136.25, "amount": 0.1, "side": "sell", "timestamp": 1765497489929}, {"id": "1010774036", "price": 136.26, "amount": 0.09, "side": "buy", "timestamp": 1765497491129}, {"id": "1010774037", "price": 136.25, "amount": 0.09, "side": "sell", "timestamp": 1765497491161}, {"id": "1010774038", "price": 136.26, "amount": 0.41, "side": "buy", "timestamp": 1765497491238}, {"id": "1010774039", "price": 136.26, "amount": 0.17, "side": "buy", "timestamp": 1765497491725}, {"id": "1010774040", "price": 136.25, "amount": 0.1, "side": "sell", "timestamp": 1765497492015}, {"id": "1010774041", "price": 136.25, "amount": 0.07, "side": "sell", "timestamp": 1765497492615}, {"id": "1010774042", "price": 136.26, "amount": 36.47, "side": "buy", "timestamp": 1765497493199}, {"id": "1010774043", "price": 136.25, "amount": 0.66, "side": "sell", "timestamp": 1765497493440}, {"id": "1010774044", "price": 136.26, "amount": 0.05, "side": "buy", "timestamp": 1765497493894}, {"id": "1010774045", "price": 136.26, "amount": 0.09, "side": "buy", "timestamp": 1765497494140}, {"id": "1010774046", "price": 136.25, "amount": 0.09, "side": "sell", "timestamp": 1765497494178}, {"id": "1010774047", "price": 136.25, "amount": 218.72, "side": "sell", "timestamp": 1765497494703}, {"id": "1010774048", "price": 136.24, "amount": 0.77, "side": "sell", "timestamp": 1765497494946}, {"id": "1010774049", "price": 136.25, "amount": 0.08, "side": "buy", "timestamp": 1765497495757}, {"id": "1010774050", "price": 136.25, "amount": 0.21, "side": "buy", "timestamp": 1765497496394}, {"id": "1010774051", "price": 136.25, "amount": 0.13, "side": "buy", "timestamp": 1765497496523}, {"id": "1010774052", "price": 136.24, "amount": 210.43, "side": "sell", "timestamp": 1765497496832}, {"id": "1010774053", "price": 136.23, "amount": 229.43, "side": "sell", "timestamp": 1765497496832}, {"id": "1010774054", "price": 136.23, "amount": 0.09, "side": "sell", "timestamp": 1765497497019}, {"id": "1010774055", "price": 136.24, "amount": 0.09, "side": "buy", "timestamp": 1765497497154}, {"id": "1010774056", "price": 136.24, "amount": 29.24, "side": "buy", "timestamp": 1765497498030}, {"id": "1010774057", "price": 136.23, "amount": 6.46, "side": "sell", "timestamp": 1765497498683}, {"id": "1010774058", "price": 136.24, "amount": 0.23, "side": "buy", "timestamp": 1765497498710}, {"id": "1010774059", "price": 136.24, "amount": 0.05, "side": "buy", "timestamp": 1765497498894}, {"id": "1010774060", "price": 136.23, "amount": 0.33, "side": "sell", "timestamp": 1765497499129}, {"id": "1010774061", "price": 136.23, "amount": 0.09, "side": "sell", "timestamp": 1765497500033}, {"id": "1010774062", "price": 136.24, "amount": 0.09, "side": "buy", "timestamp": 1765497500164}, {"id": "1010774063", "price": 136.23, "amount": 0.07, "side": "sell", "timestamp": 1765497500301}, {"id": "1010774064", "price": 136.23, "amount": 5.75, "side": "sell", "timestamp": 1765497500690}, {"id": "1010774065", "price": 136.24, "amount": 0.07, "side": "buy", "timestamp": 1765497500981}, {"id": "1010774066", "price": 136.23, "amount": 3.66, "side": "sell", "timestamp": 1765497501204}, {"id": "1010774067", "price": 136.23, "amount": 23.45, "side": "sell", "timestamp": 1765497502267}, {"id": "1010774068", "price": 136.23, "amount": 73.6, "side": "sell", "timestamp": 1765497502439}, {"id": "1010774069", "price": 136.24, "amount": 0.06, "side": "buy", "timestamp": 1765497502787}, {"id": "1010774070", "price": 136.24, "amount": 0.08, "side": "buy", "timestamp": 1765497502975}, {"id": "1010774071", "price": 136.23, "amount": 0.09, "side": "sell", "timestamp": 1765497503057}, {"id": "1010774072", "price": 136.24, "amount": 0.09, "side": "buy", "timestamp": 1765497503178}, {"id": "1010774073", "price": 136.23, "amount": 5.23, "side": "sell", "timestamp": 1765497503503}, {"id": "1010774205", "price": 136.23, "amount": 13.48, "side": "sell", "timestamp": 1765497542121}, {"id": "1010774206", "price": 136.24, "amount": 0.09, "side": "buy", "timestamp": 1765497542184}, {"id": "1010774207", "price": 136.23, "amount": 23.34, "side": "sell", "timestamp": 1765497542206}, {"id": "1010774208", "price": 136.22, "amount": 1.91, "side": "sell", "timestamp": 1765497542229}, {"id": "1010774209", "price": 136.23, "amount": 2.26, "side": "buy", "timestamp": 1765497542347}, {"id": "1010774210", "price": 136.23, "amount": 4.67, "side": "buy", "timestamp": 1765497542614}, {"id": "1010774211", "price": 136.23, "amount": 3.22, "side": "buy", "timestamp": 1765497542759}, {"id": "1010774212", "price": 136.23, "amount": 0.12, "side": "buy", "timestamp": 1765497543064}, {"id": "1010774213", "price": 136.22, "amount": 2.0, "side": "sell", "timestamp": 1765497543583}, {"id": "1010774214", "price": 136.23, "amount": 2.39, "side": "buy", "timestamp": 1765497543629}, {"id": "1010774215", "price": 136.22, "amount": 76.76, "side": "sell", "timestamp": 1765497544200}, {"id": "1010774216", "price": 136.22, "amount": 0.07, "side": "sell", "timestamp": 1765497544593}, {"id": "1010774217", "price": 136.22, "amount": 1.0, "side": "sell", "timestamp": 1765497545047}, {"id": "1010774218", "price": 136.22, "amount": 0.09, "side": "sell", "timestamp": 1765497545155}, {"id": "1010774219", "price": 136.23, "amount": 0.09, "side": "buy", "timestamp": 1765497545194}, {"id": "1010774220", "price": 136.23, "amount": 0.04, "side": "buy", "timestamp": 1765497545952}, {"id": "1010774221", "price": 136.22, "amount": 0.32, "side": "sell", "timestamp": 1765497546380}, {"id": "1010774222", "price": 136.22, "amount": 12.27, "side": "sell", "timestamp": 1765497547286}, {"id": "1010774223", "price": 136.23, "amount": 0.09, "side": "buy", "timestamp": 1765497548006}, {"id": "1010774224", "price": 136.22, "amount": 0.09, "side": "sell", "timestamp": 1765497548168}, {"id": "1010774225", "price": 136.23, "amount": 94.7, "side": "buy", "timestamp": 1765497548191}, {"id": "1010774226", "price": 136.24, "amount": 6.15, "side": "buy", "timestamp": 1765497548273}, {"id": "1010774227", "price": 136.25, "amount": 0.92, "side": "buy", "timestamp": 1765497548370}, {"id": "1010774228", "price": 136.25, "amount": 0.04, "side": "buy", "timestamp": 1765497548944}, {"id": "1010774229", "price": 136.25, "amount": 14.3, "side": "buy", "timestamp": 1765497549716}, {"id": "1010774230", "price": 136.25, "amount": 0.21, "side": "buy", "timestamp": 1765497549855}, {"id": "1010774231", "price": 136.24, "amount": 1.1, "side": "sell", "timestamp": 1765497550371}, {"id": "1010774232", "price": 136.25, "amount": 1.88, "side": "buy", "timestamp": 1765497550617}, {"id": "1010774233", "price": 136.25, "amount": 0.08, "side": "buy", "timestamp": 1765497550890}, {"id": "1010774234", "price": 136.24, "amount": 0.09, "side": "sell", "timestamp": 1765497551036}, {"id": "1010774235", "price": 136.25, "amount": 0.09, "side": "buy", "timestamp": 1765497551055}, {"id": "1010774236", "price": 136.24, "amount": 1.0, "side": "sell", "timestamp": 1765497551062}, {"id": "1010774237", "price": 136.25, "amount": 0.16, "side": "buy", "timestamp": 1765497551112}, {"id": "1010774238", "price": 136.25, "amount": 2.0, "side": "buy", "timestamp": 1765497551947}, {"id": "1010774239", "price": 136.25, "amount": 0.3, "side": "buy", "timestamp": 1765497552079}, {"id": "1010774240", "price": 136.25, "amount": 1.96, "side": "buy", "timestamp": 1765497552195}, {"id": "1010774241", "price": 136.24, "amount": 258.13, "side": "sell", "timestamp": 1765497552502}, {"id": "1010774242", "price": 136.23, "amount": 23.62, "side": "sell", "timestamp": 1765497552508}, {"id": "1010774243", "price": 136.22, "amount": 0.05, "side": "sell", "timestamp": 1765497552631}, {"id": "1010774244", "price": 136.23, "amount": 2.0, "side": "buy", "timestamp": 1765497552744}, {"id": "1010774245", "price": 136.23, "amount": 136.81, "side": "buy", "timestamp": 1765497553610}, {"id": "1010774246", "price": 136.24, "amount": 13.12, "side": "buy", "timestamp": 1765497553633}, {"id": "1010774247", "price": 136.24, "amount": 0.25, "side": "buy", "timestamp": 1765497553802}, {"id": "1010774248", "price": 136.25, "amount": 0.09, "side": "buy", "timestamp": 1765497554078}, {"id": "1010774249", "price": 136.24, "amount": 0.09, "side": "sell", "timestamp": 1765497554084}, {"id": "1010774250", "price": 136.25, "amount": 0.05, "side": "buy", "timestamp": 1765497554665}, {"id": "1010774251", "price": 136.24, "amount": 7.33, "side": "sell", "timestamp": 1765497555961}, {"id": "1010774252", "price": 136.25, "amount": 0.06, "side": "buy", "timestamp": 1765497556400}, {"id": "1010774253", "price": 136.24, "amount": 19.17, "side": "sell", "timestamp": 1765497556891}, {"id": "1010774254", "price": 136.25, "amount": 0.09, "side": "buy", "timestamp": 1765497557090}]