[{"symbol": "ADAUSDT", "bids": [[0.4118, 100479.0], [0.4117, 110395.0], [0.4116, 227821.0], [0.4115, 145873.0], [0.4114, 111930.0], [0.4113, 161675.0], [0.4112, 113086.0], [0.4111, 217192.0], [0.411, 87839.0], [0.4109, 137290.0], [0.4108, 68770.0], [0.4107, 196641.0], [0.4106, 197971.0], [0.4105, 227394.0], [0.4104, 212395.0], [0.4103, 190435.0], [0.4102, 139475.0], [0.4101, 101373.0], [0.41, 169434.0], [0.4099, 201730.0]], "asks": [[0.4119, 88276.0], [0.412, 226430.0], [0.4121, 209635.0], [0.4122, 217281.0], [0.4123, 160004.0], [0.4124, 206208.0], [0.4125, 367407.0], [0.4126, 180566.0], [0.4127, 135299.0], [0.4128, 180708.0], [0.4129, 140980.0], [0.413, 214474.0], [0.4131, 265465.0], [0.4132, 85048.0], [0.4133, 114306.0], [0.4134, 66756.0], [0.4135, 134515.0], [0.4136, 93177.0], [0.4137, 115266.0], [0.4138, 141489.0]], "timestamp": "2025-12-13T09:00:25.920318+00:00"}, {"symbol": "ADAUSDT", "bids": [[0.4117, 92890.0], [0.4116, 207666.0], [0.4115, 181605.0], [0.4114, 110730.0], [0.4113, 194263.0], [0.4112, 122343.0], [0.4111, 182389.0], [0.411, 128815.0], [0.4109, 110624.0], [0.4108, 111377.0], [0.4107, 161772.0], [0.4106, 133590.0], [0.4105, 315124.0], [0.4104, 212395.0], [0.4103, 191627.0], [0.4102, 163850.0], [0.4101, 101495.0], [0.41, 169860.0], [0.4099, 201730.0], [0.4098, 231345.0]], "asks": [[0.4118, 63194.0], [0.4119, 158325.0], [0.412, 232376.0], [0.4121, 291734.0], [0.4122, 202142.0], [0.4123, 167006.0], [0.4124, 194051.0], [0.4125, 396614.0], [0.4126, 188749.0], [0.4127, 146714.0], [0.4128, 162288.0], [0.4129, 123634.0], [0.413, 173417.0], [0.4131, 266090.0], [0.4132, 83342.0], [0.4133, 112942.0], [0.4134, 68120.0], [0.4135, 134015.0], [0.4136, 93180.0], [0.4137, 115766.0]], "timestamp": "2025-12-13T09:01:20.160421+00:00"}, {"symbol": "ADAUSDT", "bids": [[0.4118, 131792.0], [0.4117, 199033.0], [0.4116, 273418.0], [0.4115, 173034.0], [0.4114, 90042.0], [0.4113, 207392.0], [0.4112, 211071.0], [0.4111, 108460.0], [0.411, 131339.0], [0.4109, 110333.0], [0.4108, 126391.0], [0.4107, 309371.0], [0.4106, 278585.0], [0.4105, 119468.0], [0.4104, 93373.0], [0.4103, 191749.0], [0.4102, 155617.0], [0.4101, 101391.0], [0.41, 169827.0], [0.4099, 201730.0]], "asks": [[0.4119, 33378.0], [0.412, 167914.0], [0.4121, 220862.0], [0.4122, 195985.0], [0.4123, 167480.0], [0.4124, 207666.0], [0.4125, 378538.0], [0.4126, 306269.0], [0.4127, 138335.0], [0.4128, 159634.0], [0.4129, 132359.0], [0.413, 191553.0], [0.4131, 198246.0], [0.4132, 200083.0], [0.4133, 112942.0], [0.4134, 68180.0], [0.4135, 142182.0], [0.4136, 93180.0], [0.4137, 115766.0], [0.4138, 141974.0]], "timestamp": "2025-12-13T09:02:14.436918+00:00"}, {"symbol": "ADAUSDT", "bids": [[0.4119, 63668.0], [0.4118, 148402.0], [0.4117, 195057.0], [0.4116, 256175.0], [0.4115, 161658.0], [0.4114, 88305.0], [0.4113, 175920.0], [0.4112, 236615.0], [0.4111, 101791.0], [0.411, 157339.0], [0.4109, 110267.0], [0.4108, 127771.0], [0.4107, 376643.0], [0.4106, 194045.0], [0.4105, 121304.0], [0.4104, 93388.0], [0.4103, 191749.0], [0.4102, 136168.0], [0.4101, 131376.0], [0.41, 186229.0]], "asks": [[0.412, 66737.0], [0.4121, 222074.0], [0.4122, 234942.0], [0.4123, 193017.0], [0.4124, 226539.0], [0.4125, 284291.0], [0.4126, 313371.0], [0.4127, 242714.0], [0.4128, 168518.0], [0.4129, 126111.0], [0.413, 193233.0], [0.4131, 243977.0], [0.4132, 204975.0], [0.4133, 113269.0], [0.4134, 68208.0], [0.4135, 142651.0], [0.4136, 93180.0], [0.4137, 146272.0], [0.4138, 135442.0], [0.4139, 117782.0]], "timestamp": "2025-12-13T09:03:09.018270+00:00"}, {"symbol": "ADAUSDT", "bids": [[0.4118, 57723.0], [0.4117, 171474.0], [0.4116, 273467.0], [0.4115, 148627.0], [0.4114, 107825.0], [0.4113, 246626.0], [0.4112, 121078.0], [0.4111, 112868.0], [0.411, 199946.0], [0.4109, 110477.0], [0.4108, 127487.0], [0.4107, 305068.0], [0.4106, 277298.0], [0.4105, 121244.0], [0.4104, 93373.0], [0.4103, 191837.0], [0.4102, 136168.0], [0.4101, 132839.0], [0.41, 170672.0], [0.4099, 201774.0]], "asks": [[0.4119, 97279.0], [0.412, 241092.0], [0.4121, 439790.0], [0.4122, 213215.0], [0.4123, 145821.0], [0.4124, 199272.0], [0.4125, 235445.0], [0.4126, 398428.0], [0.4127, 195591.0], [0.4128, 167089.0], [0.4129, 104321.0], [0.413, 213449.0], [0.4131, 219297.0], [0.4132, 99218.0], [0.4133, 229377.0], [0.4134, 66831.0], [0.4135, 142651.0], [0.4136, 93180.0], [0.4137, 146272.0], [0.4138, 135427.0]], "timestamp": "2025-12-13T09:04:03.285386+00:00"}, {"symbol": "ADAUSDT", "bids": [[0.4117, 50412.0], [0.4116, 162951.0], [0.4115, 225432.0], [0.4114, 102427.0], [0.4113, 210749.0], [0.4112, 186729.0], [0.4111, 149673.0], [0.411, 176430.0], [0.4109, 110477.0], [0.4108, 127293.0], [0.4107, 316715.0], [0.4106, 206509.0], [0.4105, 200448.0], [0.4104, 93828.0], [0.4103, 191730.0], [0.4102, 142563.0], [0.4101, 159762.0], [0.41, 144877.0], [0.4099, 201807.0], [0.4098, 317645.0]], "asks": [[0.4118, 123958.0], [0.4119, 186509.0], [0.412, 318205.0], [0.4121, 413910.0], [0.4122, 186214.0], [0.4123, 209417.0], [0.4124, 214731.0], [0.4125, 410738.0], [0.4126, 263173.0], [0.4127, 175208.0], [0.4128, 120537.0], [0.4129, 141367.0], [0.413, 183098.0], [0.4131, 211646.0], [0.4132, 185845.0], [0.4133, 107315.0], [0.4134, 135451.0], [0.4135, 109766.0], [0.4136, 68998.0], [0.4137, 147638.0]], "timestamp": "2025-12-13T09:04:57.352845+00:00"}, {"symbol": "ADAUSDT", "bids": [[0.4115, 103875.0], [0.4114, 210509.0], [0.4113, 208573.0], [0.4112, 123924.0], [0.4111, 145982.0], [0.411, 180317.0], [0.4109, 154626.0], [0.4108, 105389.0], [0.4107, 225308.0], [0.4106, 82775.0], [0.4105, 149052.0], [0.4104, 223880.0], [0.4103, 426527.0], [0.4102, 163013.0], [0.4101, 178068.0], [0.41, 142331.0], [0.4099, 197996.0], [0.4098, 172899.0], [0.4097, 151831.0], [0.4096, 296705.0]], "asks": [[0.4116, 102924.0], [0.4117, 180045.0], [0.4118, 301539.0], [0.4119, 173413.0], [0.412, 256313.0], [0.4121, 404588.0], [0.4122, 269615.0], [0.4123, 315400.0], [0.4124, 246176.0], [0.4125, 160160.0], [0.4126, 239148.0], [0.4127, 162333.0], [0.4128, 126689.0], [0.4129, 215601.0], [0.413, 128766.0], [0.4131, 194142.0], [0.4132, 70386.0], [0.4133, 110888.0], [0.4134, 158655.0], [0.4135, 104443.0]], "timestamp": "2025-12-13T09:05:51.626581+00:00"}, {"symbol": "ADAUSDT", "bids": [[0.4118, 34866.0], [0.4117, 173163.0], [0.4116, 218095.0], [0.4115, 177737.0], [0.4114, 143632.0], [0.4113, 220116.0], [0.4112, 181329.0], [0.4111, 133518.0], [0.411, 70610.0], [0.4109, 146332.0], [0.4108, 73391.0], [0.4107, 208676.0], [0.4106, 159933.0], [0.4105, 124416.0], [0.4104, 223550.0], [0.4103, 341856.0], [0.4102, 163013.0], [0.4101, 171128.0], [0.41, 135983.0], [0.4099, 214901.0]], "asks": [[0.4119, 102021.0], [0.412, 243845.0], [0.4121, 226235.0], [0.4122, 274726.0], [0.4123, 196853.0], [0.4124, 215950.0], [0.4125, 358224.0], [0.4126, 155346.0], [0.4127, 144517.0], [0.4128, 178222.0], [0.4129, 189406.0], [0.413, 195842.0], [0.4131, 313549.0], [0.4132, 70745.0], [0.4133, 118250.0], [0.4134, 134012.0], [0.4135, 132667.0], [0.4136, 93194.0], [0.4137, 140578.0], [0.4138, 111790.0]], "timestamp": "2025-12-13T09:06:46.206127+00:00"}, {"symbol": "ADAUSDT", "bids": [[0.4116, 97131.0], [0.4115, 152860.0], [0.4114, 210568.0], [0.4113, 229353.0], [0.4112, 141416.0], [0.4111, 118770.0], [0.411, 159669.0], [0.4109, 188395.0], [0.4108, 102358.0], [0.4107, 195530.0], [0.4106, 81772.0], [0.4105, 126137.0], [0.4104, 310649.0], [0.4103, 358896.0], [0.4102, 181176.0], [0.4101, 109247.0], [0.41, 166778.0], [0.4099, 206112.0], [0.4098, 202446.0], [0.4097, 137566.0]], "asks": [[0.4117, 103071.0], [0.4118, 212254.0], [0.4119, 174859.0], [0.412, 236395.0], [0.4121, 436558.0], [0.4122, 236044.0], [0.4123, 250896.0], [0.4124, 328734.0], [0.4125, 230245.0], [0.4126, 143404.0], [0.4127, 145595.0], [0.4128, 157669.0], [0.4129, 124382.0], [0.413, 141938.0], [0.4131, 283534.0], [0.4132, 70403.0], [0.4133, 111417.0], [0.4134, 158640.0], [0.4135, 104958.0], [0.4136, 69030.0]], "timestamp": "2025-12-13T09:07:40.376058+00:00"}, {"symbol": "ADAUSDT", "bids": [[0.4114, 65926.0], [0.4113, 198541.0], [0.4112, 216367.0], [0.4111, 141025.0], [0.411, 87372.0], [0.4109, 145566.0], [0.4108, 214011.0], [0.4107, 77611.0], [0.4106, 108525.0], [0.4105, 82519.0], [0.4104, 152054.0], [0.4103, 340622.0], [0.4102, 406477.0], [0.4101, 99615.0], [0.41, 178608.0], [0.4099, 224978.0], [0.4098, 206040.0], [0.4097, 136988.0], [0.4096, 198249.0], [0.4095, 226564.0]], "asks": [[0.4115, 114137.0], [0.4116, 195666.0], [0.4117, 221473.0], [0.4118, 265275.0], [0.4119, 155621.0], [0.412, 195479.0], [0.4121, 368744.0], [0.4122, 329264.0], [0.4123, 159626.0], [0.4124, 238977.0], [0.4125, 211339.0], [0.4126, 131486.0], [0.4127, 156043.0], [0.4128, 298944.0], [0.4129, 104027.0], [0.413, 108216.0], [0.4131, 140664.0], [0.4132, 57648.0], [0.4133, 180512.0], [0.4134, 134464.0]], "timestamp": "2025-12-13T09:08:34.751041+00:00"}, {"symbol": "ADAUSDT", "bids": [[0.4113, 179273.0], [0.4112, 322990.0], [0.4111, 176868.0], [0.411, 95486.0], [0.4109, 130120.0], [0.4108, 136082.0], [0.4107, 185949.0], [0.4106, 77149.0], [0.4105, 82149.0], [0.4104, 152418.0], [0.4103, 308617.0], [0.4102, 179974.0], [0.4101, 295000.0], [0.41, 190429.0], [0.4099, 236654.0], [0.4098, 195200.0], [0.4097, 127239.0], [0.4096, 231288.0], [0.4095, 204855.0], [0.4094, 150176.0]], "asks": [[0.4114, 59844.0], [0.4115, 185270.0], [0.4116, 278613.0], [0.4117, 224702.0], [0.4118, 239984.0], [0.4119, 159620.0], [0.412, 200714.0], [0.4121, 447235.0], [0.4122, 252853.0], [0.4123, 149039.0], [0.4124, 207639.0], [0.4125, 137946.0], [0.4126, 136588.0], [0.4127, 259686.0], [0.4128, 193077.0], [0.4129, 82384.0], [0.413, 109616.0], [0.4131, 131307.0], [0.4132, 58703.0], [0.4133, 214550.0]], "timestamp": "2025-12-13T09:09:28.819179+00:00"}, {"symbol": "ADAUSDT", "bids": [[0.4115, 102051.0], [0.4114, 132568.0], [0.4113, 212006.0], [0.4112, 194374.0], [0.4111, 176597.0], [0.411, 93454.0], [0.4109, 144956.0], [0.4108, 155066.0], [0.4107, 171543.0], [0.4106, 93363.0], [0.4105, 82194.0], [0.4104, 152014.0], [0.4103, 343417.0], [0.4102, 268874.0], [0.4101, 83302.0], [0.41, 183511.0], [0.4099, 237968.0], [0.4098, 188367.0], [0.4097, 127724.0], [0.4096, 231998.0]], "asks": [[0.4116, 95293.0], [0.4117, 153539.0], [0.4118, 268467.0], [0.4119, 159662.0], [0.412, 180844.0], [0.4121, 260316.0], [0.4122, 342869.0], [0.4123, 268107.0], [0.4124, 241556.0], [0.4125, 154945.0], [0.4126, 150829.0], [0.4127, 152299.0], [0.4128, 179088.0], [0.4129, 199272.0], [0.413, 109373.0], [0.4131, 137637.0], [0.4132, 58703.0], [0.4133, 225709.0], [0.4134, 134677.0], [0.4135, 113802.0]], "timestamp": "2025-12-13T09:10:23.014427+00:00"}, {"symbol": "ADAUSDT", "bids": [[0.4116, 140890.0], [0.4115, 313238.0], [0.4114, 240337.0], [0.4113, 219124.0], [0.4112, 174875.0], [0.4111, 183008.0], [0.411, 111140.0], [0.4109, 103677.0], [0.4108, 186589.0], [0.4107, 181485.0], [0.4106, 219447.0], [0.4105, 145488.0], [0.4104, 290472.0], [0.4103, 135896.0], [0.4102, 217139.0], [0.4101, 107698.0], [0.41, 176907.0], [0.4099, 199164.0], [0.4098, 192321.0], [0.4097, 155453.0]], "asks": [[0.4117, 50840.0], [0.4118, 138601.0], [0.4119, 240243.0], [0.412, 200854.0], [0.4121, 215709.0], [0.4122, 461342.0], [0.4123, 173648.0], [0.4124, 297120.0], [0.4125, 300445.0], [0.4126, 177441.0], [0.4127, 143604.0], [0.4128, 176774.0], [0.4129, 120363.0], [0.413, 293077.0], [0.4131, 180763.0], [0.4132, 70478.0], [0.4133, 216702.0], [0.4134, 71927.0], [0.4135, 138000.0], [0.4136, 167392.0]], "timestamp": "2025-12-13T09:11:17.364999+00:00"}, {"symbol": "ADAUSDT", "bids": [[0.4117, 168310.0], [0.4116, 165963.0], [0.4115, 231391.0], [0.4114, 199228.0], [0.4113, 251685.0], [0.4112, 153793.0], [0.4111, 191387.0], [0.411, 183071.0], [0.4109, 103600.0], [0.4108, 113847.0], [0.4107, 164590.0], [0.4106, 150657.0], [0.4105, 244408.0], [0.4104, 311730.0], [0.4103, 134052.0], [0.4102, 217094.0], [0.4101, 84631.0], [0.41, 152536.0], [0.4099, 199134.0], [0.4098, 192321.0]], "asks": [[0.4118, 54432.0], [0.4119, 234260.0], [0.412, 369045.0], [0.4121, 177986.0], [0.4122, 300398.0], [0.4123, 158368.0], [0.4124, 188363.0], [0.4125, 385598.0], [0.4126, 191722.0], [0.4127, 139855.0], [0.4128, 178766.0], [0.4129, 141277.0], [0.413, 293389.0], [0.4131, 180778.0], [0.4132, 71084.0], [0.4133, 220145.0], [0.4134, 89041.0], [0.4135, 99907.0], [0.4136, 79959.0], [0.4137, 121735.0]], "timestamp": "2025-12-13T09:12:11.431920+00:00"}, {"symbol": "ADAUSDT", "bids": [[0.412, 43342.0], [0.4119, 228162.0], [0.4118, 199382.0], [0.4117, 267320.0], [0.4116, 166191.0], [0.4115, 199808.0], [0.4114, 164397.0], [0.4113, 227116.0], [0.4112, 223339.0], [0.4111, 167064.0], [0.411, 191488.0], [0.4109, 248233.0], [0.4108, 207820.0], [0.4107, 142046.0], [0.4106, 214764.0], [0.4105, 134985.0], [0.4104, 212398.0], [0.4103, 117808.0], [0.4102, 194627.0], [0.4101, 92980.0]], "asks": [[0.4121, 88867.0], [0.4122, 188701.0], [0.4123, 364967.0], [0.4124, 174667.0], [0.4125, 174647.0], [0.4126, 228098.0], [0.4127, 317826.0], [0.4128, 212338.0], [0.4129, 166334.0], [0.413, 200013.0], [0.4131, 178989.0], [0.4132, 90016.0], [0.4133, 297560.0], [0.4134, 87632.0], [0.4135, 137620.0], [0.4136, 110955.0], [0.4137, 121786.0], [0.4138, 124756.0], [0.4139, 111663.0], [0.414, 279649.0]], "timestamp": "2025-12-13T09:13:05.090405+00:00"}, {"symbol": "ADAUSDT", "bids": [[0.4121, 111514.0], [0.412, 188088.0], [0.4119, 239792.0], [0.4118, 217371.0], [0.4117, 237833.0], [0.4116, 173270.0], [0.4115, 191294.0], [0.4114, 184319.0], [0.4113, 209399.0], [0.4112, 122531.0], [0.4111, 172254.0], [0.411, 168520.0], [0.4109, 357326.0], [0.4108, 254067.0], [0.4107, 309232.0], [0.4106, 122610.0], [0.4105, 126620.0], [0.4104, 98303.0], [0.4103, 201462.0], [0.4102, 112883.0]], "asks": [[0.4122, 81830.0], [0.4123, 311436.0], [0.4124, 173336.0], [0.4125, 150088.0], [0.4126, 227060.0], [0.4127, 148825.0], [0.4128, 353351.0], [0.4129, 195163.0], [0.413, 166904.0], [0.4131, 212937.0], [0.4132, 164043.0], [0.4133, 240021.0], [0.4134, 202641.0], [0.4135, 147085.0], [0.4136, 111484.0], [0.4137, 124886.0], [0.4138, 143554.0], [0.4139, 142099.0], [0.414, 236577.0], [0.4141, 131986.0]], "timestamp": "2025-12-13T09:13:59.369270+00:00"}, {"symbol": "ADAUSDT", "bids": [[0.412, 155842.0], [0.4119, 175552.0], [0.4118, 235426.0], [0.4117, 251870.0], [0.4116, 188710.0], [0.4115, 193682.0], [0.4114, 178585.0], [0.4113, 201015.0], [0.4112, 109570.0], [0.4111, 172083.0], [0.411, 134475.0], [0.4109, 144143.0], [0.4108, 269867.0], [0.4107, 329479.0], [0.4106, 239407.0], [0.4105, 122868.0], [0.4104, 114092.0], [0.4103, 201462.0], [0.4102, 112883.0], [0.4101, 106249.0]], "asks": [[0.4121, 46869.0], [0.4122, 127091.0], [0.4123, 168466.0], [0.4124, 222112.0], [0.4125, 405618.0], [0.4126, 315713.0], [0.4127, 122188.0], [0.4128, 192520.0], [0.4129, 175638.0], [0.413, 181470.0], [0.4131, 209240.0], [0.4132, 107996.0], [0.4133, 240183.0], [0.4134, 178816.0], [0.4135, 146804.0], [0.4136, 110999.0], [0.4137, 118083.0], [0.4138, 196842.0], [0.4139, 147939.0], [0.414, 237198.0]], "timestamp": "2025-12-13T09:14:53.738721+00:00"}, {"symbol": "ADAUSDT", "bids": [[0.4114, 31412.0], [0.4113, 177112.0], [0.4112, 196727.0], [0.4111, 225582.0], [0.411, 105966.0], [0.4109, 169638.0], [0.4108, 215748.0], [0.4107, 214482.0], [0.4106, 181097.0], [0.4105, 193007.0], [0.4104, 190983.0], [0.4103, 161192.0], [0.4102, 334166.0], [0.4101, 216756.0], [0.41, 155250.0], [0.4099, 132551.0], [0.4098, 220612.0], [0.4097, 261257.0], [0.4096, 210102.0], [0.4095, 317366.0]], "asks": [[0.4115, 77132.0], [0.4116, 165696.0], [0.4117, 273189.0], [0.4118, 207629.0], [0.4119, 220301.0], [0.412, 328306.0], [0.4121, 280829.0], [0.4122, 250635.0], [0.4123, 316295.0], [0.4124, 175891.0], [0.4125, 218551.0], [0.4126, 208332.0], [0.4127, 117559.0], [0.4128, 275017.0], [0.4129, 157825.0], [0.413, 109965.0], [0.4131, 173993.0], [0.4132, 52858.0], [0.4133, 213841.0], [0.4134, 139474.0]], "timestamp": "2025-12-13T09:15:47.499118+00:00"}, {"symbol": "ADAUSDT", "bids": [[0.4115, 95513.0], [0.4114, 163374.0], [0.4113, 217586.0], [0.4112, 198800.0], [0.4111, 171861.0], [0.411, 165826.0], [0.4109, 252386.0], [0.4108, 151136.0], [0.4107, 205501.0], [0.4106, 164979.0], [0.4105, 169294.0], [0.4104, 185311.0], [0.4103, 316116.0], [0.4102, 119905.0], [0.4101, 243450.0], [0.41, 150563.0], [0.4099, 131209.0], [0.4098, 220627.0], [0.4097, 229748.0], [0.4096, 225561.0]], "asks": [[0.4116, 39164.0], [0.4117, 173707.0], [0.4118, 211261.0], [0.4119, 377448.0], [0.412, 241558.0], [0.4121, 238900.0], [0.4122, 268253.0], [0.4123, 319635.0], [0.4124, 201785.0], [0.4125, 218363.0], [0.4126, 198467.0], [0.4127, 138474.0], [0.4128, 177041.0], [0.4129, 274708.0], [0.413, 110418.0], [0.4131, 200167.0], [0.4132, 52873.0], [0.4133, 209015.0], [0.4134, 132892.0], [0.4135, 99382.0]], "timestamp": "2025-12-13T09:16:41.976101+00:00"}, {"symbol": "ADAUSDT", "bids": [[0.4116, 88407.0], [0.4115, 156646.0], [0.4114, 230476.0], [0.4113, 238828.0], [0.4112, 145918.0], [0.4111, 177613.0], [0.411, 167584.0], [0.4109, 244655.0], [0.4108, 151475.0], [0.4107, 202620.0], [0.4106, 192017.0], [0.4105, 178217.0], [0.4104, 246006.0], [0.4103, 219761.0], [0.4102, 116354.0], [0.4101, 243465.0], [0.41, 177121.0], [0.4099, 113152.0], [0.4098, 196217.0], [0.4097, 229781.0]], "asks": [[0.4117, 47208.0], [0.4118, 184762.0], [0.4119, 420175.0], [0.412, 246264.0], [0.4121, 256304.0], [0.4122, 286074.0], [0.4123, 324731.0], [0.4124, 182474.0], [0.4125, 221822.0], [0.4126, 203947.0], [0.4127, 167528.0], [0.4128, 177259.0], [0.4129, 269075.0], [0.413, 87028.0], [0.4131, 201692.0], [0.4132, 58636.0], [0.4133, 209000.0], [0.4134, 157082.0], [0.4135, 98898.0], [0.4136, 85876.0]], "timestamp": "2025-12-13T09:17:35.531931+00:00"}, {"symbol": "ADAUSDT", "bids": [[0.4116, 92556.0], [0.4115, 203656.0], [0.4114, 222538.0], [0.4113, 234448.0], [0.4112, 189960.0], [0.4111, 195013.0], [0.411, 167119.0], [0.4109, 236612.0], [0.4108, 176342.0], [0.4107, 213980.0], [0.4106, 113442.0], [0.4105, 166384.0], [0.4104, 230229.0], [0.4103, 213124.0], [0.4102, 110676.0], [0.4101, 243465.0], [0.41, 177236.0], [0.4099, 113107.0], [0.4098, 196235.0], [0.4097, 229748.0]], "asks": [[0.4117, 11791.0], [0.4118, 126156.0], [0.4119, 267141.0], [0.412, 417897.0], [0.4121, 196415.0], [0.4122, 269842.0], [0.4123, 346235.0], [0.4124, 176714.0], [0.4125, 212035.0], [0.4126, 205880.0], [0.4127, 206090.0], [0.4128, 193330.0], [0.4129, 268953.0], [0.413, 87424.0], [0.4131, 201329.0], [0.4132, 58651.0], [0.4133, 209000.0], [0.4134, 157082.0], [0.4135, 98898.0], [0.4136, 85876.0]], "timestamp": "2025-12-13T09:18:28.780576+00:00"}, {"symbol": "ADAUSDT", "bids": [[0.4116, 14528.0], [0.4115, 109111.0], [0.4114, 251604.0], [0.4113, 196365.0], [0.4112, 181268.0], [0.4111, 226503.0], [0.411, 192361.0], [0.4109, 310450.0], [0.4108, 141929.0], [0.4107, 156091.0], [0.4106, 180934.0], [0.4105, 264480.0], [0.4104, 232384.0], [0.4103, 234053.0], [0.4102, 90292.0], [0.4101, 108779.0], [0.41, 154487.0], [0.4099, 113137.0], [0.4098, 204089.0], [0.4097, 317069.0]], "asks": [[0.4117, 107084.0], [0.4118, 167873.0], [0.4119, 216353.0], [0.412, 294298.0], [0.4121, 455583.0], [0.4122, 238742.0], [0.4123, 355961.0], [0.4124, 185447.0], [0.4125, 272890.0], [0.4126, 207218.0], [0.4127, 193045.0], [0.4128, 128117.0], [0.4129, 223219.0], [0.413, 100288.0], [0.4131, 217876.0], [0.4132, 68266.0], [0.4133, 181108.0], [0.4134, 186864.0], [0.4135, 98928.0], [0.4136, 84846.0]], "timestamp": "2025-12-13T09:19:22.336986+00:00"}, {"symbol": "ADAUSDT", "bids": [[0.4116, 67414.0], [0.4115, 122247.0], [0.4114, 255745.0], [0.4113, 203452.0], [0.4112, 199390.0], [0.4111, 206745.0], [0.411, 192370.0], [0.4109, 321056.0], [0.4108, 144838.0], [0.4107, 147936.0], [0.4106, 180934.0], [0.4105, 264052.0], [0.4104, 231899.0], [0.4103, 234053.0], [0.4102, 90292.0], [0.4101, 108417.0], [0.41, 154400.0], [0.4099, 113154.0], [0.4098, 204122.0], [0.4097, 229685.0]], "asks": [[0.4117, 57038.0], [0.4118, 142869.0], [0.4119, 236118.0], [0.412, 324414.0], [0.4121, 166310.0], [0.4122, 238054.0], [0.4123, 322704.0], [0.4124, 207790.0], [0.4125, 276128.0], [0.4126, 206748.0], [0.4127, 187473.0], [0.4128, 133170.0], [0.4129, 223119.0], [0.413, 100505.0], [0.4131, 218361.0], [0.4132, 68768.0], [0.4133, 181108.0], [0.4134, 186380.0], [0.4135, 98928.0], [0.4136, 94718.0]], "timestamp": "2025-12-13T09:20:15.791568+00:00"}, {"symbol": "ADAUSDT", "bids": [[0.4115, 59994.0], [0.4114, 207575.0], [0.4113, 224101.0], [0.4112, 144905.0], [0.4111, 238836.0], [0.411, 163285.0], [0.4109, 236226.0], [0.4108, 194263.0], [0.4107, 155047.0], [0.4106, 240108.0], [0.4105, 269835.0], [0.4104, 154330.0], [0.4103, 313098.0], [0.4102, 90803.0], [0.4101, 91416.0], [0.41, 161188.0], [0.4099, 113154.0], [0.4098, 197963.0], [0.4097, 259490.0], [0.4096, 215076.0]], "asks": [[0.4116, 73555.0], [0.4117, 116599.0], [0.4118, 384614.0], [0.4119, 237020.0], [0.412, 233686.0], [0.4121, 255360.0], [0.4122, 364083.0], [0.4123, 175702.0], [0.4124, 200764.0], [0.4125, 212938.0], [0.4126, 205254.0], [0.4127, 238039.0], [0.4128, 122234.0], [0.4129, 238968.0], [0.413, 109386.0], [0.4131, 202346.0], [0.4132, 60017.0], [0.4133, 174290.0], [0.4134, 157419.0], [0.4135, 92853.0]], "timestamp": "2025-12-13T09:21:10.472183+00:00"}, {"symbol": "ADAUSDT", "bids": [[0.4115, 132145.0], [0.4114, 217928.0], [0.4113, 196930.0], [0.4112, 148868.0], [0.4111, 187109.0], [0.411, 222033.0], [0.4109, 239946.0], [0.4108, 135411.0], [0.4107, 176574.0], [0.4106, 194227.0], [0.4105, 186522.0], [0.4104, 203509.0], [0.4103, 225787.0], [0.4102, 228445.0], [0.4101, 211765.0], [0.41, 163612.0], [0.4099, 122427.0], [0.4098, 191635.0], [0.4097, 261946.0], [0.4096, 217517.0]], "asks": [[0.4116, 57631.0], [0.4117, 146208.0], [0.4118, 228524.0], [0.4119, 183761.0], [0.412, 256657.0], [0.4121, 240921.0], [0.4122, 362365.0], [0.4123, 220064.0], [0.4124, 157720.0], [0.4125, 209451.0], [0.4126, 232628.0], [0.4127, 211106.0], [0.4128, 122690.0], [0.4129, 208412.0], [0.413, 110536.0], [0.4131, 204651.0], [0.4132, 76069.0], [0.4133, 186856.0], [0.4134, 174550.0], [0.4135, 180265.0]], "timestamp": "2025-12-13T09:22:05.052039+00:00"}, {"symbol": "ADAUSDT", "bids": [[0.4115, 17365.0], [0.4114, 114083.0], [0.4113, 243027.0], [0.4112, 115565.0], [0.4111, 198949.0], [0.411, 207377.0], [0.4109, 206594.0], [0.4108, 229011.0], [0.4107, 144084.0], [0.4106, 239405.0], [0.4105, 147485.0], [0.4104, 168009.0], [0.4103, 202336.0], [0.4102, 222056.0], [0.4101, 241822.0], [0.41, 167401.0], [0.4099, 118387.0], [0.4098, 90339.0], [0.4097, 273486.0], [0.4096, 272772.0]], "asks": [[0.4116, 85240.0], [0.4117, 198464.0], [0.4118, 224360.0], [0.4119, 195940.0], [0.412, 246127.0], [0.4121, 235113.0], [0.4122, 387452.0], [0.4123, 235657.0], [0.4124, 161617.0], [0.4125, 198047.0], [0.4126, 273869.0], [0.4127, 177377.0], [0.4128, 246657.0], [0.4129, 86671.0], [0.413, 94928.0], [0.4131, 199121.0], [0.4132, 68619.0], [0.4133, 268160.0], [0.4134, 109559.0], [0.4135, 180244.0]], "timestamp": "2025-12-13T09:22:59.836682+00:00"}, {"symbol": "ADAUSDT", "bids": [[0.4115, 88025.0], [0.4114, 162430.0], [0.4113, 229053.0], [0.4112, 135515.0], [0.4111, 185491.0], [0.411, 205747.0], [0.4109, 208832.0], [0.4108, 233564.0], [0.4107, 141573.0], [0.4106, 233695.0], [0.4105, 154935.0], [0.4104, 178868.0], [0.4103, 216691.0], [0.4102, 222056.0], [0.4101, 241822.0], [0.41, 167401.0], [0.4099, 94000.0], [0.4098, 90339.0], [0.4097, 235887.0], [0.4096, 272772.0]], "asks": [[0.4116, 84242.0], [0.4117, 182108.0], [0.4118, 188488.0], [0.4119, 407235.0], [0.412, 274072.0], [0.4121, 236435.0], [0.4122, 318882.0], [0.4123, 346945.0], [0.4124, 158295.0], [0.4125, 197688.0], [0.4126, 242739.0], [0.4127, 171770.0], [0.4128, 241459.0], [0.4129, 86671.0], [0.413, 95228.0], [0.4131, 168602.0], [0.4132, 90508.0], [0.4133, 268157.0], [0.4134, 98732.0], [0.4135, 92517.0]], "timestamp": "2025-12-13T09:23:54.724889+00:00"}, {"symbol": "ADAUSDT", "bids": [[0.4114, 116801.0], [0.4113, 286085.0], [0.4112, 123041.0], [0.4111, 179441.0], [0.411, 219713.0], [0.4109, 201201.0], [0.4108, 206936.0], [0.4107, 150887.0], [0.4106, 260420.0], [0.4105, 165289.0], [0.4104, 128620.0], [0.4103, 166521.0], [0.4102, 309215.0], [0.4101, 241822.0], [0.41, 166461.0], [0.4099, 97329.0], [0.4098, 114693.0], [0.4097, 235920.0], [0.4096, 272772.0], [0.4095, 175031.0]], "asks": [[0.4115, 9818.0], [0.4116, 118837.0], [0.4117, 236111.0], [0.4118, 189309.0], [0.4119, 392609.0], [0.412, 263373.0], [0.4121, 344800.0], [0.4122, 314086.0], [0.4123, 205163.0], [0.4124, 144824.0], [0.4125, 186968.0], [0.4126, 251387.0], [0.4127, 165858.0], [0.4128, 241802.0], [0.4129, 121972.0], [0.413, 95479.0], [0.4131, 164682.0], [0.4132, 65430.0], [0.4133, 259745.0], [0.4134, 62443.0]], "timestamp": "2025-12-13T09:24:49.815472+00:00"}, {"symbol": "ADAUSDT", "bids": [[0.4112, 38176.0], [0.4111, 178792.0], [0.411, 149677.0], [0.4109, 184642.0], [0.4108, 120082.0], [0.4107, 175889.0], [0.4106, 292614.0], [0.4105, 162151.0], [0.4104, 167210.0], [0.4103, 250240.0], [0.4102, 176618.0], [0.4101, 351830.0], [0.41, 243857.0], [0.4099, 110579.0], [0.4098, 117220.0], [0.4097, 235132.0], [0.4096, 188258.0], [0.4095, 158443.0], [0.4094, 203185.0], [0.4093, 329134.0]], "asks": [[0.4113, 97860.0], [0.4114, 168447.0], [0.4115, 156087.0], [0.4116, 196602.0], [0.4117, 223759.0], [0.4118, 440789.0], [0.4119, 329716.0], [0.412, 325003.0], [0.4121, 230248.0], [0.4122, 251444.0], [0.4123, 141423.0], [0.4124, 137843.0], [0.4125, 270084.0], [0.4126, 245556.0], [0.4127, 126245.0], [0.4128, 111266.0], [0.4129, 109447.0], [0.413, 80665.0], [0.4131, 133446.0], [0.4132, 64959.0]], "timestamp": "2025-12-13T09:25:44.565441+00:00"}, {"symbol": "ADAUSDT", "bids": [[0.4112, 92024.0], [0.4111, 208776.0], [0.411, 146052.0], [0.4109, 200543.0], [0.4108, 113184.0], [0.4107, 142938.0], [0.4106, 237851.0], [0.4105, 188653.0], [0.4104, 156217.0], [0.4103, 264868.0], [0.4102, 159823.0], [0.4101, 252039.0], [0.41, 254548.0], [0.4099, 230117.0], [0.4098, 119940.0], [0.4097, 237054.0], [0.4096, 190699.0], [0.4095, 161101.0], [0.4094, 205628.0], [0.4093, 244331.0]], "asks": [[0.4113, 61223.0], [0.4114, 177876.0], [0.4115, 379808.0], [0.4116, 182123.0], [0.4117, 237797.0], [0.4118, 216511.0], [0.4119, 281304.0], [0.412, 455726.0], [0.4121, 201983.0], [0.4122, 208341.0], [0.4123, 124708.0], [0.4124, 143153.0], [0.4125, 264755.0], [0.4126, 245923.0], [0.4127, 126306.0], [0.4128, 118543.0], [0.4129, 140796.0], [0.413, 80308.0], [0.4131, 133446.0], [0.4132, 64959.0]], "timestamp": "2025-12-13T09:26:39.188353+00:00"}, {"symbol": "ADAUSDT", "bids": [[0.4111, 36769.0], [0.411, 135917.0], [0.4109, 214228.0], [0.4108, 133520.0], [0.4107, 138281.0], [0.4106, 184995.0], [0.4105, 245174.0], [0.4104, 122349.0], [0.4103, 283635.0], [0.4102, 122999.0], [0.4101, 182841.0], [0.41, 185551.0], [0.4099, 215243.0], [0.4098, 233890.0], [0.4097, 264921.0], [0.4096, 173345.0], [0.4095, 110311.0], [0.4094, 199702.0], [0.4093, 238887.0], [0.4092, 319919.0]], "asks": [[0.4112, 135049.0], [0.4113, 135492.0], [0.4114, 202590.0], [0.4115, 495048.0], [0.4116, 159174.0], [0.4117, 285970.0], [0.4118, 429874.0], [0.4119, 255193.0], [0.412, 264283.0], [0.4121, 181513.0], [0.4122, 145994.0], [0.4123, 142008.0], [0.4124, 109025.0], [0.4125, 259814.0], [0.4126, 190524.0], [0.4127, 125821.0], [0.4128, 118528.0], [0.4129, 131471.0], [0.413, 111784.0], [0.4131, 121983.0]], "timestamp": "2025-12-13T09:27:33.760275+00:00"}, {"symbol": "ADAUSDT", "bids": [[0.4111, 69611.0], [0.411, 141973.0], [0.4109, 214262.0], [0.4108, 156141.0], [0.4107, 145021.0], [0.4106, 201768.0], [0.4105, 256498.0], [0.4104, 103887.0], [0.4103, 269462.0], [0.4102, 106095.0], [0.4101, 177564.0], [0.41, 195835.0], [0.4099, 215317.0], [0.4098, 233893.0], [0.4097, 264921.0], [0.4096, 173345.0], [0.4095, 109825.0], [0.4094, 199669.0], [0.4093, 202437.0], [0.4092, 319797.0]], "asks": [[0.4112, 179323.0], [0.4113, 165958.0], [0.4114, 409385.0], [0.4115, 215254.0], [0.4116, 158580.0], [0.4117, 255429.0], [0.4118, 309164.0], [0.4119, 351215.0], [0.412, 321588.0], [0.4121, 171673.0], [0.4122, 146415.0], [0.4123, 163212.0], [0.4124, 103726.0], [0.4125, 259814.0], [0.4126, 190524.0], [0.4127, 125821.0], [0.4128, 114881.0], [0.4129, 96441.0], [0.413, 111784.0], [0.4131, 121983.0]], "timestamp": "2025-12-13T09:28:27.930801+00:00"}, {"symbol": "ADAUSDT", "bids": [[0.4109, 73374.0], [0.4108, 187540.0], [0.4107, 225109.0], [0.4106, 217750.0], [0.4105, 132908.0], [0.4104, 114056.0], [0.4103, 269248.0], [0.4102, 171536.0], [0.4101, 151551.0], [0.41, 214794.0], [0.4099, 150572.0], [0.4098, 200884.0], [0.4097, 457837.0], [0.4096, 188066.0], [0.4095, 148381.0], [0.4094, 204285.0], [0.4093, 109702.0], [0.4092, 230554.0], [0.4091, 268940.0], [0.409, 369696.0]], "asks": [[0.411, 55531.0], [0.4111, 139422.0], [0.4112, 270589.0], [0.4113, 229560.0], [0.4114, 173585.0], [0.4115, 191212.0], [0.4116, 289921.0], [0.4117, 255603.0], [0.4118, 264984.0], [0.4119, 266882.0], [0.412, 273482.0], [0.4121, 106099.0], [0.4122, 106977.0], [0.4123, 128883.0], [0.4124, 226983.0], [0.4125, 142758.0], [0.4126, 179937.0], [0.4127, 116028.0], [0.4128, 129376.0], [0.4129, 124482.0]], "timestamp": "2025-12-13T09:29:22.203359+00:00"}, {"symbol": "ADAUSDT", "bids": [[0.4112, 94159.0], [0.4111, 169753.0], [0.411, 232479.0], [0.4109, 237706.0], [0.4108, 139620.0], [0.4107, 186390.0], [0.4106, 274481.0], [0.4105, 156510.0], [0.4104, 140054.0], [0.4103, 283511.0], [0.4102, 147774.0], [0.4101, 187179.0], [0.41, 364737.0], [0.4099, 88978.0], [0.4098, 131366.0], [0.4097, 248248.0], [0.4096, 174053.0], [0.4095, 117146.0], [0.4094, 197467.0], [0.4093, 109909.0]], "asks": [[0.4113, 51123.0], [0.4114, 123576.0], [0.4115, 192701.0], [0.4116, 190190.0], [0.4117, 234671.0], [0.4118, 206302.0], [0.4119, 428244.0], [0.412, 320320.0], [0.4121, 113284.0], [0.4122, 129797.0], [0.4123, 137858.0], [0.4124, 96418.0], [0.4125, 185661.0], [0.4126, 371875.0], [0.4127, 123856.0], [0.4128, 136209.0], [0.4129, 99916.0], [0.413, 115536.0], [0.4131, 101879.0], [0.4132, 103433.0]], "timestamp": "2025-12-13T09:30:15.554926+00:00"}, {"symbol": "ADAUSDT", "bids": [[0.4113, 82882.0], [0.4112, 180756.0], [0.4111, 200715.0], [0.411, 250204.0], [0.4109, 248280.0], [0.4108, 177158.0], [0.4107, 154311.0], [0.4106, 245556.0], [0.4105, 169249.0], [0.4104, 136733.0], [0.4103, 264370.0], [0.4102, 166965.0], [0.4101, 227375.0], [0.41, 257109.0], [0.4099, 91174.0], [0.4098, 128928.0], [0.4097, 252732.0], [0.4096, 165339.0], [0.4095, 113537.0], [0.4094, 173311.0]], "asks": [[0.4114, 78126.0], [0.4115, 133348.0], [0.4116, 159399.0], [0.4117, 206205.0], [0.4118, 192382.0], [0.4119, 311554.0], [0.412, 362433.0], [0.4121, 166508.0], [0.4122, 154678.0], [0.4123, 180930.0], [0.4124, 112644.0], [0.4125, 189716.0], [0.4126, 348199.0], [0.4127, 123529.0], [0.4128, 162559.0], [0.4129, 77204.0], [0.413, 115536.0], [0.4131, 101894.0], [0.4132, 103433.0], [0.4133, 266767.0]], "timestamp": "2025-12-13T09:31:09.593775+00:00"}, {"symbol": "ADAUSDT", "bids": [[0.4113, 119391.0], [0.4112, 170521.0], [0.4111, 233296.0], [0.411, 279162.0], [0.4109, 226398.0], [0.4108, 187563.0], [0.4107, 223663.0], [0.4106, 193262.0], [0.4105, 158114.0], [0.4104, 138505.0], [0.4103, 255753.0], [0.4102, 169079.0], [0.4101, 333190.0], [0.41, 140461.0], [0.4099, 91174.0], [0.4098, 128928.0], [0.4097, 252747.0], [0.4096, 165324.0], [0.4095, 113378.0], [0.4094, 173503.0]], "asks": [[0.4114, 53013.0], [0.4115, 139338.0], [0.4116, 159151.0], [0.4117, 198482.0], [0.4118, 188049.0], [0.4119, 226458.0], [0.412, 328886.0], [0.4121, 241256.0], [0.4122, 155626.0], [0.4123, 201174.0], [0.4124, 122365.0], [0.4125, 193220.0], [0.4126, 246781.0], [0.4127, 240059.0], [0.4128, 162572.0], [0.4129, 77263.0], [0.413, 115536.0], [0.4131, 101894.0], [0.4132, 103433.0], [0.4133, 266767.0]], "timestamp": "2025-12-13T09:32:02.666818+00:00"}, {"symbol": "ADAUSDT", "bids": [[0.4111, 67517.0], [0.411, 258001.0], [0.4109, 206769.0], [0.4108, 218683.0], [0.4107, 219743.0], [0.4106, 177374.0], [0.4105, 173431.0], [0.4104, 146557.0], [0.4103, 253452.0], [0.4102, 185630.0], [0.4101, 179759.0], [0.41, 205027.0], [0.4099, 302786.0], [0.4098, 132693.0], [0.4097, 279373.0], [0.4096, 174364.0], [0.4095, 115991.0], [0.4094, 163394.0], [0.4093, 109873.0], [0.4092, 246288.0]], "asks": [[0.4112, 61785.0], [0.4113, 165041.0], [0.4114, 162425.0], [0.4115, 190828.0], [0.4116, 164198.0], [0.4117, 221880.0], [0.4118, 297001.0], [0.4119, 345092.0], [0.412, 300375.0], [0.4121, 165172.0], [0.4122, 130209.0], [0.4123, 157024.0], [0.4124, 92477.0], [0.4125, 159933.0], [0.4126, 247698.0], [0.4127, 238337.0], [0.4128, 162572.0], [0.4129, 70460.0], [0.413, 115536.0], [0.4131, 103082.0]], "timestamp": "2025-12-13T09:32:56.324248+00:00"}, {"symbol": "ADAUSDT", "bids": [[0.4109, 98807.0], [0.4108, 182123.0], [0.4107, 199797.0], [0.4106, 169081.0], [0.4105, 121185.0], [0.4104, 180635.0], [0.4103, 213058.0], [0.4102, 212886.0], [0.4101, 219127.0], [0.41, 228308.0], [0.4099, 120540.0], [0.4098, 178033.0], [0.4097, 356235.0], [0.4096, 236289.0], [0.4095, 112949.0], [0.4094, 199387.0], [0.4093, 127643.0], [0.4092, 237321.0], [0.4091, 336107.0], [0.409, 352569.0]], "asks": [[0.411, 62102.0], [0.4111, 178386.0], [0.4112, 147423.0], [0.4113, 178744.0], [0.4114, 182015.0], [0.4115, 350996.0], [0.4116, 259263.0], [0.4117, 287250.0], [0.4118, 167662.0], [0.4119, 221123.0], [0.412, 204887.0], [0.4121, 95661.0], [0.4122, 160491.0], [0.4123, 250164.0], [0.4124, 98169.0], [0.4125, 147243.0], [0.4126, 217450.0], [0.4127, 103543.0], [0.4128, 155741.0], [0.4129, 94154.0]], "timestamp": "2025-12-13T09:33:50.597397+00:00"}, {"symbol": "ADAUSDT", "bids": [[0.4109, 97036.0], [0.4108, 180902.0], [0.4107, 222210.0], [0.4106, 153324.0], [0.4105, 240957.0], [0.4104, 148284.0], [0.4103, 142559.0], [0.4102, 224498.0], [0.4101, 294215.0], [0.41, 180942.0], [0.4099, 95424.0], [0.4098, 160528.0], [0.4097, 377540.0], [0.4096, 213776.0], [0.4095, 126519.0], [0.4094, 231586.0], [0.4093, 109970.0], [0.4092, 246053.0], [0.4091, 435825.0], [0.409, 352762.0]], "asks": [[0.411, 54674.0], [0.4111, 143872.0], [0.4112, 215557.0], [0.4113, 263263.0], [0.4114, 165849.0], [0.4115, 239710.0], [0.4116, 360719.0], [0.4117, 301609.0], [0.4118, 180849.0], [0.4119, 222306.0], [0.412, 222786.0], [0.4121, 121833.0], [0.4122, 131580.0], [0.4123, 249656.0], [0.4124, 98700.0], [0.4125, 146034.0], [0.4126, 222760.0], [0.4127, 96190.0], [0.4128, 155741.0], [0.4129, 69937.0]], "timestamp": "2025-12-13T09:34:44.350494+00:00"}, {"symbol": "ADAUSDT", "bids": [[0.411, 148829.0], [0.4109, 229671.0], [0.4108, 233222.0], [0.4107, 217830.0], [0.4106, 201250.0], [0.4105, 175676.0], [0.4104, 196338.0], [0.4103, 256300.0], [0.4102, 249516.0], [0.4101, 363543.0], [0.41, 195148.0], [0.4099, 144723.0], [0.4098, 238989.0], [0.4097, 288422.0], [0.4096, 221508.0], [0.4095, 133958.0], [0.4094, 218617.0], [0.4093, 119404.0], [0.4092, 255301.0], [0.4091, 357930.0]], "asks": [[0.4111, 19278.0], [0.4112, 139953.0], [0.4113, 235533.0], [0.4114, 245855.0], [0.4115, 262506.0], [0.4116, 282727.0], [0.4117, 340976.0], [0.4118, 290616.0], [0.4119, 229420.0], [0.412, 209711.0], [0.4121, 139507.0], [0.4122, 146583.0], [0.4123, 259105.0], [0.4124, 107963.0], [0.4125, 156817.0], [0.4126, 233748.0], [0.4127, 105594.0], [0.4128, 168935.0], [0.4129, 103589.0], [0.413, 98409.0]], "timestamp": "2025-12-13T09:35:37.812673+00:00"}, {"symbol": "ADAUSDT", "bids": [[0.4113, 20198.0], [0.4112, 213126.0], [0.4111, 310991.0], [0.411, 265864.0], [0.4109, 246416.0], [0.4108, 234412.0], [0.4107, 311093.0], [0.4106, 196203.0], [0.4105, 166691.0], [0.4104, 295565.0], [0.4103, 162889.0], [0.4102, 203898.0], [0.4101, 297368.0], [0.41, 273685.0], [0.4099, 137580.0], [0.4098, 103572.0], [0.4097, 126643.0], [0.4096, 292049.0], [0.4095, 152745.0], [0.4094, 207514.0]], "asks": [[0.4114, 103580.0], [0.4115, 121681.0], [0.4116, 200264.0], [0.4117, 210966.0], [0.4118, 182530.0], [0.4119, 219830.0], [0.412, 354846.0], [0.4121, 223138.0], [0.4122, 209648.0], [0.4123, 181665.0], [0.4124, 139463.0], [0.4125, 177805.0], [0.4126, 268625.0], [0.4127, 153088.0], [0.4128, 283523.0], [0.4129, 91574.0], [0.413, 135475.0], [0.4131, 122884.0], [0.4132, 88866.0], [0.4133, 306309.0]], "timestamp": "2025-12-13T09:36:31.162694+00:00"}, {"symbol": "ADAUSDT", "bids": [[0.4114, 150703.0], [0.4113, 205449.0], [0.4112, 230170.0], [0.4111, 331564.0], [0.411, 261031.0], [0.4109, 188132.0], [0.4108, 250755.0], [0.4107, 320590.0], [0.4106, 188630.0], [0.4105, 176722.0], [0.4104, 259548.0], [0.4103, 155668.0], [0.4102, 323134.0], [0.4101, 185146.0], [0.41, 284304.0], [0.4099, 123234.0], [0.4098, 102968.0], [0.4097, 94121.0], [0.4096, 292049.0], [0.4095, 153337.0]], "asks": [[0.4115, 48510.0], [0.4116, 124186.0], [0.4117, 174573.0], [0.4118, 183340.0], [0.4119, 313347.0], [0.412, 232000.0], [0.4121, 197083.0], [0.4122, 292829.0], [0.4123, 195904.0], [0.4124, 142443.0], [0.4125, 206658.0], [0.4126, 277566.0], [0.4127, 149836.0], [0.4128, 281505.0], [0.4129, 87627.0], [0.413, 134313.0], [0.4131, 124735.0], [0.4132, 86664.0], [0.4133, 262778.0], [0.4134, 152651.0]], "timestamp": "2025-12-13T09:37:24.525098+00:00"}, {"symbol": "ADAUSDT", "bids": [[0.4118, 3441.0], [0.4117, 170492.0], [0.4116, 270344.0], [0.4115, 246422.0], [0.4114, 239979.0], [0.4113, 293678.0], [0.4112, 267285.0], [0.4111, 326864.0], [0.411, 311951.0], [0.4109, 186933.0], [0.4108, 168104.0], [0.4107, 197067.0], [0.4106, 296585.0], [0.4105, 240390.0], [0.4104, 80208.0], [0.4103, 142895.0], [0.4102, 176036.0], [0.4101, 160350.0], [0.41, 149427.0], [0.4099, 242384.0]], "asks": [[0.4119, 112660.0], [0.412, 168149.0], [0.4121, 209659.0], [0.4122, 167746.0], [0.4123, 213748.0], [0.4124, 204466.0], [0.4125, 247055.0], [0.4126, 242944.0], [0.4127, 220678.0], [0.4128, 189685.0], [0.4129, 175363.0], [0.413, 147521.0], [0.4131, 168464.0], [0.4132, 246285.0], [0.4133, 266932.0], [0.4134, 121510.0], [0.4135, 119919.0], [0.4136, 122292.0], [0.4137, 154057.0], [0.4138, 176229.0]], "timestamp": "2025-12-13T09:38:17.660098+00:00"}, {"symbol": "ADAUSDT", "bids": [[0.4119, 24063.0], [0.4118, 148360.0], [0.4117, 226434.0], [0.4116, 275442.0], [0.4115, 223651.0], [0.4114, 223752.0], [0.4113, 289561.0], [0.4112, 308959.0], [0.4111, 335896.0], [0.411, 298392.0], [0.4109, 170980.0], [0.4108, 177284.0], [0.4107, 284258.0], [0.4106, 354226.0], [0.4105, 128064.0], [0.4104, 105713.0], [0.4103, 118760.0], [0.4102, 153011.0], [0.4101, 280716.0], [0.41, 139662.0]], "asks": [[0.412, 108752.0], [0.4121, 157156.0], [0.4122, 165798.0], [0.4123, 145138.0], [0.4124, 275780.0], [0.4125, 147382.0], [0.4126, 195479.0], [0.4127, 316028.0], [0.4128, 194637.0], [0.4129, 178151.0], [0.413, 179972.0], [0.4131, 168286.0], [0.4132, 175434.0], [0.4133, 383758.0], [0.4134, 126649.0], [0.4135, 121767.0], [0.4136, 98111.0], [0.4137, 153814.0], [0.4138, 213483.0], [0.4139, 251049.0]], "timestamp": "2025-12-13T09:39:11.115442+00:00"}, {"symbol": "ADAUSDT", "bids": [[0.412, 43217.0], [0.4119, 134378.0], [0.4118, 278985.0], [0.4117, 200582.0], [0.4116, 232719.0], [0.4115, 193588.0], [0.4114, 248048.0], [0.4113, 288599.0], [0.4112, 275834.0], [0.4111, 422414.0], [0.411, 165501.0], [0.4109, 153393.0], [0.4108, 251115.0], [0.4107, 269346.0], [0.4106, 205126.0], [0.4105, 134341.0], [0.4104, 80880.0], [0.4103, 105125.0], [0.4102, 152780.0], [0.4101, 280701.0]], "asks": [[0.4121, 102647.0], [0.4122, 115383.0], [0.4123, 151450.0], [0.4124, 147936.0], [0.4125, 265097.0], [0.4126, 211213.0], [0.4127, 241512.0], [0.4128, 182264.0], [0.4129, 224631.0], [0.413, 240010.0], [0.4131, 168423.0], [0.4132, 218749.0], [0.4133, 327417.0], [0.4134, 96763.0], [0.4135, 121754.0], [0.4136, 95679.0], [0.4137, 153780.0], [0.4138, 197939.0], [0.4139, 127843.0], [0.414, 262673.0]], "timestamp": "2025-12-13T09:40:05.105889+00:00"}, {"symbol": "ADAUSDT", "bids": [[0.412, 40023.0], [0.4119, 125259.0], [0.4118, 262327.0], [0.4117, 197517.0], [0.4116, 236096.0], [0.4115, 244242.0], [0.4114, 232979.0], [0.4113, 272972.0], [0.4112, 267047.0], [0.4111, 447774.0], [0.411, 161426.0], [0.4109, 169231.0], [0.4108, 240066.0], [0.4107, 249019.0], [0.4106, 274132.0], [0.4105, 254765.0], [0.4104, 79356.0], [0.4103, 105011.0], [0.4102, 126881.0], [0.4101, 102554.0]], "asks": [[0.4121, 73190.0], [0.4122, 111372.0], [0.4123, 147592.0], [0.4124, 146790.0], [0.4125, 291114.0], [0.4126, 206769.0], [0.4127, 278312.0], [0.4128, 156641.0], [0.4129, 138602.0], [0.413, 211404.0], [0.4131, 190768.0], [0.4132, 298346.0], [0.4133, 321507.0], [0.4134, 96546.0], [0.4135, 121270.0], [0.4136, 95896.0], [0.4137, 183780.0], [0.4138, 197939.0], [0.4139, 127843.0], [0.414, 233157.0]], "timestamp": "2025-12-13T09:40:59.146419+00:00"}, {"symbol": "ADAUSDT", "bids": [[0.4118, 111863.0], [0.4117, 198750.0], [0.4116, 264056.0], [0.4115, 234522.0], [0.4114, 235464.0], [0.4113, 208157.0], [0.4112, 272395.0], [0.4111, 539476.0], [0.411, 255659.0], [0.4109, 195124.0], [0.4108, 123083.0], [0.4107, 151478.0], [0.4106, 369802.0], [0.4105, 368768.0], [0.4104, 103849.0], [0.4103, 111859.0], [0.4102, 135837.0], [0.4101, 102569.0], [0.41, 135924.0], [0.4099, 127288.0]], "asks": [[0.4119, 31773.0], [0.412, 179098.0], [0.4121, 199767.0], [0.4122, 202388.0], [0.4123, 209849.0], [0.4124, 203625.0], [0.4125, 383508.0], [0.4126, 243639.0], [0.4127, 249222.0], [0.4128, 199873.0], [0.4129, 158015.0], [0.413, 197637.0], [0.4131, 269101.0], [0.4132, 163686.0], [0.4133, 194311.0], [0.4134, 96303.0], [0.4135, 114437.0], [0.4136, 102885.0], [0.4137, 185944.0], [0.4138, 197949.0]], "timestamp": "2025-12-13T09:41:53.037349+00:00"}, {"symbol": "ADAUSDT", "bids": [[0.4119, 38995.0], [0.4118, 131264.0], [0.4117, 249249.0], [0.4116, 275261.0], [0.4115, 246505.0], [0.4114, 257452.0], [0.4113, 279294.0], [0.4112, 265027.0], [0.4111, 350765.0], [0.411, 347462.0], [0.4109, 139383.0], [0.4108, 146850.0], [0.4107, 247020.0], [0.4106, 341757.0], [0.4105, 251015.0], [0.4104, 102535.0], [0.4103, 113173.0], [0.4102, 193338.0], [0.4101, 111588.0], [0.41, 237294.0]], "asks": [[0.412, 141490.0], [0.4121, 140584.0], [0.4122, 234574.0], [0.4123, 168476.0], [0.4124, 208488.0], [0.4125, 395703.0], [0.4126, 240074.0], [0.4127, 248749.0], [0.4128, 209905.0], [0.4129, 167931.0], [0.413, 229887.0], [0.4131, 263932.0], [0.4132, 187550.0], [0.4133, 194653.0], [0.4134, 96316.0], [0.4135, 121240.0], [0.4136, 102885.0], [0.4137, 185459.0], [0.4138, 197949.0], [0.4139, 120596.0]], "timestamp": "2025-12-13T09:42:47.179802+00:00"}, {"symbol": "ADAUSDT", "bids": [[0.4118, 125983.0], [0.4117, 205742.0], [0.4116, 243118.0], [0.4115, 250135.0], [0.4114, 221265.0], [0.4113, 187090.0], [0.4112, 257790.0], [0.4111, 435133.0], [0.411, 368045.0], [0.4109, 204236.0], [0.4108, 152992.0], [0.4107, 158312.0], [0.4106, 290273.0], [0.4105, 353206.0], [0.4104, 118071.0], [0.4103, 126053.0], [0.4102, 185959.0], [0.4101, 111506.0], [0.41, 226672.0], [0.4099, 127540.0]], "asks": [[0.4119, 59468.0], [0.412, 142518.0], [0.4121, 232382.0], [0.4122, 375469.0], [0.4123, 212852.0], [0.4124, 222838.0], [0.4125, 423970.0], [0.4126, 232929.0], [0.4127, 210966.0], [0.4128, 207355.0], [0.4129, 144668.0], [0.413, 175456.0], [0.4131, 264957.0], [0.4132, 187533.0], [0.4133, 196622.0], [0.4134, 102209.0], [0.4135, 142610.0], [0.4136, 102885.0], [0.4137, 175948.0], [0.4138, 261116.0]], "timestamp": "2025-12-13T09:43:41.452544+00:00"}, {"symbol": "ADAUSDT", "bids": [[0.4118, 107807.0], [0.4117, 206869.0], [0.4116, 278553.0], [0.4115, 286240.0], [0.4114, 252882.0], [0.4113, 313574.0], [0.4112, 249313.0], [0.4111, 319427.0], [0.411, 337699.0], [0.4109, 170093.0], [0.4108, 142046.0], [0.4107, 127527.0], [0.4106, 435092.0], [0.4105, 251045.0], [0.4104, 109355.0], [0.4103, 166056.0], [0.4102, 179141.0], [0.4101, 111476.0], [0.41, 225214.0], [0.4099, 138266.0]], "asks": [[0.4119, 89120.0], [0.412, 141380.0], [0.4121, 186612.0], [0.4122, 224461.0], [0.4123, 323892.0], [0.4124, 181608.0], [0.4125, 230913.0], [0.4126, 424986.0], [0.4127, 315970.0], [0.4128, 234236.0], [0.4129, 127556.0], [0.413, 174523.0], [0.4131, 195398.0], [0.4132, 187167.0], [0.4133, 313058.0], [0.4134, 100875.0], [0.4135, 147595.0], [0.4136, 95648.0], [0.4137, 185943.0], [0.4138, 173774.0]], "timestamp": "2025-12-13T09:44:35.520185+00:00"}, {"symbol": "ADAUSDT", "bids": [[0.4117, 54586.0], [0.4116, 178039.0], [0.4115, 250753.0], [0.4114, 223379.0], [0.4113, 287989.0], [0.4112, 336464.0], [0.4111, 332252.0], [0.411, 231044.0], [0.4109, 205517.0], [0.4108, 321995.0], [0.4107, 188684.0], [0.4106, 342277.0], [0.4105, 356992.0], [0.4104, 109120.0], [0.4103, 166522.0], [0.4102, 185959.0], [0.4101, 111851.0], [0.41, 225719.0], [0.4099, 138266.0], [0.4098, 218971.0]], "asks": [[0.4118, 84848.0], [0.4119, 122541.0], [0.412, 191767.0], [0.4121, 196522.0], [0.4122, 410809.0], [0.4123, 240021.0], [0.4124, 274971.0], [0.4125, 238239.0], [0.4126, 297029.0], [0.4127, 286778.0], [0.4128, 188949.0], [0.4129, 115997.0], [0.413, 151918.0], [0.4131, 190042.0], [0.4132, 303987.0], [0.4133, 196635.0], [0.4134, 99394.0], [0.4135, 141218.0], [0.4136, 103370.0], [0.4137, 185458.0]], "timestamp": "2025-12-13T09:45:29.690116+00:00"}, {"symbol": "ADAUSDT", "bids": [[0.4118, 51272.0], [0.4117, 153140.0], [0.4116, 232443.0], [0.4115, 266412.0], [0.4114, 234743.0], [0.4113, 274593.0], [0.4112, 331481.0], [0.4111, 370484.0], [0.411, 240409.0], [0.4109, 309195.0], [0.4108, 169271.0], [0.4107, 150570.0], [0.4106, 444961.0], [0.4105, 253491.0], [0.4104, 84757.0], [0.4103, 166522.0], [0.4102, 188035.0], [0.4101, 141851.0], [0.41, 223720.0], [0.4099, 140257.0]], "asks": [[0.4119, 67491.0], [0.412, 195955.0], [0.4121, 336023.0], [0.4122, 190110.0], [0.4123, 212580.0], [0.4124, 192302.0], [0.4125, 324710.0], [0.4126, 296798.0], [0.4127, 319750.0], [0.4128, 183617.0], [0.4129, 151959.0], [0.413, 153805.0], [0.4131, 164724.0], [0.4132, 303972.0], [0.4133, 196635.0], [0.4134, 99394.0], [0.4135, 172582.0], [0.4136, 96597.0], [0.4137, 130107.0], [0.4138, 188411.0]], "timestamp": "2025-12-13T09:46:23.963203+00:00"}, {"symbol": "ADAUSDT", "bids": [[0.4116, 67462.0], [0.4115, 200369.0], [0.4114, 272532.0], [0.4113, 281772.0], [0.4112, 395484.0], [0.4111, 358159.0], [0.411, 271174.0], [0.4109, 279497.0], [0.4108, 220247.0], [0.4107, 176287.0], [0.4106, 141698.0], [0.4105, 148760.0], [0.4104, 229066.0], [0.4103, 319570.0], [0.4102, 236990.0], [0.4101, 238407.0], [0.41, 223546.0], [0.4099, 156964.0], [0.4098, 179136.0], [0.4097, 106256.0]], "asks": [[0.4117, 65052.0], [0.4118, 229054.0], [0.4119, 224857.0], [0.412, 225706.0], [0.4121, 204843.0], [0.4122, 315638.0], [0.4123, 335813.0], [0.4124, 410844.0], [0.4125, 171767.0], [0.4126, 258356.0], [0.4127, 208300.0], [0.4128, 206039.0], [0.4129, 139998.0], [0.413, 138800.0], [0.4131, 129857.0], [0.4132, 105159.0], [0.4133, 205634.0], [0.4134, 218887.0], [0.4135, 195228.0], [0.4136, 125042.0]], "timestamp": "2025-12-13T09:47:18.048119+00:00"}, {"symbol": "ADAUSDT", "bids": [[0.4115, 50464.0], [0.4114, 248267.0], [0.4113, 349883.0], [0.4112, 372982.0], [0.4111, 293646.0], [0.411, 376146.0], [0.4109, 260035.0], [0.4108, 203114.0], [0.4107, 267618.0], [0.4106, 127168.0], [0.4105, 149678.0], [0.4104, 331018.0], [0.4103, 173639.0], [0.4102, 166943.0], [0.4101, 150970.0], [0.41, 223071.0], [0.4099, 118430.0], [0.4098, 99303.0], [0.4097, 118803.0], [0.4096, 331105.0]], "asks": [[0.4116, 104726.0], [0.4117, 181313.0], [0.4118, 468705.0], [0.4119, 217744.0], [0.412, 212369.0], [0.4121, 213382.0], [0.4122, 313239.0], [0.4123, 196467.0], [0.4124, 239202.0], [0.4125, 215013.0], [0.4126, 252232.0], [0.4127, 223999.0], [0.4128, 171015.0], [0.4129, 170294.0], [0.413, 215284.0], [0.4131, 161887.0], [0.4132, 72067.0], [0.4133, 167790.0], [0.4134, 116294.0], [0.4135, 212933.0]], "timestamp": "2025-12-13T09:48:11.893936+00:00"}, {"symbol": "ADAUSDT", "bids": [[0.4117, 5903.0], [0.4116, 148923.0], [0.4115, 203610.0], [0.4114, 248021.0], [0.4113, 301417.0], [0.4112, 352137.0], [0.4111, 247023.0], [0.411, 295623.0], [0.4109, 375286.0], [0.4108, 205329.0], [0.4107, 234802.0], [0.4106, 126422.0], [0.4105, 144455.0], [0.4104, 326684.0], [0.4103, 173622.0], [0.4102, 168257.0], [0.4101, 151077.0], [0.41, 216235.0], [0.4099, 118527.0], [0.4098, 99351.0]], "asks": [[0.4118, 171651.0], [0.4119, 238306.0], [0.412, 506730.0], [0.4121, 212602.0], [0.4122, 307737.0], [0.4123, 225626.0], [0.4124, 251189.0], [0.4125, 328741.0], [0.4126, 257319.0], [0.4127, 188897.0], [0.4128, 172772.0], [0.4129, 159407.0], [0.413, 214941.0], [0.4131, 164510.0], [0.4132, 71865.0], [0.4133, 175957.0], [0.4134, 116027.0], [0.4135, 237103.0], [0.4136, 103708.0], [0.4137, 211858.0]], "timestamp": "2025-12-13T09:49:05.797290+00:00"}, {"symbol": "ADAUSDT", "bids": [[0.4116, 59279.0], [0.4115, 196191.0], [0.4114, 270698.0], [0.4113, 255525.0], [0.4112, 362498.0], [0.4111, 277841.0], [0.411, 271010.0], [0.4109, 244308.0], [0.4108, 167115.0], [0.4107, 253317.0], [0.4106, 146966.0], [0.4105, 172016.0], [0.4104, 332271.0], [0.4103, 173744.0], [0.4102, 168257.0], [0.4101, 152488.0], [0.41, 216454.0], [0.4099, 118325.0], [0.4098, 99132.0], [0.4097, 119606.0]], "asks": [[0.4117, 72103.0], [0.4118, 191620.0], [0.4119, 308190.0], [0.412, 490709.0], [0.4121, 197880.0], [0.4122, 327030.0], [0.4123, 224486.0], [0.4124, 241808.0], [0.4125, 197535.0], [0.4126, 249846.0], [0.4127, 172549.0], [0.4128, 170380.0], [0.4129, 159758.0], [0.413, 243932.0], [0.4131, 164228.0], [0.4132, 71882.0], [0.4133, 175957.0], [0.4134, 115810.0], [0.4135, 212916.0], [0.4136, 103925.0]], "timestamp": "2025-12-13T09:49:59.154759+00:00"}, {"symbol": "ADAUSDT", "bids": [[0.4117, 72206.0], [0.4116, 209130.0], [0.4115, 289084.0], [0.4114, 240656.0], [0.4113, 264549.0], [0.4112, 235292.0], [0.4111, 383693.0], [0.411, 327378.0], [0.4109, 186516.0], [0.4108, 144180.0], [0.4107, 266074.0], [0.4106, 142501.0], [0.4105, 154946.0], [0.4104, 321033.0], [0.4103, 173841.0], [0.4102, 168476.0], [0.4101, 150955.0], [0.41, 216235.0], [0.4099, 118325.0], [0.4098, 99132.0]], "asks": [[0.4118, 37735.0], [0.4119, 368055.0], [0.412, 262462.0], [0.4121, 224538.0], [0.4122, 281220.0], [0.4123, 187914.0], [0.4124, 222971.0], [0.4125, 320530.0], [0.4126, 249632.0], [0.4127, 204842.0], [0.4128, 228999.0], [0.4129, 159529.0], [0.413, 244074.0], [0.4131, 164570.0], [0.4132, 71882.0], [0.4133, 175957.0], [0.4134, 115810.0], [0.4135, 237104.0], [0.4136, 88891.0], [0.4137, 124488.0]], "timestamp": "2025-12-13T09:50:53.278735+00:00"}, {"symbol": "ADAUSDT", "bids": [[0.4118, 78189.0], [0.4117, 158528.0], [0.4116, 247027.0], [0.4115, 300151.0], [0.4114, 264413.0], [0.4113, 245869.0], [0.4112, 317843.0], [0.4111, 240803.0], [0.411, 279735.0], [0.4109, 185781.0], [0.4108, 164818.0], [0.4107, 236445.0], [0.4106, 229447.0], [0.4105, 151702.0], [0.4104, 217050.0], [0.4103, 160959.0], [0.4102, 185791.0], [0.4101, 111714.0], [0.41, 230839.0], [0.4099, 126336.0]], "asks": [[0.4119, 70163.0], [0.412, 156847.0], [0.4121, 320081.0], [0.4122, 580609.0], [0.4123, 105213.0], [0.4124, 146274.0], [0.4125, 325622.0], [0.4126, 328290.0], [0.4127, 218290.0], [0.4128, 176841.0], [0.4129, 132191.0], [0.413, 156455.0], [0.4131, 255599.0], [0.4132, 244810.0], [0.4133, 175720.0], [0.4134, 111847.0], [0.4135, 243844.0], [0.4136, 113085.0], [0.4137, 149153.0], [0.4138, 137371.0]], "timestamp": "2025-12-13T09:51:47.668792+00:00"}, {"symbol": "ADAUSDT", "bids": [[0.4118, 19702.0], [0.4117, 145818.0], [0.4116, 234078.0], [0.4115, 283654.0], [0.4114, 243546.0], [0.4113, 275391.0], [0.4112, 414838.0], [0.4111, 257202.0], [0.411, 257755.0], [0.4109, 192091.0], [0.4108, 129391.0], [0.4107, 283109.0], [0.4106, 231851.0], [0.4105, 151580.0], [0.4104, 217301.0], [0.4103, 161347.0], [0.4102, 215210.0], [0.4101, 111963.0], [0.41, 230839.0], [0.4099, 126369.0]], "asks": [[0.4119, 78008.0], [0.412, 505116.0], [0.4121, 273894.0], [0.4122, 260850.0], [0.4123, 131709.0], [0.4124, 254530.0], [0.4125, 335104.0], [0.4126, 256241.0], [0.4127, 240497.0], [0.4128, 171399.0], [0.4129, 111505.0], [0.413, 165443.0], [0.4131, 230271.0], [0.4132, 230497.0], [0.4133, 175705.0], [0.4134, 111847.0], [0.4135, 237041.0], [0.4136, 113086.0], [0.4137, 123652.0], [0.4138, 137588.0]], "timestamp": "2025-12-13T09:52:41.926248+00:00"}, {"symbol": "ADAUSDT", "bids": [[0.4117, 50797.0], [0.4116, 195379.0], [0.4115, 294770.0], [0.4114, 248384.0], [0.4113, 203921.0], [0.4112, 297934.0], [0.4111, 249610.0], [0.411, 324227.0], [0.4109, 209833.0], [0.4108, 166068.0], [0.4107, 284148.0], [0.4106, 125398.0], [0.4105, 268114.0], [0.4104, 216816.0], [0.4103, 161347.0], [0.4102, 215210.0], [0.4101, 111963.0], [0.41, 230474.0], [0.4099, 126369.0], [0.4098, 185746.0]], "asks": [[0.4118, 41151.0], [0.4119, 158430.0], [0.412, 496046.0], [0.4121, 294882.0], [0.4122, 235782.0], [0.4123, 250703.0], [0.4124, 247429.0], [0.4125, 182792.0], [0.4126, 241144.0], [0.4127, 194547.0], [0.4128, 166363.0], [0.4129, 157029.0], [0.413, 159777.0], [0.4131, 230613.0], [0.4132, 230155.0], [0.4133, 175705.0], [0.4134, 111847.0], [0.4135, 235677.0], [0.4136, 88906.0], [0.4137, 123652.0]], "timestamp": "2025-12-13T09:53:36.304213+00:00"}, {"symbol": "ADAUSDT", "bids": [[0.4115, 133823.0], [0.4114, 291603.0], [0.4113, 255367.0], [0.4112, 230505.0], [0.4111, 233101.0], [0.411, 268446.0], [0.4109, 297141.0], [0.4108, 274921.0], [0.4107, 237662.0], [0.4106, 188491.0], [0.4105, 265264.0], [0.4104, 273660.0], [0.4103, 139313.0], [0.4102, 230727.0], [0.4101, 133059.0], [0.41, 222031.0], [0.4099, 113960.0], [0.4098, 98038.0], [0.4097, 97468.0], [0.4096, 212825.0]], "asks": [[0.4116, 16701.0], [0.4117, 157751.0], [0.4118, 220763.0], [0.4119, 211144.0], [0.412, 223762.0], [0.4121, 476527.0], [0.4122, 257970.0], [0.4123, 356119.0], [0.4124, 275943.0], [0.4125, 189919.0], [0.4126, 253681.0], [0.4127, 155006.0], [0.4128, 213157.0], [0.4129, 219876.0], [0.413, 106372.0], [0.4131, 177414.0], [0.4132, 71163.0], [0.4133, 168858.0], [0.4134, 123056.0], [0.4135, 235677.0]], "timestamp": "2025-12-13T09:54:30.165380+00:00"}, {"symbol": "ADAUSDT", "bids": [[0.4115, 31666.0], [0.4114, 183952.0], [0.4113, 222132.0], [0.4112, 239878.0], [0.4111, 282755.0], [0.411, 320001.0], [0.4109, 299908.0], [0.4108, 204657.0], [0.4107, 176059.0], [0.4106, 153690.0], [0.4105, 231533.0], [0.4104, 280680.0], [0.4103, 244917.0], [0.4102, 230399.0], [0.4101, 135863.0], [0.41, 232497.0], [0.4099, 113927.0], [0.4098, 98086.0], [0.4097, 97468.0], [0.4096, 212825.0]], "asks": [[0.4116, 100598.0], [0.4117, 205834.0], [0.4118, 457158.0], [0.4119, 225825.0], [0.412, 164551.0], [0.4121, 224550.0], [0.4122, 324159.0], [0.4123, 392073.0], [0.4124, 200032.0], [0.4125, 191107.0], [0.4126, 218746.0], [0.4127, 143911.0], [0.4128, 251924.0], [0.4129, 227741.0], [0.413, 92873.0], [0.4131, 207060.0], [0.4132, 72527.0], [0.4133, 189845.0], [0.4134, 108850.0], [0.4135, 225919.0]], "timestamp": "2025-12-13T09:55:24.614439+00:00"}, {"symbol": "ADAUSDT", "bids": [[0.4115, 28393.0], [0.4114, 146259.0], [0.4113, 217354.0], [0.4112, 294660.0], [0.4111, 237691.0], [0.411, 307845.0], [0.4109, 234339.0], [0.4108, 300115.0], [0.4107, 134007.0], [0.4106, 210539.0], [0.4105, 221796.0], [0.4104, 279617.0], [0.4103, 179492.0], [0.4102, 329917.0], [0.4101, 134452.0], [0.41, 232716.0], [0.4099, 131005.0], [0.4098, 143783.0], [0.4097, 113340.0], [0.4096, 198789.0]], "asks": [[0.4116, 173692.0], [0.4117, 248343.0], [0.4118, 418761.0], [0.4119, 176120.0], [0.412, 161617.0], [0.4121, 271276.0], [0.4122, 440970.0], [0.4123, 298145.0], [0.4124, 172685.0], [0.4125, 191727.0], [0.4126, 190236.0], [0.4127, 132917.0], [0.4128, 343964.0], [0.4129, 127261.0], [0.413, 96661.0], [0.4131, 207414.0], [0.4132, 73394.0], [0.4133, 177405.0], [0.4134, 95450.0], [0.4135, 165904.0]], "timestamp": "2025-12-13T09:56:18.300192+00:00"}, {"symbol": "ADAUSDT", "bids": [[0.4116, 46084.0], [0.4115, 101599.0], [0.4114, 256182.0], [0.4113, 239010.0], [0.4112, 201393.0], [0.4111, 343556.0], [0.411, 284807.0], [0.4109, 247646.0], [0.4108, 230013.0], [0.4107, 127137.0], [0.4106, 176794.0], [0.4105, 232398.0], [0.4104, 396791.0], [0.4103, 130415.0], [0.4102, 189211.0], [0.4101, 135644.0], [0.41, 256884.0], [0.4099, 123950.0], [0.4098, 119388.0], [0.4097, 113340.0]], "asks": [[0.4117, 91328.0], [0.4118, 232447.0], [0.4119, 474560.0], [0.412, 215787.0], [0.4121, 262960.0], [0.4122, 336925.0], [0.4123, 395557.0], [0.4124, 160480.0], [0.4125, 188447.0], [0.4126, 149127.0], [0.4127, 157910.0], [0.4128, 369859.0], [0.4129, 132191.0], [0.413, 97558.0], [0.4131, 208059.0], [0.4132, 80197.0], [0.4133, 181502.0], [0.4134, 125450.0], [0.4135, 165904.0], [0.4136, 98140.0]], "timestamp": "2025-12-13T09:57:11.651432+00:00"}, {"symbol": "ADAUSDT", "bids": [[0.4115, 83921.0], [0.4114, 198819.0], [0.4113, 245509.0], [0.4112, 245672.0], [0.4111, 244409.0], [0.411, 312815.0], [0.4109, 321115.0], [0.4108, 198910.0], [0.4107, 173589.0], [0.4106, 152101.0], [0.4105, 269053.0], [0.4104, 177733.0], [0.4103, 130386.0], [0.4102, 234074.0], [0.4101, 254914.0], [0.41, 255583.0], [0.4099, 128114.0], [0.4098, 128272.0], [0.4097, 177921.0], [0.4096, 216986.0]], "asks": [[0.4116, 68949.0], [0.4117, 143498.0], [0.4118, 289249.0], [0.4119, 532199.0], [0.412, 232049.0], [0.4121, 259123.0], [0.4122, 281547.0], [0.4123, 295468.0], [0.4124, 276154.0], [0.4125, 164320.0], [0.4126, 244206.0], [0.4127, 129121.0], [0.4128, 307827.0], [0.4129, 127369.0], [0.413, 97237.0], [0.4131, 174756.0], [0.4132, 74605.0], [0.4133, 181487.0], [0.4134, 164801.0], [0.4135, 253333.0]], "timestamp": "2025-12-13T09:58:05.719209+00:00"}, {"symbol": "ADAUSDT", "bids": [[0.4114, 91691.0], [0.4113, 187726.0], [0.4112, 276922.0], [0.4111, 194869.0], [0.411, 212185.0], [0.4109, 364425.0], [0.4108, 275443.0], [0.4107, 170386.0], [0.4106, 167390.0], [0.4105, 248590.0], [0.4104, 166305.0], [0.4103, 166796.0], [0.4102, 233855.0], [0.4101, 254914.0], [0.41, 255785.0], [0.4099, 152506.0], [0.4098, 134594.0], [0.4097, 177923.0], [0.4096, 216986.0], [0.4095, 181529.0]], "asks": [[0.4115, 62959.0], [0.4116, 161146.0], [0.4117, 201686.0], [0.4118, 251344.0], [0.4119, 551803.0], [0.412, 217740.0], [0.4121, 205491.0], [0.4122, 505840.0], [0.4123, 308300.0], [0.4124, 148273.0], [0.4125, 164303.0], [0.4126, 241767.0], [0.4127, 129598.0], [0.4128, 307685.0], [0.4129, 126889.0], [0.413, 95873.0], [0.4131, 173392.0], [0.4132, 74605.0], [0.4133, 181470.0], [0.4134, 126149.0]], "timestamp": "2025-12-13T09:59:00.094252+00:00"}, {"symbol": "ADAUSDT", "bids": [[0.4115, 78553.0], [0.4114, 134078.0], [0.4113, 210063.0], [0.4112, 234380.0], [0.4111, 227047.0], [0.411, 322544.0], [0.4109, 253368.0], [0.4108, 182879.0], [0.4107, 155639.0], [0.4106, 216445.0], [0.4105, 205130.0], [0.4104, 174673.0], [0.4103, 188641.0], [0.4102, 233986.0], [0.4101, 253016.0], [0.41, 255392.0], [0.4099, 146716.0], [0.4098, 98239.0], [0.4097, 177923.0], [0.4096, 231715.0]], "asks": [[0.4116, 91848.0], [0.4117, 457530.0], [0.4118, 224610.0], [0.4119, 186672.0], [0.412, 215994.0], [0.4121, 175636.0], [0.4122, 439120.0], [0.4123, 325255.0], [0.4124, 140750.0], [0.4125, 147645.0], [0.4126, 239146.0], [0.4127, 117911.0], [0.4128, 277340.0], [0.4129, 127718.0], [0.413, 96359.0], [0.4131, 174899.0], [0.4132, 74788.0], [0.4133, 181470.0], [0.4134, 119857.0], [0.4135, 165904.0]], "timestamp": "2025-12-13T09:59:54.265365+00:00"}, {"symbol": "ADAUSDT", "bids": [[0.4113, 102644.0], [0.4112, 228328.0], [0.4111, 312567.0], [0.411, 233018.0], [0.4109, 199649.0], [0.4108, 195045.0], [0.4107, 210222.0], [0.4106, 179734.0], [0.4105, 226876.0], [0.4104, 187216.0], [0.4103, 166561.0], [0.4102, 174589.0], [0.4101, 372005.0], [0.41, 166621.0], [0.4099, 148103.0], [0.4098, 111574.0], [0.4097, 162737.0], [0.4096, 159118.0], [0.4095, 178586.0], [0.4094, 262497.0]], "asks": [[0.4114, 87354.0], [0.4115, 158362.0], [0.4116, 254031.0], [0.4117, 230361.0], [0.4118, 556679.0], [0.4119, 224779.0], [0.412, 199116.0], [0.4121, 176639.0], [0.4122, 469959.0], [0.4123, 331612.0], [0.4124, 118466.0], [0.4125, 151871.0], [0.4126, 188463.0], [0.4127, 118620.0], [0.4128, 275887.0], [0.4129, 129200.0], [0.413, 95704.0], [0.4131, 164421.0], [0.4132, 73682.0], [0.4133, 181470.0]], "timestamp": "2025-12-13T10:00:48.133174+00:00"}, {"symbol": "ADAUSDT", "bids": [[0.4112, 49058.0], [0.4111, 154703.0], [0.411, 260488.0], [0.4109, 179942.0], [0.4108, 171786.0], [0.4107, 354992.0], [0.4106, 231592.0], [0.4105, 162269.0], [0.4104, 158368.0], [0.4103, 176363.0], [0.4102, 216893.0], [0.4101, 343414.0], [0.41, 210496.0], [0.4099, 218023.0], [0.4098, 111617.0], [0.4097, 168320.0], [0.4096, 164126.0], [0.4095, 194788.0], [0.4094, 262130.0], [0.4093, 387853.0]], "asks": [[0.4113, 164008.0], [0.4114, 168503.0], [0.4115, 250546.0], [0.4116, 656957.0], [0.4117, 168297.0], [0.4118, 236834.0], [0.4119, 286353.0], [0.412, 255736.0], [0.4121, 275016.0], [0.4122, 458500.0], [0.4123, 307710.0], [0.4124, 111444.0], [0.4125, 196196.0], [0.4126, 197514.0], [0.4127, 225058.0], [0.4128, 145133.0], [0.4129, 105209.0], [0.413, 90191.0], [0.4131, 137080.0], [0.4132, 73697.0]], "timestamp": "2025-12-13T10:01:42.810000+00:00"}, {"symbol": "ADAUSDT", "bids": [[0.411, 120064.0], [0.4109, 174321.0], [0.4108, 240675.0], [0.4107, 154651.0], [0.4106, 274110.0], [0.4105, 135045.0], [0.4104, 323861.0], [0.4103, 163270.0], [0.4102, 171460.0], [0.4101, 141479.0], [0.41, 179519.0], [0.4099, 190547.0], [0.4098, 245346.0], [0.4097, 247926.0], [0.4096, 158546.0], [0.4095, 201725.0], [0.4094, 275152.0], [0.4093, 158865.0], [0.4092, 240015.0], [0.4091, 390139.0]], "asks": [[0.4111, 63132.0], [0.4112, 107573.0], [0.4113, 246389.0], [0.4114, 634777.0], [0.4115, 249691.0], [0.4116, 212247.0], [0.4117, 175141.0], [0.4118, 356568.0], [0.4119, 343342.0], [0.412, 241980.0], [0.4121, 167467.0], [0.4122, 161093.0], [0.4123, 234663.0], [0.4124, 170784.0], [0.4125, 286608.0], [0.4126, 116275.0], [0.4127, 110362.0], [0.4128, 139737.0], [0.4129, 109820.0], [0.413, 90220.0]], "timestamp": "2025-12-13T10:02:36.673764+00:00"}, {"symbol": "ADAUSDT", "bids": [[0.4112, 103458.0], [0.4111, 145103.0], [0.411, 202761.0], [0.4109, 194053.0], [0.4108, 243667.0], [0.4107, 292634.0], [0.4106, 167039.0], [0.4105, 211092.0], [0.4104, 240951.0], [0.4103, 168976.0], [0.4102, 160855.0], [0.4101, 137599.0], [0.41, 194557.0], [0.4099, 277755.0], [0.4098, 123242.0], [0.4097, 231123.0], [0.4096, 142544.0], [0.4095, 216401.0], [0.4094, 246921.0], [0.4093, 156614.0]], "asks": [[0.4113, 129194.0], [0.4114, 204915.0], [0.4115, 520096.0], [0.4116, 222221.0], [0.4117, 152341.0], [0.4118, 222303.0], [0.4119, 438037.0], [0.412, 267546.0], [0.4121, 166945.0], [0.4122, 209366.0], [0.4123, 298688.0], [0.4124, 131868.0], [0.4125, 301195.0], [0.4126, 131413.0], [0.4127, 114159.0], [0.4128, 150215.0], [0.4129, 134037.0], [0.413, 90220.0], [0.4131, 121987.0], [0.4132, 73702.0]], "timestamp": "2025-12-13T10:03:31.355524+00:00"}, {"symbol": "ADAUSDT", "bids": [[0.4112, 94952.0], [0.4111, 132218.0], [0.411, 208969.0], [0.4109, 194745.0], [0.4108, 238292.0], [0.4107, 295565.0], [0.4106, 173047.0], [0.4105, 210767.0], [0.4104, 240486.0], [0.4103, 173350.0], [0.4102, 155553.0], [0.4101, 173226.0], [0.41, 191689.0], [0.4099, 271913.0], [0.4098, 123242.0], [0.4097, 232437.0], [0.4096, 142544.0], [0.4095, 191961.0], [0.4094, 246921.0], [0.4093, 156614.0]], "asks": [[0.4113, 89697.0], [0.4114, 200406.0], [0.4115, 527047.0], [0.4116, 226784.0], [0.4117, 153085.0], [0.4118, 229869.0], [0.4119, 315853.0], [0.412, 386927.0], [0.4121, 170468.0], [0.4122, 211373.0], [0.4123, 293486.0], [0.4124, 131432.0], [0.4125, 300650.0], [0.4126, 131910.0], [0.4127, 112673.0], [0.4128, 148851.0], [0.4129, 135523.0], [0.413, 90220.0], [0.4131, 121987.0], [0.4132, 73702.0]], "timestamp": "2025-12-13T10:04:26.182718+00:00"}, {"symbol": "ADAUSDT", "bids": [[0.4112, 80452.0], [0.4111, 125701.0], [0.411, 209253.0], [0.4109, 168209.0], [0.4108, 229370.0], [0.4107, 330821.0], [0.4106, 178864.0], [0.4105, 209319.0], [0.4104, 227339.0], [0.4103, 168599.0], [0.4102, 161744.0], [0.4101, 170607.0], [0.41, 199911.0], [0.4099, 271840.0], [0.4098, 123242.0], [0.4097, 232822.0], [0.4096, 142013.0], [0.4095, 189693.0], [0.4094, 246954.0], [0.4093, 156581.0]], "asks": [[0.4113, 174726.0], [0.4114, 208310.0], [0.4115, 519603.0], [0.4116, 209991.0], [0.4117, 149229.0], [0.4118, 256438.0], [0.4119, 373420.0], [0.412, 243898.0], [0.4121, 162457.0], [0.4122, 245828.0], [0.4123, 337330.0], [0.4124, 131432.0], [0.4125, 300283.0], [0.4126, 131910.0], [0.4127, 112673.0], [0.4128, 148851.0], [0.4129, 135523.0], [0.413, 90220.0], [0.4131, 121977.0], [0.4132, 74010.0]], "timestamp": "2025-12-13T10:05:20.515758+00:00"}, {"symbol": "ADAUSDT", "bids": [[0.4112, 275256.0], [0.4111, 198927.0], [0.411, 215521.0], [0.4109, 169022.0], [0.4108, 226402.0], [0.4107, 321989.0], [0.4106, 182429.0], [0.4105, 216206.0], [0.4104, 250748.0], [0.4103, 185219.0], [0.4102, 161744.0], [0.4101, 174094.0], [0.41, 163822.0], [0.4099, 271840.0], [0.4098, 123242.0], [0.4097, 262822.0], [0.4096, 141705.0], [0.4095, 159726.0], [0.4094, 247146.0], [0.4093, 158536.0]], "asks": [[0.4113, 66126.0], [0.4114, 167331.0], [0.4115, 458215.0], [0.4116, 201480.0], [0.4117, 175831.0], [0.4118, 277791.0], [0.4119, 400835.0], [0.412, 193704.0], [0.4121, 145902.0], [0.4122, 218296.0], [0.4123, 313817.0], [0.4124, 136162.0], [0.4125, 300211.0], [0.4126, 162277.0], [0.4127, 112673.0], [0.4128, 150287.0], [0.4129, 134660.0], [0.413, 90706.0], [0.4131, 121962.0], [0.4132, 75234.0]], "timestamp": "2025-12-13T10:06:14.378067+00:00"}, {"symbol": "ADAUSDT", "bids": [[0.4113, 230350.0], [0.4112, 205872.0], [0.4111, 192768.0], [0.411, 210492.0], [0.4109, 204697.0], [0.4108, 293039.0], [0.4107, 246593.0], [0.4106, 200715.0], [0.4105, 218345.0], [0.4104, 254297.0], [0.4103, 156398.0], [0.4102, 173532.0], [0.4101, 239304.0], [0.41, 163765.0], [0.4099, 271825.0], [0.4098, 124543.0], [0.4097, 202246.0], [0.4096, 128580.0], [0.4095, 159741.0], [0.4094, 254486.0]], "asks": [[0.4114, 48846.0], [0.4115, 143257.0], [0.4116, 418822.0], [0.4117, 142187.0], [0.4118, 260111.0], [0.4119, 310479.0], [0.412, 310908.0], [0.4121, 150620.0], [0.4122, 216282.0], [0.4123, 288357.0], [0.4124, 154742.0], [0.4125, 305225.0], [0.4126, 168225.0], [0.4127, 112506.0], [0.4128, 148777.0], [0.4129, 111478.0], [0.413, 90485.0], [0.4131, 147622.0], [0.4132, 74827.0], [0.4133, 171830.0]], "timestamp": "2025-12-13T10:07:08.446463+00:00"}, {"symbol": "ADAUSDT", "bids": [[0.4111, 98738.0], [0.411, 179114.0], [0.4109, 195942.0], [0.4108, 191437.0], [0.4107, 249408.0], [0.4106, 269220.0], [0.4105, 182249.0], [0.4104, 265497.0], [0.4103, 217032.0], [0.4102, 216793.0], [0.4101, 399193.0], [0.41, 178574.0], [0.4099, 131711.0], [0.4098, 130635.0], [0.4097, 217358.0], [0.4096, 135883.0], [0.4095, 154979.0], [0.4094, 234616.0], [0.4093, 137224.0], [0.4092, 193267.0]], "asks": [[0.4112, 76751.0], [0.4113, 265047.0], [0.4114, 591556.0], [0.4115, 223171.0], [0.4116, 183218.0], [0.4117, 199867.0], [0.4118, 222808.0], [0.4119, 437013.0], [0.412, 204412.0], [0.4121, 169989.0], [0.4122, 191625.0], [0.4123, 254678.0], [0.4124, 127413.0], [0.4125, 295192.0], [0.4126, 175739.0], [0.4127, 119893.0], [0.4128, 143601.0], [0.4129, 84867.0], [0.413, 89106.0], [0.4131, 134692.0]], "timestamp": "2025-12-13T10:08:02.721472+00:00"}, {"symbol": "ADAUSDT", "bids": [[0.4113, 31233.0], [0.4112, 227028.0], [0.4111, 287334.0], [0.411, 234238.0], [0.4109, 146689.0], [0.4108, 272256.0], [0.4107, 233005.0], [0.4106, 213607.0], [0.4105, 136654.0], [0.4104, 211812.0], [0.4103, 223809.0], [0.4102, 176352.0], [0.4101, 191354.0], [0.41, 266703.0], [0.4099, 123483.0], [0.4098, 255892.0], [0.4097, 248213.0], [0.4096, 104158.0], [0.4095, 159714.0], [0.4094, 259023.0]], "asks": [[0.4114, 451061.0], [0.4115, 183870.0], [0.4116, 268606.0], [0.4117, 198415.0], [0.4118, 171153.0], [0.4119, 252795.0], [0.412, 363721.0], [0.4121, 280252.0], [0.4122, 187922.0], [0.4123, 266846.0], [0.4124, 138705.0], [0.4125, 183571.0], [0.4126, 199671.0], [0.4127, 237197.0], [0.4128, 161542.0], [0.4129, 151732.0], [0.413, 89106.0], [0.4131, 143357.0], [0.4132, 62908.0], [0.4133, 162096.0]], "timestamp": "2025-12-13T10:08:57.197034+00:00"}, {"symbol": "ADAUSDT", "bids": [[0.4117, 34918.0], [0.4116, 211777.0], [0.4115, 214871.0], [0.4114, 243415.0], [0.4113, 222676.0], [0.4112, 249038.0], [0.4111, 242024.0], [0.411, 258188.0], [0.4109, 360686.0], [0.4108, 264059.0], [0.4107, 121483.0], [0.4106, 133434.0], [0.4105, 135237.0], [0.4104, 147445.0], [0.4103, 256131.0], [0.4102, 413140.0], [0.4101, 104883.0], [0.41, 129951.0], [0.4099, 92246.0], [0.4098, 130063.0]], "asks": [[0.4118, 83003.0], [0.4119, 108630.0], [0.412, 201302.0], [0.4121, 138848.0], [0.4122, 180448.0], [0.4123, 341203.0], [0.4124, 220946.0], [0.4125, 236607.0], [0.4126, 201339.0], [0.4127, 152225.0], [0.4128, 214609.0], [0.4129, 359044.0], [0.413, 128992.0], [0.4131, 181806.0], [0.4132, 79221.0], [0.4133, 205176.0], [0.4134, 141687.0], [0.4135, 307590.0], [0.4136, 95507.0], [0.4137, 186632.0]], "timestamp": "2025-12-13T10:09:51.578346+00:00"}, {"symbol": "ADAUSDT", "bids": [[0.4114, 89619.0], [0.4113, 314364.0], [0.4112, 230784.0], [0.4111, 248313.0], [0.411, 260732.0], [0.4109, 424457.0], [0.4108, 273558.0], [0.4107, 182205.0], [0.4106, 156936.0], [0.4105, 126369.0], [0.4104, 152609.0], [0.4103, 210037.0], [0.4102, 398777.0], [0.4101, 119188.0], [0.41, 150877.0], [0.4099, 123557.0], [0.4098, 147843.0], [0.4097, 191919.0], [0.4096, 154499.0], [0.4095, 167821.0]], "asks": [[0.4115, 154502.0], [0.4116, 167550.0], [0.4117, 253128.0], [0.4118, 229587.0], [0.4119, 162567.0], [0.412, 198109.0], [0.4121, 329515.0], [0.4122, 291324.0], [0.4123, 186637.0], [0.4124, 145929.0], [0.4125, 259441.0], [0.4126, 182810.0], [0.4127, 146645.0], [0.4128, 306526.0], [0.4129, 131135.0], [0.413, 114862.0], [0.4131, 183627.0], [0.4132, 70781.0], [0.4133, 198343.0], [0.4134, 129604.0]], "timestamp": "2025-12-13T10:10:46.152388+00:00"}, {"symbol": "ADAUSDT", "bids": [[0.4118, 110932.0], [0.4117, 201089.0], [0.4116, 237783.0], [0.4115, 251981.0], [0.4114, 198500.0], [0.4113, 242203.0], [0.4112, 263979.0], [0.4111, 304832.0], [0.411, 248492.0], [0.4109, 347984.0], [0.4108, 192059.0], [0.4107, 91207.0], [0.4106, 118438.0], [0.4105, 216844.0], [0.4104, 191617.0], [0.4103, 276235.0], [0.4102, 155293.0], [0.4101, 101716.0], [0.41, 145866.0], [0.4099, 213047.0]], "asks": [[0.4119, 29750.0], [0.412, 126668.0], [0.4121, 234312.0], [0.4122, 145766.0], [0.4123, 210178.0], [0.4124, 256320.0], [0.4125, 246784.0], [0.4126, 197090.0], [0.4127, 175973.0], [0.4128, 215481.0], [0.4129, 249902.0], [0.413, 142953.0], [0.4131, 217270.0], [0.4132, 204393.0], [0.4133, 217135.0], [0.4134, 163122.0], [0.4135, 165917.0], [0.4136, 95492.0], [0.4137, 218778.0], [0.4138, 168451.0]], "timestamp": "2025-12-13T10:11:39.745885+00:00"}, {"symbol": "ADAUSDT", "bids": [[0.4117, 6704.0], [0.4116, 92253.0], [0.4115, 198094.0], [0.4114, 236625.0], [0.4113, 290702.0], [0.4112, 233701.0], [0.4111, 263633.0], [0.411, 415905.0], [0.4109, 232550.0], [0.4108, 190268.0], [0.4107, 169789.0], [0.4106, 168045.0], [0.4105, 266520.0], [0.4104, 289441.0], [0.4103, 158041.0], [0.4102, 160251.0], [0.4101, 139102.0], [0.41, 146319.0], [0.4099, 204604.0], [0.4098, 152732.0]], "asks": [[0.4118, 148044.0], [0.4119, 212347.0], [0.412, 247906.0], [0.4121, 223711.0], [0.4122, 201239.0], [0.4123, 323291.0], [0.4124, 196702.0], [0.4125, 223530.0], [0.4126, 298090.0], [0.4127, 188142.0], [0.4128, 248254.0], [0.4129, 307938.0], [0.413, 119611.0], [0.4131, 181672.0], [0.4132, 89828.0], [0.4133, 225221.0], [0.4134, 156304.0], [0.4135, 191231.0], [0.4136, 111194.0], [0.4137, 281977.0]], "timestamp": "2025-12-13T10:12:33.263244+00:00"}, {"symbol": "ADAUSDT", "bids": [[0.4118, 119072.0], [0.4117, 179052.0], [0.4116, 193744.0], [0.4115, 195390.0], [0.4114, 290698.0], [0.4113, 236504.0], [0.4112, 426656.0], [0.4111, 260911.0], [0.411, 261074.0], [0.4109, 236639.0], [0.4108, 206469.0], [0.4107, 104902.0], [0.4106, 156321.0], [0.4105, 232457.0], [0.4104, 246295.0], [0.4103, 158397.0], [0.4102, 159181.0], [0.4101, 101201.0], [0.41, 146289.0], [0.4099, 211325.0]], "asks": [[0.4119, 43898.0], [0.412, 180826.0], [0.4121, 267979.0], [0.4122, 167571.0], [0.4123, 265138.0], [0.4124, 275144.0], [0.4125, 168958.0], [0.4126, 195426.0], [0.4127, 329764.0], [0.4128, 225344.0], [0.4129, 257548.0], [0.413, 262251.0], [0.4131, 181358.0], [0.4132, 88821.0], [0.4133, 223887.0], [0.4134, 166914.0], [0.4135, 192607.0], [0.4136, 95507.0], [0.4137, 194605.0], [0.4138, 168451.0]], "timestamp": "2025-12-13T10:13:28.048680+00:00"}, {"symbol": "ADAUSDT", "bids": [[0.4119, 153757.0], [0.4118, 235536.0], [0.4117, 246960.0], [0.4116, 278678.0], [0.4115, 282398.0], [0.4114, 239224.0], [0.4113, 282724.0], [0.4112, 315655.0], [0.4111, 249897.0], [0.411, 231495.0], [0.4109, 195585.0], [0.4108, 206326.0], [0.4107, 215738.0], [0.4106, 134945.0], [0.4105, 222813.0], [0.4104, 119964.0], [0.4103, 160133.0], [0.4102, 182946.0], [0.4101, 101216.0], [0.41, 158476.0]], "asks": [[0.412, 43094.0], [0.4121, 137864.0], [0.4122, 230718.0], [0.4123, 237171.0], [0.4124, 137320.0], [0.4125, 214044.0], [0.4126, 338712.0], [0.4127, 215249.0], [0.4128, 230764.0], [0.4129, 238717.0], [0.413, 204893.0], [0.4131, 251861.0], [0.4132, 219151.0], [0.4133, 245821.0], [0.4134, 164499.0], [0.4135, 199410.0], [0.4136, 114858.0], [0.4137, 124727.0], [0.4138, 170867.0], [0.4139, 233562.0]], "timestamp": "2025-12-13T10:14:22.434580+00:00"}, {"symbol": "ADAUSDT", "bids": [[0.4122, 103004.0], [0.4121, 186342.0], [0.412, 285514.0], [0.4119, 366711.0], [0.4118, 264358.0], [0.4117, 383224.0], [0.4116, 205258.0], [0.4115, 239514.0], [0.4114, 242581.0], [0.4113, 206261.0], [0.4112, 198066.0], [0.4111, 191815.0], [0.411, 215779.0], [0.4109, 148074.0], [0.4108, 239071.0], [0.4107, 171038.0], [0.4106, 153840.0], [0.4105, 86986.0], [0.4104, 116039.0], [0.4103, 154267.0]], "asks": [[0.4123, 111060.0], [0.4124, 154189.0], [0.4125, 278687.0], [0.4126, 171890.0], [0.4127, 176972.0], [0.4128, 196757.0], [0.4129, 270240.0], [0.413, 307774.0], [0.4131, 213343.0], [0.4132, 164267.0], [0.4133, 316602.0], [0.4134, 130291.0], [0.4135, 340288.0], [0.4136, 130052.0], [0.4137, 153983.0], [0.4138, 146486.0], [0.4139, 113024.0], [0.414, 229386.0], [0.4141, 208402.0], [0.4142, 70775.0]], "timestamp": "2025-12-13T10:15:16.402774+00:00"}, {"symbol": "ADAUSDT", "bids": [[0.4126, 160048.0], [0.4125, 221415.0], [0.4124, 255274.0], [0.4123, 251816.0], [0.4122, 348841.0], [0.4121, 269274.0], [0.412, 367130.0], [0.4119, 261866.0], [0.4118, 216434.0], [0.4117, 351755.0], [0.4116, 151510.0], [0.4115, 106350.0], [0.4114, 151504.0], [0.4113, 108178.0], [0.4112, 269835.0], [0.4111, 272097.0], [0.411, 133216.0], [0.4109, 178914.0], [0.4108, 151244.0], [0.4107, 122504.0]], "asks": [[0.4127, 30900.0], [0.4128, 144257.0], [0.4129, 159181.0], [0.413, 151678.0], [0.4131, 189768.0], [0.4132, 270002.0], [0.4133, 218916.0], [0.4134, 198515.0], [0.4135, 209994.0], [0.4136, 171641.0], [0.4137, 241838.0], [0.4138, 288907.0], [0.4139, 192560.0], [0.414, 259323.0], [0.4141, 212127.0], [0.4142, 71844.0], [0.4143, 130182.0], [0.4144, 154623.0], [0.4145, 123207.0], [0.4146, 173541.0]], "timestamp": "2025-12-13T10:16:09.974730+00:00"}, {"symbol": "ADAUSDT", "bids": [[0.4129, 30583.0], [0.4128, 172549.0], [0.4127, 225458.0], [0.4126, 350161.0], [0.4125, 224714.0], [0.4124, 254185.0], [0.4123, 230912.0], [0.4122, 279933.0], [0.4121, 305003.0], [0.412, 427004.0], [0.4119, 183728.0], [0.4118, 157095.0], [0.4117, 125732.0], [0.4116, 234391.0], [0.4115, 132433.0], [0.4114, 149714.0], [0.4113, 117023.0], [0.4112, 148624.0], [0.4111, 294098.0], [0.411, 102765.0]], "asks": [[0.413, 117074.0], [0.4131, 113432.0], [0.4132, 233150.0], [0.4133, 169044.0], [0.4134, 151161.0], [0.4135, 271818.0], [0.4136, 221488.0], [0.4137, 252815.0], [0.4138, 210065.0], [0.4139, 206754.0], [0.414, 373720.0], [0.4141, 159832.0], [0.4142, 89245.0], [0.4143, 167219.0], [0.4144, 158085.0], [0.4145, 97797.0], [0.4146, 188748.0], [0.4147, 183780.0], [0.4148, 297761.0], [0.4149, 256550.0]], "timestamp": "2025-12-13T10:17:04.122263+00:00"}, {"symbol": "ADAUSDT", "bids": [[0.4132, 185228.0], [0.4131, 179008.0], [0.413, 231445.0], [0.4129, 207645.0], [0.4128, 260588.0], [0.4127, 188368.0], [0.4126, 457464.0], [0.4125, 287444.0], [0.4124, 276322.0], [0.4123, 268778.0], [0.4122, 151352.0], [0.4121, 120806.0], [0.412, 170444.0], [0.4119, 165284.0], [0.4118, 173249.0], [0.4117, 224828.0], [0.4116, 119879.0], [0.4115, 146471.0], [0.4114, 254333.0], [0.4113, 126658.0]], "asks": [[0.4133, 39498.0], [0.4134, 135964.0], [0.4135, 229498.0], [0.4136, 143374.0], [0.4137, 220790.0], [0.4138, 148489.0], [0.4139, 227777.0], [0.414, 325871.0], [0.4141, 261950.0], [0.4142, 171343.0], [0.4143, 341995.0], [0.4144, 200578.0], [0.4145, 105511.0], [0.4146, 202079.0], [0.4147, 183064.0], [0.4148, 240127.0], [0.4149, 269770.0], [0.415, 615524.0], [0.4151, 234742.0], [0.4152, 202368.0]], "timestamp": "2025-12-13T10:17:57.773065+00:00"}, {"symbol": "ADAUSDT", "bids": [[0.413, 169066.0], [0.4129, 176711.0], [0.4128, 202855.0], [0.4127, 219895.0], [0.4126, 209743.0], [0.4125, 390646.0], [0.4124, 301815.0], [0.4123, 299768.0], [0.4122, 216853.0], [0.4121, 148286.0], [0.412, 172262.0], [0.4119, 166379.0], [0.4118, 141258.0], [0.4117, 240974.0], [0.4116, 292049.0], [0.4115, 153644.0], [0.4114, 198786.0], [0.4113, 125198.0], [0.4112, 207599.0], [0.4111, 247883.0]], "asks": [[0.4131, 46851.0], [0.4132, 197857.0], [0.4133, 214522.0], [0.4134, 260408.0], [0.4135, 189652.0], [0.4136, 127699.0], [0.4137, 236962.0], [0.4138, 272958.0], [0.4139, 217548.0], [0.414, 210555.0], [0.4141, 171419.0], [0.4142, 152935.0], [0.4143, 288300.0], [0.4144, 221499.0], [0.4145, 96542.0], [0.4146, 136237.0], [0.4147, 178684.0], [0.4148, 209538.0], [0.4149, 299755.0], [0.415, 590421.0]], "timestamp": "2025-12-13T10:18:51.951037+00:00"}, {"symbol": "ADAUSDT", "bids": [[0.4132, 24736.0], [0.4131, 132852.0], [0.413, 221715.0], [0.4129, 295047.0], [0.4128, 177508.0], [0.4127, 352319.0], [0.4126, 287827.0], [0.4125, 295622.0], [0.4124, 266318.0], [0.4123, 215253.0], [0.4122, 187517.0], [0.4121, 131675.0], [0.412, 380345.0], [0.4119, 119759.0], [0.4118, 133908.0], [0.4117, 159446.0], [0.4116, 172094.0], [0.4115, 268496.0], [0.4114, 125196.0], [0.4113, 144205.0]], "asks": [[0.4133, 63743.0], [0.4134, 134431.0], [0.4135, 154843.0], [0.4136, 149173.0], [0.4137, 204108.0], [0.4138, 137387.0], [0.4139, 168991.0], [0.414, 252675.0], [0.4141, 259081.0], [0.4142, 130974.0], [0.4143, 174302.0], [0.4144, 154838.0], [0.4145, 243890.0], [0.4146, 208058.0], [0.4147, 183900.0], [0.4148, 213733.0], [0.4149, 324365.0], [0.415, 618694.0], [0.4151, 90560.0], [0.4152, 206262.0]], "timestamp": "2025-12-13T10:19:46.523290+00:00"}, {"symbol": "ADAUSDT", "bids": [[0.4133, 178184.0], [0.4132, 196603.0], [0.4131, 266194.0], [0.413, 235951.0], [0.4129, 327576.0], [0.4128, 338366.0], [0.4127, 225162.0], [0.4126, 263269.0], [0.4125, 254714.0], [0.4124, 235649.0], [0.4123, 177464.0], [0.4122, 194326.0], [0.4121, 151915.0], [0.412, 425962.0], [0.4119, 181872.0], [0.4118, 128803.0], [0.4117, 120224.0], [0.4116, 120035.0], [0.4115, 215090.0], [0.4114, 124101.0]], "asks": [[0.4134, 72235.0], [0.4135, 118520.0], [0.4136, 228193.0], [0.4137, 169797.0], [0.4138, 153085.0], [0.4139, 279008.0], [0.414, 296493.0], [0.4141, 168648.0], [0.4142, 140248.0], [0.4143, 148485.0], [0.4144, 155063.0], [0.4145, 157619.0], [0.4146, 294389.0], [0.4147, 154714.0], [0.4148, 213908.0], [0.4149, 358744.0], [0.415, 616160.0], [0.4151, 114652.0], [0.4152, 206232.0], [0.4153, 115572.0]], "timestamp": "2025-12-13T10:20:40.591091+00:00"}, {"symbol": "ADAUSDT", "bids": [[0.4135, 59370.0], [0.4134, 172162.0], [0.4133, 268982.0], [0.4132, 235289.0], [0.4131, 231125.0], [0.413, 333768.0], [0.4129, 345315.0], [0.4128, 254345.0], [0.4127, 182023.0], [0.4126, 158981.0], [0.4125, 207755.0], [0.4124, 198969.0], [0.4123, 370486.0], [0.4122, 192101.0], [0.4121, 145201.0], [0.412, 199202.0], [0.4119, 333738.0], [0.4118, 120036.0], [0.4117, 120829.0], [0.4116, 124048.0]], "asks": [[0.4136, 124799.0], [0.4137, 219193.0], [0.4138, 233680.0], [0.4139, 233346.0], [0.414, 232553.0], [0.4141, 181556.0], [0.4142, 261178.0], [0.4143, 241084.0], [0.4144, 181403.0], [0.4145, 220847.0], [0.4146, 186678.0], [0.4147, 196148.0], [0.4148, 221767.0], [0.4149, 458714.0], [0.415, 594296.0], [0.4151, 140605.0], [0.4152, 226070.0], [0.4153, 162720.0], [0.4154, 191291.0], [0.4155, 90587.0]], "timestamp": "2025-12-13T10:21:35.273676+00:00"}, {"symbol": "ADAUSDT", "bids": [[0.4131, 32378.0], [0.413, 145911.0], [0.4129, 296383.0], [0.4128, 175880.0], [0.4127, 223479.0], [0.4126, 343143.0], [0.4125, 220683.0], [0.4124, 258429.0], [0.4123, 321922.0], [0.4122, 243514.0], [0.4121, 149070.0], [0.412, 186461.0], [0.4119, 433067.0], [0.4118, 149410.0], [0.4117, 169634.0], [0.4116, 150527.0], [0.4115, 186370.0], [0.4114, 146530.0], [0.4113, 124451.0], [0.4112, 163398.0]], "asks": [[0.4132, 177141.0], [0.4133, 244877.0], [0.4134, 289010.0], [0.4135, 329918.0], [0.4136, 210636.0], [0.4137, 335167.0], [0.4138, 342926.0], [0.4139, 253385.0], [0.414, 300849.0], [0.4141, 217450.0], [0.4142, 170155.0], [0.4143, 114703.0], [0.4144, 156491.0], [0.4145, 171619.0], [0.4146, 192448.0], [0.4147, 155173.0], [0.4148, 199278.0], [0.4149, 321842.0], [0.415, 588842.0], [0.4151, 91192.0]], "timestamp": "2025-12-13T10:22:29.350463+00:00"}, {"symbol": "ADAUSDT", "bids": [[0.413, 46879.0], [0.4129, 225964.0], [0.4128, 220790.0], [0.4127, 172849.0], [0.4126, 210804.0], [0.4125, 285840.0], [0.4124, 296521.0], [0.4123, 229251.0], [0.4122, 221222.0], [0.4121, 187411.0], [0.412, 221564.0], [0.4119, 353709.0], [0.4118, 267292.0], [0.4117, 167424.0], [0.4116, 167689.0], [0.4115, 317179.0], [0.4114, 139708.0], [0.4113, 136378.0], [0.4112, 163398.0], [0.4111, 222207.0]], "asks": [[0.4131, 83725.0], [0.4132, 161138.0], [0.4133, 290718.0], [0.4134, 199778.0], [0.4135, 244995.0], [0.4136, 190046.0], [0.4137, 393147.0], [0.4138, 221830.0], [0.4139, 289547.0], [0.414, 280044.0], [0.4141, 177819.0], [0.4142, 122312.0], [0.4143, 150994.0], [0.4144, 190399.0], [0.4145, 163031.0], [0.4146, 192903.0], [0.4147, 154709.0], [0.4148, 204041.0], [0.4149, 289545.0], [0.415, 569433.0]], "timestamp": "2025-12-13T10:23:23.522501+00:00"}, {"symbol": "ADAUSDT", "bids": [[0.4134, 93480.0], [0.4133, 207203.0], [0.4132, 273711.0], [0.4131, 299804.0], [0.413, 226520.0], [0.4129, 367345.0], [0.4128, 304952.0], [0.4127, 247176.0], [0.4126, 191084.0], [0.4125, 223386.0], [0.4124, 202709.0], [0.4123, 203440.0], [0.4122, 275062.0], [0.4121, 96314.0], [0.412, 172510.0], [0.4119, 287373.0], [0.4118, 126205.0], [0.4117, 135604.0], [0.4116, 134424.0], [0.4115, 302973.0]], "asks": [[0.4135, 43117.0], [0.4136, 128977.0], [0.4137, 325939.0], [0.4138, 161712.0], [0.4139, 219943.0], [0.414, 379295.0], [0.4141, 199215.0], [0.4142, 189343.0], [0.4143, 243094.0], [0.4144, 250467.0], [0.4145, 177220.0], [0.4146, 239094.0], [0.4147, 168605.0], [0.4148, 221907.0], [0.4149, 322765.0], [0.415, 600348.0], [0.4151, 89456.0], [0.4152, 226506.0], [0.4153, 120574.0], [0.4154, 266674.0]], "timestamp": "2025-12-13T10:24:18.193992+00:00"}, {"symbol": "ADAUSDT", "bids": [[0.4134, 91186.0], [0.4133, 222740.0], [0.4132, 406874.0], [0.4131, 321955.0], [0.413, 223453.0], [0.4129, 350173.0], [0.4128, 319138.0], [0.4127, 271145.0], [0.4126, 186615.0], [0.4125, 153602.0], [0.4124, 185009.0], [0.4123, 328033.0], [0.4122, 293689.0], [0.4121, 110107.0], [0.412, 151233.0], [0.4119, 188290.0], [0.4118, 143663.0], [0.4117, 135258.0], [0.4116, 136986.0], [0.4115, 294978.0]], "asks": [[0.4135, 56984.0], [0.4136, 120751.0], [0.4137, 299816.0], [0.4138, 186397.0], [0.4139, 213220.0], [0.414, 225241.0], [0.4141, 319063.0], [0.4142, 212339.0], [0.4143, 247434.0], [0.4144, 262415.0], [0.4145, 178060.0], [0.4146, 146623.0], [0.4147, 162602.0], [0.4148, 331341.0], [0.4149, 322749.0], [0.415, 586230.0], [0.4151, 96275.0], [0.4152, 226551.0], [0.4153, 127795.0], [0.4154, 191288.0]], "timestamp": "2025-12-13T10:25:12.472248+00:00"}, {"symbol": "ADAUSDT", "bids": [[0.4137, 170224.0], [0.4136, 215388.0], [0.4135, 269240.0], [0.4134, 383000.0], [0.4133, 214363.0], [0.4132, 347795.0], [0.4131, 372471.0], [0.413, 289991.0], [0.4129, 195918.0], [0.4128, 266248.0], [0.4127, 207343.0], [0.4126, 183590.0], [0.4125, 177626.0], [0.4124, 320233.0], [0.4123, 327567.0], [0.4122, 170410.0], [0.4121, 84273.0], [0.412, 128246.0], [0.4119, 143471.0], [0.4118, 112772.0]], "asks": [[0.4138, 42536.0], [0.4139, 171348.0], [0.414, 178441.0], [0.4141, 138244.0], [0.4142, 124195.0], [0.4143, 230398.0], [0.4144, 197681.0], [0.4145, 215807.0], [0.4146, 189979.0], [0.4147, 186117.0], [0.4148, 312490.0], [0.4149, 381168.0], [0.415, 629054.0], [0.4151, 260191.0], [0.4152, 226113.0], [0.4153, 144239.0], [0.4154, 191288.0], [0.4155, 103713.0], [0.4156, 182326.0], [0.4157, 247881.0]], "timestamp": "2025-12-13T10:26:07.047101+00:00"}, {"symbol": "ADAUSDT", "bids": [[0.4141, 52218.0], [0.414, 321852.0], [0.4139, 289234.0], [0.4138, 331394.0], [0.4137, 237732.0], [0.4136, 399596.0], [0.4135, 243006.0], [0.4134, 324580.0], [0.4133, 193809.0], [0.4132, 289331.0], [0.4131, 265057.0], [0.413, 161093.0], [0.4129, 146273.0], [0.4128, 228265.0], [0.4127, 130710.0], [0.4126, 179127.0], [0.4125, 238931.0], [0.4124, 294268.0], [0.4123, 270410.0], [0.4122, 164763.0]], "asks": [[0.4142, 49075.0], [0.4143, 106510.0], [0.4144, 156446.0], [0.4145, 110632.0], [0.4146, 190605.0], [0.4147, 199150.0], [0.4148, 366107.0], [0.4149, 342917.0], [0.415, 710869.0], [0.4151, 115423.0], [0.4152, 171750.0], [0.4153, 162194.0], [0.4154, 192065.0], [0.4155, 314799.0], [0.4156, 65475.0], [0.4157, 135211.0], [0.4158, 133961.0], [0.4159, 118606.0], [0.416, 128567.0], [0.4161, 91354.0]], "timestamp": "2025-12-13T10:27:01.523969+00:00"}, {"symbol": "ADAUSDT", "bids": [[0.414, 189713.0], [0.4139, 183861.0], [0.4138, 343676.0], [0.4137, 241209.0], [0.4136, 249704.0], [0.4135, 332078.0], [0.4134, 341025.0], [0.4133, 200991.0], [0.4132, 287524.0], [0.4131, 276498.0], [0.413, 167844.0], [0.4129, 132004.0], [0.4128, 121283.0], [0.4127, 269650.0], [0.4126, 325091.0], [0.4125, 194353.0], [0.4124, 271963.0], [0.4123, 150059.0], [0.4122, 219514.0], [0.4121, 107057.0]], "asks": [[0.4141, 36649.0], [0.4142, 131829.0], [0.4143, 171437.0], [0.4144, 150705.0], [0.4145, 155783.0], [0.4146, 193286.0], [0.4147, 189775.0], [0.4148, 359961.0], [0.4149, 326190.0], [0.415, 703390.0], [0.4151, 94800.0], [0.4152, 160697.0], [0.4153, 170305.0], [0.4154, 280703.0], [0.4155, 217607.0], [0.4156, 72204.0], [0.4157, 175851.0], [0.4158, 203767.0], [0.4159, 118606.0], [0.416, 128567.0]], "timestamp": "2025-12-13T10:27:55.387008+00:00"}, {"symbol": "ADAUSDT", "bids": [[0.4141, 124554.0], [0.414, 224064.0], [0.4139, 306602.0], [0.4138, 396838.0], [0.4137, 218792.0], [0.4136, 259795.0], [0.4135, 298945.0], [0.4134, 340429.0], [0.4133, 224383.0], [0.4132, 255502.0], [0.4131, 255458.0], [0.413, 160331.0], [0.4129, 146859.0], [0.4128, 215282.0], [0.4127, 154683.0], [0.4126, 282469.0], [0.4125, 228445.0], [0.4124, 271948.0], [0.4123, 141595.0], [0.4122, 141555.0]], "asks": [[0.4142, 12781.0], [0.4143, 103601.0], [0.4144, 185969.0], [0.4145, 136382.0], [0.4146, 114389.0], [0.4147, 234729.0], [0.4148, 339805.0], [0.4149, 324640.0], [0.415, 668310.0], [0.4151, 94785.0], [0.4152, 186723.0], [0.4153, 195593.0], [0.4154, 285481.0], [0.4155, 250778.0], [0.4156, 71707.0], [0.4157, 175851.0], [0.4158, 228828.0], [0.4159, 119616.0], [0.416, 140598.0], [0.4161, 178257.0]], "timestamp": "2025-12-13T10:28:49.379085+00:00"}, {"symbol": "ADAUSDT", "bids": [[0.4141, 89664.0], [0.414, 234765.0], [0.4139, 302903.0], [0.4138, 373953.0], [0.4137, 230121.0], [0.4136, 355946.0], [0.4135, 337521.0], [0.4134, 296792.0], [0.4133, 255628.0], [0.4132, 288869.0], [0.4131, 206676.0], [0.413, 317995.0], [0.4129, 175873.0], [0.4128, 282662.0], [0.4127, 125208.0], [0.4126, 203314.0], [0.4125, 190980.0], [0.4124, 213894.0], [0.4123, 144021.0], [0.4122, 141540.0]], "asks": [[0.4142, 48232.0], [0.4143, 135219.0], [0.4144, 188626.0], [0.4145, 177374.0], [0.4146, 122684.0], [0.4147, 218853.0], [0.4148, 300353.0], [0.4149, 315767.0], [0.415, 595930.0], [0.4151, 70223.0], [0.4152, 126510.0], [0.4153, 164962.0], [0.4154, 286816.0], [0.4155, 217640.0], [0.4156, 85216.0], [0.4157, 175822.0], [0.4158, 203321.0], [0.4159, 123386.0], [0.416, 146536.0], [0.4161, 90418.0]], "timestamp": "2025-12-13T10:29:43.122438+00:00"}, {"symbol": "ADAUSDT", "bids": [[0.414, 76506.0], [0.4139, 230031.0], [0.4138, 377146.0], [0.4137, 213439.0], [0.4136, 241589.0], [0.4135, 310241.0], [0.4134, 439272.0], [0.4133, 317525.0], [0.4132, 230544.0], [0.4131, 223046.0], [0.413, 368506.0], [0.4129, 162975.0], [0.4128, 180679.0], [0.4127, 240713.0], [0.4126, 202858.0], [0.4125, 197783.0], [0.4124, 213859.0], [0.4123, 143771.0], [0.4122, 141507.0], [0.4121, 189896.0]], "asks": [[0.4141, 148330.0], [0.4142, 154930.0], [0.4143, 209567.0], [0.4144, 156384.0], [0.4145, 139669.0], [0.4146, 200725.0], [0.4147, 238568.0], [0.4148, 252294.0], [0.4149, 317181.0], [0.415, 594995.0], [0.4151, 70268.0], [0.4152, 117171.0], [0.4153, 140894.0], [0.4154, 287565.0], [0.4155, 217300.0], [0.4156, 85246.0], [0.4157, 177809.0], [0.4158, 197528.0], [0.4159, 123401.0], [0.416, 159660.0]], "timestamp": "2025-12-13T10:30:37.496180+00:00"}, {"symbol": "ADAUSDT", "bids": [[0.4141, 143645.0], [0.414, 237743.0], [0.4139, 326938.0], [0.4138, 250446.0], [0.4137, 419988.0], [0.4136, 250298.0], [0.4135, 355448.0], [0.4134, 275744.0], [0.4133, 195828.0], [0.4132, 268392.0], [0.4131, 308380.0], [0.413, 143786.0], [0.4129, 147867.0], [0.4128, 181346.0], [0.4127, 373962.0], [0.4126, 213337.0], [0.4125, 188265.0], [0.4124, 147668.0], [0.4123, 138440.0], [0.4122, 173966.0]], "asks": [[0.4142, 54538.0], [0.4143, 183255.0], [0.4144, 170204.0], [0.4145, 137164.0], [0.4146, 124849.0], [0.4147, 238041.0], [0.4148, 287500.0], [0.4149, 345631.0], [0.415, 597958.0], [0.4151, 70709.0], [0.4152, 149608.0], [0.4153, 147497.0], [0.4154, 287337.0], [0.4155, 221863.0], [0.4156, 76826.0], [0.4157, 148940.0], [0.4158, 215752.0], [0.4159, 156912.0], [0.416, 240638.0], [0.4161, 82256.0]], "timestamp": "2025-12-13T10:31:33.668662+00:00"}, {"symbol": "ADAUSDT", "bids": [[0.414, 40205.0], [0.4139, 237858.0], [0.4138, 239518.0], [0.4137, 275652.0], [0.4136, 261546.0], [0.4135, 446587.0], [0.4134, 227273.0], [0.4133, 190403.0], [0.4132, 258712.0], [0.4131, 299049.0], [0.413, 172340.0], [0.4129, 296010.0], [0.4128, 225723.0], [0.4127, 162116.0], [0.4126, 199365.0], [0.4125, 188704.0], [0.4124, 177179.0], [0.4123, 148578.0], [0.4122, 183741.0], [0.4121, 179359.0]], "asks": [[0.4141, 125794.0], [0.4142, 148093.0], [0.4143, 251453.0], [0.4144, 244791.0], [0.4145, 205369.0], [0.4146, 149958.0], [0.4147, 392681.0], [0.4148, 132098.0], [0.4149, 276705.0], [0.415, 604486.0], [0.4151, 78897.0], [0.4152, 173780.0], [0.4153, 88701.0], [0.4154, 280939.0], [0.4155, 188230.0], [0.4156, 76911.0], [0.4157, 130776.0], [0.4158, 180549.0], [0.4159, 153679.0], [0.416, 186966.0]], "timestamp": "2025-12-13T10:32:27.679916+00:00"}, {"symbol": "ADAUSDT", "bids": [[0.4139, 5846.0], [0.4138, 135600.0], [0.4137, 274204.0], [0.4136, 253985.0], [0.4135, 343251.0], [0.4134, 171433.0], [0.4133, 158748.0], [0.4132, 199961.0], [0.4131, 319034.0], [0.413, 227600.0], [0.4129, 205584.0], [0.4128, 193796.0], [0.4127, 292250.0], [0.4126, 248910.0], [0.4125, 242233.0], [0.4124, 198106.0], [0.4123, 180685.0], [0.4122, 196764.0], [0.4121, 264346.0], [0.412, 131045.0]], "asks": [[0.414, 132965.0], [0.4141, 200599.0], [0.4142, 259520.0], [0.4143, 256218.0], [0.4144, 225785.0], [0.4145, 253709.0], [0.4146, 255148.0], [0.4147, 318676.0], [0.4148, 139511.0], [0.4149, 325999.0], [0.415, 609063.0], [0.4151, 221225.0], [0.4152, 153577.0], [0.4153, 132030.0], [0.4154, 178538.0], [0.4155, 177699.0], [0.4156, 71614.0], [0.4157, 181923.0], [0.4158, 256867.0], [0.4159, 119955.0]], "timestamp": "2025-12-13T10:33:22.179750+00:00"}, {"symbol": "ADAUSDT", "bids": [[0.4142, 41991.0], [0.4141, 290054.0], [0.414, 266432.0], [0.4139, 210290.0], [0.4138, 348457.0], [0.4137, 244923.0], [0.4136, 223710.0], [0.4135, 475559.0], [0.4134, 196399.0], [0.4133, 200257.0], [0.4132, 246007.0], [0.4131, 226211.0], [0.413, 218325.0], [0.4129, 316413.0], [0.4128, 229912.0], [0.4127, 127244.0], [0.4126, 203872.0], [0.4125, 181873.0], [0.4124, 164899.0], [0.4123, 170659.0]], "asks": [[0.4143, 112063.0], [0.4144, 163373.0], [0.4145, 299396.0], [0.4146, 169360.0], [0.4147, 250989.0], [0.4148, 155179.0], [0.4149, 417570.0], [0.415, 701623.0], [0.4151, 126733.0], [0.4152, 154720.0], [0.4153, 112268.0], [0.4154, 290941.0], [0.4155, 191835.0], [0.4156, 91058.0], [0.4157, 176197.0], [0.4158, 201831.0], [0.4159, 120171.0], [0.416, 164739.0], [0.4161, 218701.0], [0.4162, 146676.0]], "timestamp": "2025-12-13T10:34:16.646275+00:00"}, {"symbol": "ADAUSDT", "bids": [[0.4141, 147565.0], [0.414, 239139.0], [0.4139, 263957.0], [0.4138, 342724.0], [0.4137, 261456.0], [0.4136, 324845.0], [0.4135, 387790.0], [0.4134, 187015.0], [0.4133, 226096.0], [0.4132, 201800.0], [0.4131, 216432.0], [0.413, 218340.0], [0.4129, 315418.0], [0.4128, 229790.0], [0.4127, 127221.0], [0.4126, 203221.0], [0.4125, 181873.0], [0.4124, 164662.0], [0.4123, 170222.0], [0.4122, 241441.0]], "asks": [[0.4142, 68998.0], [0.4143, 125770.0], [0.4144, 258831.0], [0.4145, 275406.0], [0.4146, 154162.0], [0.4147, 268624.0], [0.4148, 239789.0], [0.4149, 300691.0], [0.415, 704737.0], [0.4151, 126422.0], [0.4152, 155715.0], [0.4153, 85836.0], [0.4154, 290941.0], [0.4155, 192175.0], [0.4156, 90718.0], [0.4157, 175403.0], [0.4158, 200821.0], [0.4159, 119955.0], [0.416, 156953.0], [0.4161, 132264.0]], "timestamp": "2025-12-13T10:35:11.104234+00:00"}, {"symbol": "ADAUSDT", "bids": [[0.4142, 31649.0], [0.4141, 206710.0], [0.414, 229877.0], [0.4139, 222079.0], [0.4138, 239557.0], [0.4137, 285300.0], [0.4136, 343582.0], [0.4135, 386563.0], [0.4134, 182576.0], [0.4133, 228433.0], [0.4132, 207155.0], [0.4131, 217799.0], [0.413, 192728.0], [0.4129, 315525.0], [0.4128, 229897.0], [0.4127, 163441.0], [0.4126, 203836.0], [0.4125, 181930.0], [0.4124, 164429.0], [0.4123, 182385.0]], "asks": [[0.4143, 135804.0], [0.4144, 189594.0], [0.4145, 303581.0], [0.4146, 158198.0], [0.4147, 263401.0], [0.4148, 261314.0], [0.4149, 300031.0], [0.415, 705023.0], [0.4151, 128093.0], [0.4152, 154720.0], [0.4153, 112156.0], [0.4154, 290956.0], [0.4155, 156271.0], [0.4156, 91736.0], [0.4157, 175188.0], [0.4158, 200806.0], [0.4159, 120186.0], [0.416, 157963.0], [0.4161, 131782.0], [0.4162, 197182.0]], "timestamp": "2025-12-13T10:36:05.786737+00:00"}, {"symbol": "ADAUSDT", "bids": [[0.4141, 161547.0], [0.414, 203589.0], [0.4139, 285409.0], [0.4138, 257322.0], [0.4137, 227605.0], [0.4136, 207590.0], [0.4135, 391507.0], [0.4134, 272358.0], [0.4133, 186779.0], [0.4132, 206221.0], [0.4131, 297892.0], [0.413, 257376.0], [0.4129, 311156.0], [0.4128, 229805.0], [0.4127, 140176.0], [0.4126, 203022.0], [0.4125, 198651.0], [0.4124, 194605.0], [0.4123, 170774.0], [0.4122, 214145.0]], "asks": [[0.4142, 68354.0], [0.4143, 127799.0], [0.4144, 177714.0], [0.4145, 314797.0], [0.4146, 162809.0], [0.4147, 266360.0], [0.4148, 293380.0], [0.4149, 276250.0], [0.415, 646674.0], [0.4151, 121684.0], [0.4152, 160362.0], [0.4153, 129510.0], [0.4154, 315030.0], [0.4155, 261410.0], [0.4156, 111777.0], [0.4157, 168859.0], [0.4158, 144141.0], [0.4159, 208993.0], [0.416, 126953.0], [0.4161, 131782.0]], "timestamp": "2025-12-13T10:36:59.752538+00:00"}, {"symbol": "ADAUSDT", "bids": [[0.4139, 49359.0], [0.4138, 174223.0], [0.4137, 250269.0], [0.4136, 174657.0], [0.4135, 266420.0], [0.4134, 226448.0], [0.4133, 344505.0], [0.4132, 325927.0], [0.4131, 256208.0], [0.413, 201385.0], [0.4129, 335337.0], [0.4128, 127073.0], [0.4127, 265986.0], [0.4126, 217139.0], [0.4125, 212673.0], [0.4124, 201408.0], [0.4123, 198047.0], [0.4122, 211352.0], [0.4121, 176140.0], [0.412, 168962.0]], "asks": [[0.414, 104969.0], [0.4141, 168565.0], [0.4142, 222221.0], [0.4143, 267411.0], [0.4144, 187530.0], [0.4145, 380147.0], [0.4146, 234862.0], [0.4147, 246160.0], [0.4148, 125246.0], [0.4149, 299938.0], [0.415, 625537.0], [0.4151, 121397.0], [0.4152, 157864.0], [0.4153, 129896.0], [0.4154, 315045.0], [0.4155, 228224.0], [0.4156, 111718.0], [0.4157, 162011.0], [0.4158, 144156.0], [0.4159, 184946.0]], "timestamp": "2025-12-13T10:37:54.332125+00:00"}, {"symbol": "ADAUSDT", "bids": [[0.4144, 34998.0], [0.4143, 212383.0], [0.4142, 254190.0], [0.4141, 260177.0], [0.414, 214662.0], [0.4139, 242523.0], [0.4138, 413625.0], [0.4137, 269775.0], [0.4136, 216361.0], [0.4135, 212058.0], [0.4134, 244502.0], [0.4133, 307497.0], [0.4132, 235260.0], [0.4131, 341509.0], [0.413, 238487.0], [0.4129, 153953.0], [0.4128, 101027.0], [0.4127, 117901.0], [0.4126, 194089.0], [0.4125, 172253.0]], "asks": [[0.4145, 70237.0], [0.4146, 120244.0], [0.4147, 262350.0], [0.4148, 171163.0], [0.4149, 429015.0], [0.415, 610104.0], [0.4151, 105533.0], [0.4152, 153316.0], [0.4153, 142671.0], [0.4154, 222402.0], [0.4155, 322905.0], [0.4156, 182787.0], [0.4157, 171816.0], [0.4158, 162355.0], [0.4159, 194014.0], [0.416, 167957.0], [0.4161, 254808.0], [0.4162, 123965.0], [0.4163, 91281.0], [0.4164, 114855.0]], "timestamp": "2025-12-13T10:38:48.001071+00:00"}, {"symbol": "ADAUSDT", "bids": [[0.4145, 72060.0], [0.4144, 161335.0], [0.4143, 177808.0], [0.4142, 200617.0], [0.4141, 220753.0], [0.414, 237245.0], [0.4139, 315397.0], [0.4138, 294529.0], [0.4137, 378922.0], [0.4136, 198897.0], [0.4135, 203495.0], [0.4134, 200435.0], [0.4133, 292390.0], [0.4132, 182360.0], [0.4131, 268733.0], [0.413, 257841.0], [0.4129, 163477.0], [0.4128, 95513.0], [0.4127, 117988.0], [0.4126, 193022.0]], "asks": [[0.4146, 54359.0], [0.4147, 197581.0], [0.4148, 271987.0], [0.4149, 356566.0], [0.415, 671719.0], [0.4151, 149029.0], [0.4152, 300821.0], [0.4153, 364660.0], [0.4154, 200759.0], [0.4155, 199081.0], [0.4156, 184529.0], [0.4157, 284826.0], [0.4158, 181640.0], [0.4159, 197835.0], [0.416, 159794.0], [0.4161, 146354.0], [0.4162, 161417.0], [0.4163, 108360.0], [0.4164, 81390.0], [0.4165, 197702.0]], "timestamp": "2025-12-13T10:39:42.058280+00:00"}, {"symbol": "ADAUSDT", "bids": [[0.4148, 101641.0], [0.4147, 185791.0], [0.4146, 236315.0], [0.4145, 287909.0], [0.4144, 191133.0], [0.4143, 248097.0], [0.4142, 401939.0], [0.4141, 230364.0], [0.414, 241634.0], [0.4139, 203341.0], [0.4138, 222434.0], [0.4137, 250749.0], [0.4136, 115140.0], [0.4135, 202165.0], [0.4134, 248141.0], [0.4133, 278808.0], [0.4132, 177415.0], [0.4131, 233326.0], [0.413, 303242.0], [0.4129, 167840.0]], "asks": [[0.4149, 56914.0], [0.415, 570364.0], [0.4151, 201566.0], [0.4152, 224043.0], [0.4153, 121160.0], [0.4154, 215965.0], [0.4155, 349726.0], [0.4156, 180962.0], [0.4157, 327100.0], [0.4158, 220895.0], [0.4159, 167366.0], [0.416, 221339.0], [0.4161, 178750.0], [0.4162, 270645.0], [0.4163, 185875.0], [0.4164, 211692.0], [0.4165, 167660.0], [0.4166, 55788.0], [0.4167, 91132.0], [0.4168, 208708.0]], "timestamp": "2025-12-13T10:40:35.921195+00:00"}, {"symbol": "ADAUSDT", "bids": [[0.4152, 13609.0], [0.4151, 101882.0], [0.415, 221144.0], [0.4149, 189078.0], [0.4148, 279953.0], [0.4147, 217078.0], [0.4146, 180485.0], [0.4145, 245825.0], [0.4144, 217641.0], [0.4143, 226902.0], [0.4142, 131240.0], [0.4141, 128188.0], [0.414, 150423.0], [0.4139, 136976.0], [0.4138, 205661.0], [0.4137, 325291.0], [0.4136, 234200.0], [0.4135, 150120.0], [0.4134, 92390.0], [0.4133, 167520.0]], "asks": [[0.4153, 95890.0], [0.4154, 146928.0], [0.4155, 281472.0], [0.4156, 136987.0], [0.4157, 179016.0], [0.4158, 140111.0], [0.4159, 183419.0], [0.416, 305185.0], [0.4161, 178484.0], [0.4162, 322342.0], [0.4163, 197039.0], [0.4164, 157423.0], [0.4165, 114012.0], [0.4166, 78046.0], [0.4167, 136938.0], [0.4168, 217083.0], [0.4169, 164959.0], [0.417, 237974.0], [0.4171, 100345.0], [0.4172, 110366.0]], "timestamp": "2025-12-13T10:41:29.374162+00:00"}