[{"id": "546342156", "price": 0.41, "amount": 3.0, "side": "buy", "timestamp": 1765669346905}, {"id": "546342157", "price": 0.41, "amount": 61.0, "side": "buy", "timestamp": 1765669348490}, {"id": "546342158", "price": 0.41, "amount": 3.0, "side": "buy", "timestamp": 1765669349536}, {"id": "546342159", "price": 0.4099, "amount": 18.0, "side": "sell", "timestamp": 1765669349583}, {"id": "546342160", "price": 0.4099, "amount": 3405.0, "side": "sell", "timestamp": 1765669349787}, {"id": "546342161", "price": 0.4099, "amount": 77.0, "side": "sell", "timestamp": 1765669350345}, {"id": "546342162", "price": 0.41, "amount": 274.0, "side": "buy", "timestamp": 1765669350522}, {"id": "546342163", "price": 0.41, "amount": 3037.0, "side": "buy", "timestamp": 1765669351382}, {"id": "546342164", "price": 0.41, "amount": 6.0, "side": "buy", "timestamp": 1765669353555}, {"id": "546342165", "price": 0.4099, "amount": 785.0, "side": "sell", "timestamp": 1765669354218}, {"id": "546342166", "price": 0.41, "amount": 74.0, "side": "buy", "timestamp": 1765669354436}, {"id": "546342167", "price": 0.4099, "amount": 11123.0, "side": "sell", "timestamp": 1765669355330}, {"id": "546342168", "price": 0.4099, "amount": 29.0, "side": "sell", "timestamp": 1765669355666}, {"id": "546342169", "price": 0.4099, "amount": 13.0, "side": "sell", "timestamp": 1765669355893}, {"id": "546342170", "price": 0.41, "amount": 3.0, "side": "buy", "timestamp": 1765669359904}, {"id": "546342171", "price": 0.4099, "amount": 77.0, "side": "sell", "timestamp": 1765669360342}, {"id": "546342172", "price": 0.4099, "amount": 13.0, "side": "sell", "timestamp": 1765669361199}, {"id": "546342173", "price": 0.41, "amount": 1.0, "side": "buy", "timestamp": 1765669362772}, {"id": "546342174", "price": 0.4099, "amount": 13.0, "side": "sell", "timestamp": 1765669363932}, {"id": "546342175", "price": 0.41, "amount": 9164.0, "side": "buy", "timestamp": 1765669363934}, {"id": "546342176", "price": 0.4099, "amount": 14.0, "side": "sell", "timestamp": 1765669364053}, {"id": "546342177", "price": 0.41, "amount": 1.0, "side": "buy", "timestamp": 1765669364076}, {"id": "546342178", "price": 0.4099, "amount": 18.0, "side": "sell", "timestamp": 1765669364247}, {"id": "546342179", "price": 0.41, "amount": 4.0, "side": "buy", "timestamp": 1765669365168}, {"id": "546342180", "price": 0.41, "amount": 2.0, "side": "buy", "timestamp": 1765669366443}, {"id": "546342181", "price": 0.41, "amount": 5.0, "side": "buy", "timestamp": 1765669367025}, {"id": "546342182", "price": 0.41, "amount": 7.0, "side": "buy", "timestamp": 1765669367495}, {"id": "546342183", "price": 0.41, "amount": 2583.0, "side": "buy", "timestamp": 1765669367985}, {"id": "546342184", "price": 0.4101, "amount": 8.0, "side": "buy", "timestamp": 1765669368873}, {"id": "546342185", "price": 0.4101, "amount": 9.0, "side": "buy", "timestamp": 1765669370183}, {"id": "546342186", "price": 0.4101, "amount": 8.0, "side": "buy", "timestamp": 1765669371203}, {"id": "546342187", "price": 0.4101, "amount": 9.0, "side": "buy", "timestamp": 1765669372423}, {"id": "546342188", "price": 0.4101, "amount": 156.0, "side": "buy", "timestamp": 1765669373144}, {"id": "546342189", "price": 0.41, "amount": 26.0, "side": "sell", "timestamp": 1765669373480}, {"id": "546342190", "price": 0.4101, "amount": 6.0, "side": "buy", "timestamp": 1765669373640}, {"id": "546342191", "price": 0.4101, "amount": 13.0, "side": "buy", "timestamp": 1765669373995}, {"id": "546342192", "price": 0.4101, "amount": 9.0, "side": "buy", "timestamp": 1765669374710}, {"id": "546342193", "price": 0.4101, "amount": 1.0, "side": "buy", "timestamp": 1765669374989}, {"id": "546342194", "price": 0.4101, "amount": 15.0, "side": "buy", "timestamp": 1765669375775}, {"id": "546342195", "price": 0.4101, "amount": 15.0, "side": "buy", "timestamp": 1765669376755}, {"id": "546342196", "price": 0.4101, "amount": 7.0, "side": "buy", "timestamp": 1765669378267}, {"id": "546342197", "price": 0.4101, "amount": 2.0, "side": "buy", "timestamp": 1765669378819}, {"id": "546342198", "price": 0.4101, "amount": 5.0, "side": "buy", "timestamp": 1765669379192}, {"id": "546342199", "price": 0.4101, "amount": 13.0, "side": "buy", "timestamp": 1765669379401}, {"id": "546342200", "price": 0.4101, "amount": 33158.0, "side": "buy", "timestamp": 1765669379688}, {"id": "546342201", "price": 0.4102, "amount": 149.0, "side": "buy", "timestamp": 1765669379742}, {"id": "546342202", "price": 0.4102, "amount": 30.0, "side": "buy", "timestamp": 1765669380813}, {"id": "546342203", "price": 0.4102, "amount": 32.0, "side": "buy", "timestamp": 1765669381759}, {"id": "546342204", "price": 0.4102, "amount": 2.0, "side": "buy", "timestamp": 1765669382022}, {"id": "546342205", "price": 0.4102, "amount": 35.0, "side": "buy", "timestamp": 1765669382346}, {"id": "546342248", "price": 0.4102, "amount": 3.0, "side": "buy", "timestamp": 1765669408538}, {"id": "546342249", "price": 0.4102, "amount": 34.0, "side": "buy", "timestamp": 1765669409598}, {"id": "546342250", "price": 0.4102, "amount": 78.0, "side": "buy", "timestamp": 1765669410979}, {"id": "546342251", "price": 0.4102, "amount": 3.0, "side": "buy", "timestamp": 1765669411168}, {"id": "546342252", "price": 0.4102, "amount": 38.0, "side": "buy", "timestamp": 1765669412064}, {"id": "546342253", "price": 0.4102, "amount": 65.0, "side": "buy", "timestamp": 1765669413114}, {"id": "546342254", "price": 0.4102, "amount": 505.0, "side": "buy", "timestamp": 1765669413441}, {"id": "546342255", "price": 0.4102, "amount": 2.0, "side": "buy", "timestamp": 1765669413764}, {"id": "546342256", "price": 0.4102, "amount": 27922.0, "side": "buy", "timestamp": 1765669413876}, {"id": "546342257", "price": 0.4103, "amount": 273.0, "side": "buy", "timestamp": 1765669414249}, {"id": "546342258", "price": 0.4103, "amount": 62.0, "side": "buy", "timestamp": 1765669414486}, {"id": "546342259", "price": 0.4102, "amount": 73.0, "side": "sell", "timestamp": 1765669414590}, {"id": "546342260", "price": 0.4103, "amount": 1316.0, "side": "buy", "timestamp": 1765669414973}, {"id": "546342261", "price": 0.4103, "amount": 30.0, "side": "buy", "timestamp": 1765669415559}, {"id": "546342262", "price": 0.4102, "amount": 5289.0, "side": "sell", "timestamp": 1765669416549}, {"id": "546342263", "price": 0.4103, "amount": 42.0, "side": "buy", "timestamp": 1765669416656}, {"id": "546342264", "price": 0.4103, "amount": 53.0, "side": "buy", "timestamp": 1765669418091}, {"id": "546342265", "price": 0.4103, "amount": 75.0, "side": "buy", "timestamp": 1765669419127}, {"id": "546342266", "price": 0.4102, "amount": 18.0, "side": "sell", "timestamp": 1765669419129}, {"id": "546342267", "price": 0.4103, "amount": 3712.0, "side": "buy", "timestamp": 1765669420275}, {"id": "546342268", "price": 0.4102, "amount": 243.0, "side": "sell", "timestamp": 1765669420806}, {"id": "546342269", "price": 0.4103, "amount": 53.0, "side": "buy", "timestamp": 1765669421693}, {"id": "546342270", "price": 0.4102, "amount": 28.0, "side": "sell", "timestamp": 1765669422090}, {"id": "546342271", "price": 0.4103, "amount": 29.0, "side": "buy", "timestamp": 1765669422840}, {"id": "546342272", "price": 0.4103, "amount": 54.0, "side": "buy", "timestamp": 1765669424162}, {"id": "546342273", "price": 0.4102, "amount": 24.0, "side": "sell", "timestamp": 1765669424501}, {"id": "546342274", "price": 0.4103, "amount": 2.0, "side": "buy", "timestamp": 1765669424552}, {"id": "546342275", "price": 0.4103, "amount": 53.0, "side": "buy", "timestamp": 1765669425127}, {"id": "546342276", "price": 0.4103, "amount": 2.0, "side": "buy", "timestamp": 1765669425504}, {"id": "546342277", "price": 0.4103, "amount": 15.0, "side": "buy", "timestamp": 1765669425717}, {"id": "546342278", "price": 0.4103, "amount": 75.0, "side": "buy", "timestamp": 1765669426078}, {"id": "546342279", "price": 0.4102, "amount": 26.0, "side": "sell", "timestamp": 1765669426506}, {"id": "546342280", "price": 0.4102, "amount": 29.0, "side": "sell", "timestamp": 1765669427655}, {"id": "546342281", "price": 0.4103, "amount": 63.0, "side": "buy", "timestamp": 1765669427709}, {"id": "546342282", "price": 0.4103, "amount": 1.0, "side": "buy", "timestamp": 1765669428524}, {"id": "546342283", "price": 0.4103, "amount": 64.0, "side": "buy", "timestamp": 1765669429047}, {"id": "546342284", "price": 0.4103, "amount": 47.0, "side": "buy", "timestamp": 1765669430098}, {"id": "546342285", "price": 0.4103, "amount": 684.0, "side": "buy", "timestamp": 1765669430470}, {"id": "546342286", "price": 0.4103, "amount": 735.0, "side": "buy", "timestamp": 1765669430678}, {"id": "546342287", "price": 0.4103, "amount": 635.0, "side": "buy", "timestamp": 1765669430889}, {"id": "546342288", "price": 0.4103, "amount": 56.0, "side": "buy", "timestamp": 1765669431332}, {"id": "546342289", "price": 0.4103, "amount": 75.0, "side": "buy", "timestamp": 1765669432403}, {"id": "546342290", "price": 0.4103, "amount": 70.0, "side": "buy", "timestamp": 1765669433009}, {"id": "546342291", "price": 0.4102, "amount": 21.0, "side": "sell", "timestamp": 1765669433254}, {"id": "546342292", "price": 0.4103, "amount": 9676.0, "side": "buy", "timestamp": 1765669433272}, {"id": "546342293", "price": 0.4104, "amount": 66.0, "side": "buy", "timestamp": 1765669433666}, {"id": "546342294", "price": 0.4104, "amount": 993.0, "side": "buy", "timestamp": 1765669433936}, {"id": "546342295", "price": 0.4104, "amount": 129.0, "side": "buy", "timestamp": 1765669434118}, {"id": "546342296", "price": 0.4103, "amount": 266.0, "side": "sell", "timestamp": 1765669434680}, {"id": "546342297", "price": 0.4104, "amount": 643.0, "side": "buy", "timestamp": 1765669434808}, {"id": "546342349", "price": 0.4104, "amount": 49.0, "side": "buy", "timestamp": 1765669459254}, {"id": "546342350", "price": 0.4104, "amount": 375.0, "side": "buy", "timestamp": 1765669460022}, {"id": "546342351", "price": 0.4104, "amount": 3.0, "side": "buy", "timestamp": 1765669460196}, {"id": "546342352", "price": 0.4104, "amount": 43.0, "side": "buy", "timestamp": 1765669460513}, {"id": "546342353", "price": 0.4104, "amount": 15.0, "side": "buy", "timestamp": 1765669461134}, {"id": "546342354", "price": 0.4104, "amount": 114.0, "side": "buy", "timestamp": 1765669461503}, {"id": "546342355", "price": 0.4104, "amount": 59.0, "side": "buy", "timestamp": 1765669461684}, {"id": "546342356", "price": 0.4103, "amount": 19.0, "side": "sell", "timestamp": 1765669462219}, {"id": "546342357", "price": 0.4104, "amount": 40.0, "side": "buy", "timestamp": 1765669463267}, {"id": "546342358", "price": 0.4103, "amount": 29.0, "side": "sell", "timestamp": 1765669463654}, {"id": "546342359", "price": 0.4104, "amount": 1.0, "side": "buy", "timestamp": 1765669463755}, {"id": "546342360", "price": 0.4104, "amount": 66.0, "side": "buy", "timestamp": 1765669464311}, {"id": "546342361", "price": 0.4104, "amount": 42.0, "side": "buy", "timestamp": 1765669465633}, {"id": "546342362", "price": 0.4104, "amount": 35.0, "side": "buy", "timestamp": 1765669466657}, {"id": "546342363", "price": 0.4103, "amount": 22.0, "side": "sell", "timestamp": 1765669467036}, {"id": "546342364", "price": 0.4104, "amount": 127.0, "side": "buy", "timestamp": 1765669467771}, {"id": "546342365", "price": 0.4103, "amount": 56.0, "side": "sell", "timestamp": 1765669468167}, {"id": "546342366", "price": 0.4104, "amount": 54.0, "side": "buy", "timestamp": 1765669468744}, {"id": "546342367", "price": 0.4104, "amount": 33.0, "side": "buy", "timestamp": 1765669469833}, {"id": "546342368", "price": 0.4103, "amount": 57.0, "side": "sell", "timestamp": 1765669469935}, {"id": "546342369", "price": 0.4104, "amount": 48735.0, "side": "buy", "timestamp": 1765669470056}, {"id": "546342370", "price": 0.4104, "amount": 56.0, "side": "buy", "timestamp": 1765669470840}, {"id": "546342371", "price": 0.4104, "amount": 506.0, "side": "buy", "timestamp": 1765669471214}, {"id": "546342372", "price": 0.4104, "amount": 1289.0, "side": "buy", "timestamp": 1765669471655}, {"id": "546342373", "price": 0.4105, "amount": 63.0, "side": "buy", "timestamp": 1765669471845}, {"id": "546342374", "price": 0.4105, "amount": 273.0, "side": "buy", "timestamp": 1765669472022}, {"id": "546342375", "price": 0.4105, "amount": 38.0, "side": "buy", "timestamp": 1765669472826}, {"id": "546342376", "price": 0.4105, "amount": 1218.0, "side": "buy", "timestamp": 1765669473437}, {"id": "546342377", "price": 0.4104, "amount": 31.0, "side": "sell", "timestamp": 1765669473915}, {"id": "546342378", "price": 0.4105, "amount": 60.0, "side": "buy", "timestamp": 1765669473923}, {"id": "546342379", "price": 0.4105, "amount": 3.0, "side": "buy", "timestamp": 1765669474261}, {"id": "546342380", "price": 0.4104, "amount": 73.0, "side": "sell", "timestamp": 1765669474746}, {"id": "546342381", "price": 0.4105, "amount": 48.0, "side": "buy", "timestamp": 1765669474908}, {"id": "546342382", "price": 0.4105, "amount": 36.0, "side": "buy", "timestamp": 1765669476267}, {"id": "546342383", "price": 0.4105, "amount": 48.0, "side": "buy", "timestamp": 1765669477420}, {"id": "546342384", "price": 0.4104, "amount": 18.0, "side": "sell", "timestamp": 1765669478287}, {"id": "546342385", "price": 0.4105, "amount": 21.0, "side": "buy", "timestamp": 1765669478756}, {"id": "546342386", "price": 0.4105, "amount": 57.0, "side": "buy", "timestamp": 1765669479997}, {"id": "546342387", "price": 0.4105, "amount": 27.0, "side": "buy", "timestamp": 1765669481264}, {"id": "546342388", "price": 0.4104, "amount": 1428.0, "side": "sell", "timestamp": 1765669481802}, {"id": "546342389", "price": 0.4104, "amount": 7070.0, "side": "sell", "timestamp": 1765669481949}, {"id": "546342390", "price": 0.4104, "amount": 571.0, "side": "sell", "timestamp": 1765669482067}, {"id": "546342391", "price": 0.4105, "amount": 60.0, "side": "buy", "timestamp": 1765669482471}, {"id": "546342392", "price": 0.4105, "amount": 32.0, "side": "buy", "timestamp": 1765669483696}, {"id": "546342393", "price": 0.4105, "amount": 40.0, "side": "buy", "timestamp": 1765669484931}, {"id": "546342394", "price": 0.4105, "amount": 54.0, "side": "buy", "timestamp": 1765669485956}, {"id": "546342395", "price": 0.4105, "amount": 4063.0, "side": "buy", "timestamp": 1765669486749}, {"id": "546342396", "price": 0.4105, "amount": 27.0, "side": "buy", "timestamp": 1765669486907}, {"id": "546342397", "price": 0.4105, "amount": 3.0, "side": "buy", "timestamp": 1765669487531}, {"id": "546342398", "price": 0.4105, "amount": 50.0, "side": "buy", "timestamp": 1765669488049}, {"id": "546342450", "price": 0.4105, "amount": 16.0, "side": "sell", "timestamp": 1765669515892}, {"id": "546342451", "price": 0.4106, "amount": 48.0, "side": "buy", "timestamp": 1765669516360}, {"id": "546342452", "price": 0.4106, "amount": 5.0, "side": "buy", "timestamp": 1765669517359}, {"id": "546342453", "price": 0.4106, "amount": 37.0, "side": "buy", "timestamp": 1765669517512}, {"id": "546342454", "price": 0.4105, "amount": 182.0, "side": "sell", "timestamp": 1765669518039}, {"id": "546342455", "price": 0.4106, "amount": 35.0, "side": "buy", "timestamp": 1765669518645}, {"id": "546342456", "price": 0.4106, "amount": 74.0, "side": "buy", "timestamp": 1765669518968}, {"id": "546342457", "price": 0.4105, "amount": 35.0, "side": "sell", "timestamp": 1765669519350}, {"id": "546342458", "price": 0.4106, "amount": 28.0, "side": "buy", "timestamp": 1765669519864}, {"id": "546342459", "price": 0.4106, "amount": 19.0, "side": "buy", "timestamp": 1765669521031}, {"id": "546342460", "price": 0.4106, "amount": 41.0, "side": "buy", "timestamp": 1765669522012}, {"id": "546342461", "price": 0.4106, "amount": 68.0, "side": "buy", "timestamp": 1765669522249}, {"id": "546342462", "price": 0.4106, "amount": 3.0, "side": "buy", "timestamp": 1765669522921}, {"id": "546342463", "price": 0.4106, "amount": 54.0, "side": "buy", "timestamp": 1765669523274}, {"id": "546342464", "price": 0.4106, "amount": 3530.0, "side": "buy", "timestamp": 1765669523780}, {"id": "546342465", "price": 0.4106, "amount": 34.0, "side": "buy", "timestamp": 1765669524369}, {"id": "546342466", "price": 0.4106, "amount": 38.0, "side": "buy", "timestamp": 1765669525594}, {"id": "546342467", "price": 0.4106, "amount": 22.0, "side": "buy", "timestamp": 1765669526859}, {"id": "546342468", "price": 0.4106, "amount": 51351.0, "side": "buy", "timestamp": 1765669527362}, {"id": "546342469", "price": 0.4106, "amount": 15.0, "side": "sell", "timestamp": 1765669527555}, {"id": "546342470", "price": 0.4106, "amount": 100.0, "side": "sell", "timestamp": 1765669527952}, {"id": "546342471", "price": 0.4107, "amount": 83.0, "side": "buy", "timestamp": 1765669528015}, {"id": "546342472", "price": 0.4107, "amount": 40.0, "side": "buy", "timestamp": 1765669529343}, {"id": "546342473", "price": 0.4107, "amount": 78.0, "side": "buy", "timestamp": 1765669529628}, {"id": "546342474", "price": 0.4107, "amount": 23.0, "side": "buy", "timestamp": 1765669530526}, {"id": "546342475", "price": 0.4107, "amount": 38.0, "side": "buy", "timestamp": 1765669531562}, {"id": "546342476", "price": 0.4107, "amount": 505.0, "side": "buy", "timestamp": 1765669532224}, {"id": "546342477", "price": 0.4107, "amount": 1128.0, "side": "buy", "timestamp": 1765669532656}, {"id": "546342478", "price": 0.4107, "amount": 42.0, "side": "buy", "timestamp": 1765669532845}, {"id": "546342479", "price": 0.4107, "amount": 273.0, "side": "buy", "timestamp": 1765669533029}, {"id": "546342480", "price": 0.4107, "amount": 49.0, "side": "buy", "timestamp": 1765669533791}, {"id": "546342481", "price": 0.4107, "amount": 13.0, "side": "buy", "timestamp": 1765669534532}, {"id": "546342482", "price": 0.4107, "amount": 116.0, "side": "buy", "timestamp": 1765669535015}, {"id": "546342483", "price": 0.4106, "amount": 123.0, "side": "sell", "timestamp": 1765669535342}, {"id": "546342484", "price": 0.4107, "amount": 2.0, "side": "buy", "timestamp": 1765669535358}, {"id": "546342485", "price": 0.4106, "amount": 29.0, "side": "sell", "timestamp": 1765669535662}, {"id": "546342486", "price": 0.4106, "amount": 17.0, "side": "sell", "timestamp": 1765669536062}, {"id": "546342487", "price": 0.4107, "amount": 38.0, "side": "buy", "timestamp": 1765669536220}, {"id": "546342488", "price": 0.4107, "amount": 12399.0, "side": "buy", "timestamp": 1765669536474}, {"id": "546342489", "price": 0.4107, "amount": 42.0, "side": "buy", "timestamp": 1765669537474}, {"id": "546342490", "price": 0.4107, "amount": 445.0, "side": "buy", "timestamp": 1765669538113}, {"id": "546342491", "price": 0.4107, "amount": 37.0, "side": "buy", "timestamp": 1765669538418}, {"id": "546342492", "price": 0.4107, "amount": 12073.0, "side": "buy", "timestamp": 1765669538739}, {"id": "546342493", "price": 0.4107, "amount": 11.0, "side": "buy", "timestamp": 1765669539317}, {"id": "546342494", "price": 0.4107, "amount": 33.0, "side": "buy", "timestamp": 1765669539827}, {"id": "546342495", "price": 0.4107, "amount": 6810.0, "side": "buy", "timestamp": 1765669540482}, {"id": "546342496", "price": 0.4106, "amount": 16.0, "side": "sell", "timestamp": 1765669540986}, {"id": "546342497", "price": 0.4107, "amount": 46.0, "side": "buy", "timestamp": 1765669541235}, {"id": "546342498", "price": 0.4107, "amount": 4.0, "side": "buy", "timestamp": 1765669542267}, {"id": "546342499", "price": 0.4107, "amount": 40.0, "side": "buy", "timestamp": 1765669542421}, {"id": "546342570", "price": 0.4107, "amount": 34.0, "side": "buy", "timestamp": 1765669577489}, {"id": "546342571", "price": 0.4107, "amount": 10.0, "side": "buy", "timestamp": 1765669577705}, {"id": "546342572", "price": 0.4107, "amount": 66.0, "side": "buy", "timestamp": 1765669577823}, {"id": "546342573", "price": 0.4106, "amount": 212.0, "side": "sell", "timestamp": 1765669578039}, {"id": "546342574", "price": 0.4107, "amount": 1619.0, "side": "buy", "timestamp": 1765669578669}, {"id": "546342575", "price": 0.4107, "amount": 12.0, "side": "buy", "timestamp": 1765669578910}, {"id": "546342576", "price": 0.4106, "amount": 12.0, "side": "sell", "timestamp": 1765669579029}, {"id": "546342577", "price": 0.4107, "amount": 34.0, "side": "buy", "timestamp": 1765669579928}, {"id": "546342578", "price": 0.4107, "amount": 36.0, "side": "buy", "timestamp": 1765669581236}, {"id": "546342579", "price": 0.4107, "amount": 3.0, "side": "buy", "timestamp": 1765669582123}, {"id": "546342580", "price": 0.4107, "amount": 31.0, "side": "buy", "timestamp": 1765669582294}, {"id": "546342581", "price": 0.4107, "amount": 95.0, "side": "buy", "timestamp": 1765669582435}, {"id": "546342582", "price": 0.4107, "amount": 10.0, "side": "buy", "timestamp": 1765669583176}, {"id": "546342583", "price": 0.4107, "amount": 35.0, "side": "buy", "timestamp": 1765669583530}, {"id": "546342584", "price": 0.4107, "amount": 29.0, "side": "buy", "timestamp": 1765669583729}, {"id": "546342585", "price": 0.4107, "amount": 10.0, "side": "buy", "timestamp": 1765669583859}, {"id": "546342586", "price": 0.4107, "amount": 17.0, "side": "buy", "timestamp": 1765669584602}, {"id": "546342587", "price": 0.4107, "amount": 34.0, "side": "buy", "timestamp": 1765669584773}, {"id": "546342588", "price": 0.4107, "amount": 26.0, "side": "buy", "timestamp": 1765669585321}, {"id": "546342589", "price": 0.4107, "amount": 38.0, "side": "buy", "timestamp": 1765669585731}, {"id": "546342590", "price": 0.4107, "amount": 57.0, "side": "buy", "timestamp": 1765669586041}, {"id": "546342591", "price": 0.4107, "amount": 197.0, "side": "buy", "timestamp": 1765669586582}, {"id": "546342592", "price": 0.4107, "amount": 34.0, "side": "buy", "timestamp": 1765669586705}, {"id": "546342593", "price": 0.4107, "amount": 16.0, "side": "buy", "timestamp": 1765669587004}, {"id": "546342594", "price": 0.4106, "amount": 73.0, "side": "sell", "timestamp": 1765669587153}, {"id": "546342595", "price": 0.4107, "amount": 15.0, "side": "buy", "timestamp": 1765669587420}, {"id": "546342596", "price": 0.4107, "amount": 19.0, "side": "buy", "timestamp": 1765669587625}, {"id": "546342597", "price": 0.4107, "amount": 18.0, "side": "buy", "timestamp": 1765669587769}, {"id": "546342598", "price": 0.4107, "amount": 45.0, "side": "buy", "timestamp": 1765669587931}, {"id": "546342599", "price": 0.4107, "amount": 50.0, "side": "buy", "timestamp": 1765669588032}, {"id": "546342600", "price": 0.4107, "amount": 37.0, "side": "buy", "timestamp": 1765669588253}, {"id": "546342601", "price": 0.4107, "amount": 18.0, "side": "buy", "timestamp": 1765669588552}, {"id": "546342602", "price": 0.4107, "amount": 40.0, "side": "buy", "timestamp": 1765669588735}, {"id": "546342603", "price": 0.4107, "amount": 21.0, "side": "buy", "timestamp": 1765669588953}, {"id": "546342604", "price": 0.4107, "amount": 57.0, "side": "buy", "timestamp": 1765669589129}, {"id": "546342605", "price": 0.4106, "amount": 361.0, "side": "sell", "timestamp": 1765669589236}, {"id": "546342606", "price": 0.4107, "amount": 16.0, "side": "buy", "timestamp": 1765669589248}, {"id": "546342607", "price": 0.4107, "amount": 1784.0, "side": "buy", "timestamp": 1765669590362}, {"id": "546342608", "price": 0.4107, "amount": 3.0, "side": "buy", "timestamp": 1765669590604}, {"id": "546342609", "price": 0.4107, "amount": 37.0, "side": "buy", "timestamp": 1765669591588}, {"id": "546342610", "price": 0.4107, "amount": 1064.0, "side": "buy", "timestamp": 1765669592533}, {"id": "546342611", "price": 0.4107, "amount": 37.0, "side": "buy", "timestamp": 1765669593023}, {"id": "546342612", "price": 0.4107, "amount": 34.0, "side": "buy", "timestamp": 1765669593474}, {"id": "546342613", "price": 0.4106, "amount": 17.0, "side": "sell", "timestamp": 1765669593877}, {"id": "546342614", "price": 0.4106, "amount": 8652.0, "side": "sell", "timestamp": 1765669594167}, {"id": "546342615", "price": 0.4107, "amount": 13.0, "side": "buy", "timestamp": 1765669594330}, {"id": "546342616", "price": 0.4107, "amount": 4.0, "side": "buy", "timestamp": 1765669594712}, {"id": "546342617", "price": 0.4107, "amount": 72.0, "side": "buy", "timestamp": 1765669595173}, {"id": "546342618", "price": 0.4107, "amount": 21.0, "side": "buy", "timestamp": 1765669595426}, {"id": "546342619", "price": 0.4107, "amount": 537.0, "side": "buy", "timestamp": 1765669595655}, {"id": "546342690", "price": 0.4108, "amount": 11994.0, "side": "sell", "timestamp": 1765669625602}, {"id": "546342691", "price": 0.4107, "amount": 22.0, "side": "sell", "timestamp": 1765669625979}, {"id": "546342692", "price": 0.4108, "amount": 4828.0, "side": "buy", "timestamp": 1765669626174}, {"id": "546342693", "price": 0.4108, "amount": 27.0, "side": "buy", "timestamp": 1765669626348}, {"id": "546342694", "price": 0.4107, "amount": 89.0, "side": "sell", "timestamp": 1765669627195}, {"id": "546342695", "price": 0.4108, "amount": 288.0, "side": "buy", "timestamp": 1765669627351}, {"id": "546342696", "price": 0.4108, "amount": 12.0, "side": "buy", "timestamp": 1765669627631}, {"id": "546342697", "price": 0.4107, "amount": 157.0, "side": "sell", "timestamp": 1765669627741}, {"id": "546342698", "price": 0.4108, "amount": 15.0, "side": "buy", "timestamp": 1765669628247}, {"id": "546342699", "price": 0.4108, "amount": 18.0, "side": "buy", "timestamp": 1765669628815}, {"id": "546342700", "price": 0.4108, "amount": 16.0, "side": "buy", "timestamp": 1765669629246}, {"id": "546342701", "price": 0.4107, "amount": 12270.0, "side": "sell", "timestamp": 1765669629537}, {"id": "546342702", "price": 0.4106, "amount": 26.0, "side": "sell", "timestamp": 1765669629806}, {"id": "546342703", "price": 0.4107, "amount": 19.0, "side": "buy", "timestamp": 1765669629866}, {"id": "546342704", "price": 0.4107, "amount": 16.0, "side": "buy", "timestamp": 1765669631064}, {"id": "546342705", "price": 0.4106, "amount": 21.0, "side": "sell", "timestamp": 1765669632108}, {"id": "546342706", "price": 0.4107, "amount": 24.0, "side": "buy", "timestamp": 1765669632126}, {"id": "546342707", "price": 0.4106, "amount": 86.0, "side": "sell", "timestamp": 1765669632328}, {"id": "546342708", "price": 0.4107, "amount": 31.0, "side": "buy", "timestamp": 1765669633123}, {"id": "546342709", "price": 0.4106, "amount": 19.0, "side": "sell", "timestamp": 1765669633200}, {"id": "546342710", "price": 0.4107, "amount": 1.0, "side": "buy", "timestamp": 1765669633292}, {"id": "546342711", "price": 0.4107, "amount": 704.0, "side": "buy", "timestamp": 1765669633971}, {"id": "546342712", "price": 0.4107, "amount": 12.0, "side": "buy", "timestamp": 1765669635125}, {"id": "546342713", "price": 0.4107, "amount": 19.0, "side": "buy", "timestamp": 1765669636071}, {"id": "546342714", "price": 0.4106, "amount": 72.0, "side": "sell", "timestamp": 1765669637095}, {"id": "546342715", "price": 0.4107, "amount": 27.0, "side": "buy", "timestamp": 1765669637263}, {"id": "546342716", "price": 0.4107, "amount": 15.0, "side": "buy", "timestamp": 1765669637424}, {"id": "546342717", "price": 0.4107, "amount": 1.0, "side": "buy", "timestamp": 1765669637987}, {"id": "546342718", "price": 0.4107, "amount": 28.0, "side": "buy", "timestamp": 1765669638252}, {"id": "546342719", "price": 0.4107, "amount": 89.0, "side": "buy", "timestamp": 1765669638419}, {"id": "546342720", "price": 0.4106, "amount": 20.0, "side": "sell", "timestamp": 1765669638768}, {"id": "546342721", "price": 0.4107, "amount": 16.0, "side": "buy", "timestamp": 1765669639249}, {"id": "546342722", "price": 0.4107, "amount": 16.0, "side": "buy", "timestamp": 1765669639555}, {"id": "546342723", "price": 0.4107, "amount": 15.0, "side": "buy", "timestamp": 1765669640615}, {"id": "546342724", "price": 0.4107, "amount": 21.0, "side": "buy", "timestamp": 1765669641663}, {"id": "546342725", "price": 0.4106, "amount": 13.0, "side": "sell", "timestamp": 1765669642298}, {"id": "546342726", "price": 0.4107, "amount": 13.0, "side": "buy", "timestamp": 1765669643053}, {"id": "546342727", "price": 0.4106, "amount": 29.0, "side": "sell", "timestamp": 1765669643657}, {"id": "546342728", "price": 0.4107, "amount": 292.0, "side": "buy", "timestamp": 1765669643765}, {"id": "546342729", "price": 0.4107, "amount": 15.0, "side": "buy", "timestamp": 1765669644189}, {"id": "546342730", "price": 0.4107, "amount": 10.0, "side": "buy", "timestamp": 1765669644438}, {"id": "546342731", "price": 0.4106, "amount": 31806.0, "side": "sell", "timestamp": 1765669644885}, {"id": "546342732", "price": 0.4106, "amount": 25.0, "side": "buy", "timestamp": 1765669645408}, {"id": "546342733", "price": 0.4106, "amount": 14.0, "side": "buy", "timestamp": 1765669646604}, {"id": "546342734", "price": 0.4106, "amount": 12.0, "side": "buy", "timestamp": 1765669647254}, {"id": "546342735", "price": 0.4105, "amount": 77.0, "side": "sell", "timestamp": 1765669647400}, {"id": "546342736", "price": 0.4106, "amount": 15.0, "side": "buy", "timestamp": 1765669647421}, {"id": "546342737", "price": 0.4105, "amount": 107.0, "side": "sell", "timestamp": 1765669647714}, {"id": "546342738", "price": 0.4106, "amount": 25.0, "side": "buy", "timestamp": 1765669647768}, {"id": "546342739", "price": 0.4106, "amount": 15.0, "side": "buy", "timestamp": 1765669648254}, {"id": "546342799", "price": 0.4105, "amount": 23.0, "side": "buy", "timestamp": 1765669679719}, {"id": "546342800", "price": 0.4105, "amount": 1.0, "side": "buy", "timestamp": 1765669680265}, {"id": "546342801", "price": 0.4105, "amount": 10.0, "side": "buy", "timestamp": 1765669680747}, {"id": "546342802", "price": 0.4105, "amount": 12.0, "side": "buy", "timestamp": 1765669681798}, {"id": "546342803", "price": 0.4104, "amount": 18.0, "side": "sell", "timestamp": 1765669682052}, {"id": "546342804", "price": 0.4105, "amount": 19.0, "side": "buy", "timestamp": 1765669682826}, {"id": "546342805", "price": 0.4105, "amount": 1.0, "side": "buy", "timestamp": 1765669683564}, {"id": "546342806", "price": 0.4104, "amount": 46.0, "side": "sell", "timestamp": 1765669683850}, {"id": "546342807", "price": 0.4105, "amount": 16.0, "side": "buy", "timestamp": 1765669683956}, {"id": "546342808", "price": 0.4104, "amount": 24.0, "side": "sell", "timestamp": 1765669684394}, {"id": "546342809", "price": 0.4104, "amount": 134.0, "side": "sell", "timestamp": 1765669684593}, {"id": "546342810", "price": 0.4105, "amount": 89.0, "side": "buy", "timestamp": 1765669684796}, {"id": "546342811", "price": 0.4105, "amount": 9.0, "side": "buy", "timestamp": 1765669685112}, {"id": "546342812", "price": 0.4105, "amount": 10.0, "side": "buy", "timestamp": 1765669685353}, {"id": "546342813", "price": 0.4104, "amount": 15.0, "side": "sell", "timestamp": 1765669685396}, {"id": "546342814", "price": 0.4104, "amount": 21.0, "side": "sell", "timestamp": 1765669685776}, {"id": "546342815", "price": 0.4105, "amount": 19.0, "side": "buy", "timestamp": 1765669685801}, {"id": "546342816", "price": 0.4104, "amount": 16.0, "side": "sell", "timestamp": 1765669686017}, {"id": "546342817", "price": 0.4105, "amount": 9.0, "side": "buy", "timestamp": 1765669686353}, {"id": "546342818", "price": 0.4104, "amount": 16.0, "side": "sell", "timestamp": 1765669687424}, {"id": "546342819", "price": 0.4105, "amount": 19.0, "side": "buy", "timestamp": 1765669687610}, {"id": "546342820", "price": 0.4105, "amount": 15.0, "side": "buy", "timestamp": 1765669688250}, {"id": "546342821", "price": 0.4104, "amount": 73.0, "side": "sell", "timestamp": 1765669688466}, {"id": "546342822", "price": 0.4105, "amount": 18.0, "side": "buy", "timestamp": 1765669688786}, {"id": "546342823", "price": 0.4104, "amount": 326.0, "side": "sell", "timestamp": 1765669689644}, {"id": "546342824", "price": 0.4105, "amount": 41.0, "side": "buy", "timestamp": 1765669689969}, {"id": "546342825", "price": 0.4105, "amount": 15.0, "side": "buy", "timestamp": 1765669690101}, {"id": "546342826", "price": 0.4104, "amount": 25.0, "side": "sell", "timestamp": 1765669691161}, {"id": "546342827", "price": 0.4105, "amount": 20.0, "side": "buy", "timestamp": 1765669691165}, {"id": "546342828", "price": 0.4105, "amount": 8.0, "side": "buy", "timestamp": 1765669691975}, {"id": "546342829", "price": 0.4105, "amount": 19.0, "side": "buy", "timestamp": 1765669692229}, {"id": "546342830", "price": 0.4105, "amount": 11.0, "side": "buy", "timestamp": 1765669692393}, {"id": "546342831", "price": 0.4105, "amount": 11.0, "side": "buy", "timestamp": 1765669692549}, {"id": "546342832", "price": 0.4105, "amount": 142.0, "side": "buy", "timestamp": 1765669692826}, {"id": "546342833", "price": 0.4105, "amount": 13.0, "side": "buy", "timestamp": 1765669693299}, {"id": "546342834", "price": 0.4104, "amount": 3891.0, "side": "sell", "timestamp": 1765669693346}, {"id": "546342835", "price": 0.4104, "amount": 108.0, "side": "sell", "timestamp": 1765669694399}, {"id": "546342836", "price": 0.4105, "amount": 17.0, "side": "buy", "timestamp": 1765669694579}, {"id": "546342837", "price": 0.4105, "amount": 23.0, "side": "buy", "timestamp": 1765669695261}, {"id": "546342838", "price": 0.4105, "amount": 15.0, "side": "buy", "timestamp": 1765669695626}, {"id": "546342839", "price": 0.4105, "amount": 21.0, "side": "buy", "timestamp": 1765669696670}, {"id": "546342840", "price": 0.4105, "amount": 10.0, "side": "buy", "timestamp": 1765669697940}, {"id": "546342841", "price": 0.4104, "amount": 14.0, "side": "sell", "timestamp": 1765669698086}, {"id": "546342842", "price": 0.4105, "amount": 15.0, "side": "buy", "timestamp": 1765669698256}, {"id": "546342843", "price": 0.4104, "amount": 14794.0, "side": "sell", "timestamp": 1765669698721}, {"id": "546342844", "price": 0.4104, "amount": 166.0, "side": "buy", "timestamp": 1765669699004}, {"id": "546342845", "price": 0.4103, "amount": 16331.0, "side": "sell", "timestamp": 1765669699510}, {"id": "546342846", "price": 0.4104, "amount": 391.0, "side": "buy", "timestamp": 1765669699913}, {"id": "546342847", "price": 0.4104, "amount": 20011.0, "side": "buy", "timestamp": 1765669700305}, {"id": "546342848", "price": 0.4104, "amount": 10.0, "side": "buy", "timestamp": 1765669701406}, {"id": "546342892", "price": 0.4104, "amount": 11.0, "side": "buy", "timestamp": 1765669725686}, {"id": "546342893", "price": 0.4104, "amount": 49.0, "side": "buy", "timestamp": 1765669726254}, {"id": "546342894", "price": 0.4104, "amount": 32.0, "side": "buy", "timestamp": 1765669726959}, {"id": "546342895", "price": 0.4104, "amount": 18.0, "side": "buy", "timestamp": 1765669727315}, {"id": "546342896", "price": 0.4104, "amount": 19.0, "side": "buy", "timestamp": 1765669727818}, {"id": "546342897", "price": 0.4104, "amount": 10.0, "side": "buy", "timestamp": 1765669728626}, {"id": "546342898", "price": 0.4103, "amount": 37.0, "side": "sell", "timestamp": 1765669729403}, {"id": "546342899", "price": 0.4104, "amount": 11.0, "side": "buy", "timestamp": 1765669729807}, {"id": "546342900", "price": 0.4104, "amount": 10.0, "side": "buy", "timestamp": 1765669730798}, {"id": "546342901", "price": 0.4104, "amount": 7.0, "side": "buy", "timestamp": 1765669732069}, {"id": "546342902", "price": 0.4103, "amount": 1364.0, "side": "sell", "timestamp": 1765669733033}, {"id": "546342903", "price": 0.4104, "amount": 27.0, "side": "buy", "timestamp": 1765669733116}, {"id": "546342904", "price": 0.4104, "amount": 504.0, "side": "buy", "timestamp": 1765669733376}, {"id": "546342905", "price": 0.4104, "amount": 40968.0, "side": "buy", "timestamp": 1765669733511}, {"id": "546342906", "price": 0.4105, "amount": 7061.0, "side": "buy", "timestamp": 1765669733828}, {"id": "546342907", "price": 0.4106, "amount": 7.0, "side": "buy", "timestamp": 1765669734076}, {"id": "546342908", "price": 0.4106, "amount": 272.0, "side": "buy", "timestamp": 1765669734206}, {"id": "546342909", "price": 0.4106, "amount": 18.0, "side": "buy", "timestamp": 1765669735170}, {"id": "546342910", "price": 0.4106, "amount": 2416.0, "side": "buy", "timestamp": 1765669736116}, {"id": "546342911", "price": 0.4106, "amount": 6.0, "side": "buy", "timestamp": 1765669736521}, {"id": "546342912", "price": 0.4106, "amount": 255.0, "side": "buy", "timestamp": 1765669737035}, {"id": "546342913", "price": 0.4106, "amount": 7.0, "side": "buy", "timestamp": 1765669737929}, {"id": "546342914", "price": 0.4106, "amount": 8.0, "side": "buy", "timestamp": 1765669739145}, {"id": "546342915", "price": 0.4106, "amount": 22.0, "side": "buy", "timestamp": 1765669740060}, {"id": "546342916", "price": 0.4106, "amount": 128.0, "side": "buy", "timestamp": 1765669740207}, {"id": "546342917", "price": 0.4106, "amount": 17.0, "side": "buy", "timestamp": 1765669740432}, {"id": "546342918", "price": 0.4105, "amount": 27.0, "side": "sell", "timestamp": 1765669741349}, {"id": "546342919", "price": 0.4105, "amount": 35.0, "side": "sell", "timestamp": 1765669741500}, {"id": "546342920", "price": 0.4106, "amount": 13.0, "side": "buy", "timestamp": 1765669741599}, {"id": "546342921", "price": 0.4106, "amount": 14.0, "side": "buy", "timestamp": 1765669742602}, {"id": "546342922", "price": 0.4105, "amount": 134.0, "side": "sell", "timestamp": 1765669742634}, {"id": "546342923", "price": 0.4105, "amount": 26.0, "side": "sell", "timestamp": 1765669742960}, {"id": "546342924", "price": 0.4105, "amount": 30.0, "side": "sell", "timestamp": 1765669743197}, {"id": "546342925", "price": 0.4106, "amount": 7.0, "side": "buy", "timestamp": 1765669743521}, {"id": "546342926", "price": 0.4106, "amount": 11.0, "side": "buy", "timestamp": 1765669744596}, {"id": "546342927", "price": 0.4106, "amount": 16.0, "side": "buy", "timestamp": 1765669744747}, {"id": "546342928", "price": 0.4105, "amount": 14.0, "side": "sell", "timestamp": 1765669745088}, {"id": "546342929", "price": 0.4106, "amount": 302.0, "side": "buy", "timestamp": 1765669745703}, {"id": "546342930", "price": 0.4106, "amount": 11.0, "side": "buy", "timestamp": 1765669745956}, {"id": "546342931", "price": 0.4106, "amount": 13.0, "side": "buy", "timestamp": 1765669747251}, {"id": "546342932", "price": 0.4106, "amount": 12.0, "side": "buy", "timestamp": 1765669748582}, {"id": "546342933", "price": 0.4106, "amount": 11.0, "side": "buy", "timestamp": 1765669749666}, {"id": "546342934", "price": 0.4106, "amount": 9.0, "side": "buy", "timestamp": 1765669750876}, {"id": "546342935", "price": 0.4105, "amount": 11768.0, "side": "sell", "timestamp": 1765669751123}, {"id": "546342936", "price": 0.4104, "amount": 645.0, "side": "sell", "timestamp": 1765669751658}, {"id": "546342937", "price": 0.4105, "amount": 13.0, "side": "buy", "timestamp": 1765669752194}, {"id": "546342938", "price": 0.4105, "amount": 9.0, "side": "buy", "timestamp": 1765669753237}, {"id": "546342939", "price": 0.4105, "amount": 19.0, "side": "buy", "timestamp": 1765669753404}, {"id": "546342940", "price": 0.4105, "amount": 3.0, "side": "buy", "timestamp": 1765669753914}, {"id": "546342941", "price": 0.4105, "amount": 11.0, "side": "buy", "timestamp": 1765669754355}, {"id": "546342984", "price": 0.4105, "amount": 5.0, "side": "buy", "timestamp": 1765669784198}, {"id": "546342985", "price": 0.4105, "amount": 6.0, "side": "buy", "timestamp": 1765669785349}, {"id": "546342986", "price": 0.4105, "amount": 9.0, "side": "buy", "timestamp": 1765669786536}, {"id": "546342987", "price": 0.4104, "amount": 26.0, "side": "sell", "timestamp": 1765669787092}, {"id": "546342988", "price": 0.4104, "amount": 29.0, "side": "sell", "timestamp": 1765669787658}, {"id": "546342989", "price": 0.4105, "amount": 22.0, "side": "buy", "timestamp": 1765669787733}, {"id": "546342990", "price": 0.4104, "amount": 500.0, "side": "sell", "timestamp": 1765669788054}, {"id": "546342991", "price": 0.4105, "amount": 10.0, "side": "buy", "timestamp": 1765669788172}, {"id": "546342992", "price": 0.4105, "amount": 7.0, "side": "buy", "timestamp": 1765669789021}, {"id": "546342993", "price": 0.4105, "amount": 3.0, "side": "buy", "timestamp": 1765669789598}, {"id": "546342994", "price": 0.4104, "amount": 24419.0, "side": "sell", "timestamp": 1765669789733}, {"id": "546342995", "price": 0.4104, "amount": 5.0, "side": "buy", "timestamp": 1765669789990}, {"id": "546342996", "price": 0.4103, "amount": 60.0, "side": "sell", "timestamp": 1765669790154}, {"id": "546342997", "price": 0.4104, "amount": 8.0, "side": "buy", "timestamp": 1765669791145}, {"id": "546342998", "price": 0.4104, "amount": 273.0, "side": "buy", "timestamp": 1765669791452}, {"id": "546342999", "price": 0.4104, "amount": 6.0, "side": "buy", "timestamp": 1765669792284}, {"id": "546343000", "price": 0.4104, "amount": 9.0, "side": "buy", "timestamp": 1765669793470}, {"id": "546343001", "price": 0.4103, "amount": 173.0, "side": "sell", "timestamp": 1765669793857}, {"id": "546343002", "price": 0.4104, "amount": 89.0, "side": "buy", "timestamp": 1765669794585}, {"id": "546343003", "price": 0.4104, "amount": 7.0, "side": "buy", "timestamp": 1765669795174}, {"id": "546343004", "price": 0.4103, "amount": 17.0, "side": "sell", "timestamp": 1765669795243}, {"id": "546343005", "price": 0.4104, "amount": 14.0, "side": "buy", "timestamp": 1765669795360}, {"id": "546343006", "price": 0.4104, "amount": 5.0, "side": "buy", "timestamp": 1765669795863}, {"id": "546343007", "price": 0.4103, "amount": 31.0, "side": "sell", "timestamp": 1765669795925}, {"id": "546343008", "price": 0.4104, "amount": 59.0, "side": "buy", "timestamp": 1765669796059}, {"id": "546343009", "price": 0.4104, "amount": 5.0, "side": "buy", "timestamp": 1765669796929}, {"id": "546343010", "price": 0.4104, "amount": 6.0, "side": "buy", "timestamp": 1765669797973}, {"id": "546343011", "price": 0.4103, "amount": 18.0, "side": "sell", "timestamp": 1765669798012}, {"id": "546343012", "price": 0.4103, "amount": 528.0, "side": "sell", "timestamp": 1765669798682}, {"id": "546343013", "price": 0.4104, "amount": 11164.0, "side": "buy", "timestamp": 1765669798913}, {"id": "546343014", "price": 0.4105, "amount": 12.0, "side": "buy", "timestamp": 1765669798967}, {"id": "546343015", "price": 0.4104, "amount": 99.0, "side": "sell", "timestamp": 1765669799000}, {"id": "546343016", "price": 0.4105, "amount": 11.0, "side": "buy", "timestamp": 1765669800103}, {"id": "546343017", "price": 0.4104, "amount": 319.0, "side": "sell", "timestamp": 1765669800857}, {"id": "546343018", "price": 0.4105, "amount": 13.0, "side": "buy", "timestamp": 1765669801165}, {"id": "546343019", "price": 0.4105, "amount": 6.0, "side": "buy", "timestamp": 1765669802138}, {"id": "546343020", "price": 0.4105, "amount": 19.0, "side": "buy", "timestamp": 1765669802547}, {"id": "546343021", "price": 0.4105, "amount": 1.0, "side": "buy", "timestamp": 1765669802796}, {"id": "546343022", "price": 0.4104, "amount": 35.0, "side": "sell", "timestamp": 1765669803283}, {"id": "546343023", "price": 0.4105, "amount": 7.0, "side": "buy", "timestamp": 1765669803336}, {"id": "546343024", "price": 0.4104, "amount": 51.0, "side": "sell", "timestamp": 1765669804213}, {"id": "546343025", "price": 0.4104, "amount": 5404.0, "side": "sell", "timestamp": 1765669804401}, {"id": "546343026", "price": 0.4105, "amount": 13.0, "side": "buy", "timestamp": 1765669804621}, {"id": "546343027", "price": 0.4104, "amount": 13.0, "side": "sell", "timestamp": 1765669804800}, {"id": "546343028", "price": 0.4105, "amount": 6.0, "side": "buy", "timestamp": 1765669805226}, {"id": "546343029", "price": 0.4104, "amount": 13.0, "side": "sell", "timestamp": 1765669805234}, {"id": "546343030", "price": 0.4105, "amount": 7.0, "side": "buy", "timestamp": 1765669805809}, {"id": "546343031", "price": 0.4105, "amount": 13.0, "side": "buy", "timestamp": 1765669806110}, {"id": "546343032", "price": 0.4105, "amount": 13.0, "side": "buy", "timestamp": 1765669806959}, {"id": "546343033", "price": 0.4105, "amount": 7.0, "side": "buy", "timestamp": 1765669808035}, {"id": "546343089", "price": 0.4105, "amount": 36.0, "side": "sell", "timestamp": 1765669838807}, {"id": "546343090", "price": 0.4106, "amount": 10.0, "side": "buy", "timestamp": 1765669839257}, {"id": "546343091", "price": 0.4106, "amount": 14.0, "side": "buy", "timestamp": 1765669840188}, {"id": "546343092", "price": 0.4106, "amount": 6.0, "side": "buy", "timestamp": 1765669840313}, {"id": "546343093", "price": 0.4106, "amount": 20.0, "side": "buy", "timestamp": 1765669841603}, {"id": "546343094", "price": 0.4106, "amount": 95.0, "side": "buy", "timestamp": 1765669842758}, {"id": "546343095", "price": 0.4106, "amount": 7.0, "side": "buy", "timestamp": 1765669842868}, {"id": "546343096", "price": 0.4106, "amount": 5.0, "side": "buy", "timestamp": 1765669844282}, {"id": "546343097", "price": 0.4106, "amount": 6.0, "side": "buy", "timestamp": 1765669844616}, {"id": "546343098", "price": 0.4105, "amount": 38.0, "side": "sell", "timestamp": 1765669845223}, {"id": "546343099", "price": 0.4105, "amount": 34.0, "side": "sell", "timestamp": 1765669845346}, {"id": "546343100", "price": 0.4106, "amount": 6.0, "side": "buy", "timestamp": 1765669845460}, {"id": "546343101", "price": 0.4105, "amount": 39.0, "side": "sell", "timestamp": 1765669845824}, {"id": "546343102", "price": 0.4106, "amount": 3.0, "side": "buy", "timestamp": 1765669846277}, {"id": "546343103", "price": 0.4106, "amount": 6.0, "side": "buy", "timestamp": 1765669846604}, {"id": "546343104", "price": 0.4105, "amount": 74.0, "side": "sell", "timestamp": 1765669847303}, {"id": "546343105", "price": 0.4106, "amount": 13.0, "side": "buy", "timestamp": 1765669847684}, {"id": "546343106", "price": 0.4105, "amount": 49.0, "side": "sell", "timestamp": 1765669847822}, {"id": "546343107", "price": 0.4105, "amount": 43.0, "side": "sell", "timestamp": 1765669848628}, {"id": "546343108", "price": 0.4106, "amount": 10.0, "side": "buy", "timestamp": 1765669848783}, {"id": "546343109", "price": 0.4105, "amount": 38.0, "side": "sell", "timestamp": 1765669849373}, {"id": "546343110", "price": 0.4106, "amount": 7.0, "side": "buy", "timestamp": 1765669850080}, {"id": "546343111", "price": 0.4106, "amount": 3.0, "side": "buy", "timestamp": 1765669850254}, {"id": "546343112", "price": 0.4105, "amount": 27.0, "side": "sell", "timestamp": 1765669851149}, {"id": "546343113", "price": 0.4106, "amount": 7.0, "side": "buy", "timestamp": 1765669851276}, {"id": "546343114", "price": 0.4106, "amount": 3.0, "side": "buy", "timestamp": 1765669851693}, {"id": "546343115", "price": 0.4105, "amount": 13778.0, "side": "sell", "timestamp": 1765669852049}, {"id": "546343116", "price": 0.4105, "amount": 504.0, "side": "buy", "timestamp": 1765669852252}, {"id": "546343117", "price": 0.4105, "amount": 8.0, "side": "buy", "timestamp": 1765669852368}, {"id": "546343118", "price": 0.4105, "amount": 1125.0, "side": "buy", "timestamp": 1765669852703}, {"id": "546343119", "price": 0.4105, "amount": 38.0, "side": "buy", "timestamp": 1765669852857}, {"id": "546343120", "price": 0.4106, "amount": 101.0, "side": "buy", "timestamp": 1765669852873}, {"id": "546343121", "price": 0.4106, "amount": 272.0, "side": "buy", "timestamp": 1765669853073}, {"id": "546343122", "price": 0.4105, "amount": 242.0, "side": "sell", "timestamp": 1765669853401}, {"id": "546343123", "price": 0.4106, "amount": 7.0, "side": "buy", "timestamp": 1765669853652}, {"id": "546343124", "price": 0.4105, "amount": 34.0, "side": "sell", "timestamp": 1765669854074}, {"id": "546343125", "price": 0.4105, "amount": 261.0, "side": "sell", "timestamp": 1765669854780}, {"id": "546343126", "price": 0.4106, "amount": 5.0, "side": "buy", "timestamp": 1765669855015}, {"id": "546343127", "price": 0.4106, "amount": 8.0, "side": "buy", "timestamp": 1765669856213}, {"id": "546343128", "price": 0.4106, "amount": 31.0, "side": "buy", "timestamp": 1765669857152}, {"id": "546343129", "price": 0.4106, "amount": 7.0, "side": "buy", "timestamp": 1765669858371}, {"id": "546343130", "price": 0.4105, "amount": 213.0, "side": "sell", "timestamp": 1765669858949}, {"id": "546343131", "price": 0.4105, "amount": 382.0, "side": "sell", "timestamp": 1765669859346}, {"id": "546343132", "price": 0.4106, "amount": 6.0, "side": "buy", "timestamp": 1765669859488}, {"id": "546343133", "price": 0.4105, "amount": 80.0, "side": "sell", "timestamp": 1765669859658}, {"id": "546343134", "price": 0.4105, "amount": 16.0, "side": "sell", "timestamp": 1765669860244}, {"id": "546343135", "price": 0.4106, "amount": 19.0, "side": "buy", "timestamp": 1765669860443}, {"id": "546343136", "price": 0.4106, "amount": 5.0, "side": "buy", "timestamp": 1765669860645}, {"id": "546343137", "price": 0.4105, "amount": 34.0, "side": "sell", "timestamp": 1765669861253}, {"id": "546343138", "price": 0.4106, "amount": 4.0, "side": "buy", "timestamp": 1765669861821}, {"id": "546343206", "price": 0.4105, "amount": 3.0, "side": "buy", "timestamp": 1765669893210}, {"id": "546343207", "price": 0.4105, "amount": 63.0, "side": "buy", "timestamp": 1765669893390}, {"id": "546343208", "price": 0.4104, "amount": 208.0, "side": "sell", "timestamp": 1765669893970}, {"id": "546343209", "price": 0.4105, "amount": 7.0, "side": "buy", "timestamp": 1765669894534}, {"id": "546343210", "price": 0.4104, "amount": 38.0, "side": "sell", "timestamp": 1765669895089}, {"id": "546343211", "price": 0.4104, "amount": 17.0, "side": "sell", "timestamp": 1765669895579}, {"id": "546343212", "price": 0.4105, "amount": 5.0, "side": "buy", "timestamp": 1765669895619}, {"id": "546343213", "price": 0.4104, "amount": 29.0, "side": "sell", "timestamp": 1765669895672}, {"id": "546343214", "price": 0.4104, "amount": 34.0, "side": "sell", "timestamp": 1765669896192}, {"id": "546343215", "price": 0.4105, "amount": 242.0, "side": "buy", "timestamp": 1765669896412}, {"id": "546343216", "price": 0.4104, "amount": 73.0, "side": "sell", "timestamp": 1765669896437}, {"id": "546343217", "price": 0.4105, "amount": 7.0, "side": "buy", "timestamp": 1765669896699}, {"id": "546343218", "price": 0.4105, "amount": 5.0, "side": "buy", "timestamp": 1765669897221}, {"id": "546343219", "price": 0.4105, "amount": 3.0, "side": "buy", "timestamp": 1765669897332}, {"id": "546343220", "price": 0.4105, "amount": 1.0, "side": "buy", "timestamp": 1765669897457}, {"id": "546343221", "price": 0.4105, "amount": 7.0, "side": "buy", "timestamp": 1765669897777}, {"id": "546343222", "price": 0.4105, "amount": 246.0, "side": "buy", "timestamp": 1765669898908}, {"id": "546343223", "price": 0.4104, "amount": 30165.0, "side": "sell", "timestamp": 1765669899328}, {"id": "546343224", "price": 0.4105, "amount": 3.0, "side": "buy", "timestamp": 1765669900199}, {"id": "546343225", "price": 0.4105, "amount": 6.0, "side": "buy", "timestamp": 1765669901717}, {"id": "546343226", "price": 0.4104, "amount": 17.0, "side": "sell", "timestamp": 1765669902265}, {"id": "546343227", "price": 0.4105, "amount": 39334.0, "side": "buy", "timestamp": 1765669902888}, {"id": "546343228", "price": 0.4106, "amount": 58016.0, "side": "buy", "timestamp": 1765669902917}, {"id": "546343229", "price": 0.4106, "amount": 7.0, "side": "buy", "timestamp": 1765669903884}, {"id": "546343230", "price": 0.4106, "amount": 2.0, "side": "buy", "timestamp": 1765669904379}, {"id": "546343231", "price": 0.4105, "amount": 13.0, "side": "sell", "timestamp": 1765669904523}, {"id": "546343232", "price": 0.4105, "amount": 14.0, "side": "sell", "timestamp": 1765669904774}, {"id": "546343233", "price": 0.4105, "amount": 14.0, "side": "sell", "timestamp": 1765669905172}, {"id": "546343234", "price": 0.4106, "amount": 7.0, "side": "buy", "timestamp": 1765669905321}, {"id": "546343235", "price": 0.4105, "amount": 632.0, "side": "sell", "timestamp": 1765669905412}, {"id": "546343236", "price": 0.4106, "amount": 5.0, "side": "buy", "timestamp": 1765669906560}, {"id": "546343237", "price": 0.4106, "amount": 12.0, "side": "buy", "timestamp": 1765669907634}, {"id": "546343238", "price": 0.4105, "amount": 18.0, "side": "sell", "timestamp": 1765669907846}, {"id": "546343239", "price": 0.4106, "amount": 52.0, "side": "buy", "timestamp": 1765669908005}, {"id": "546343240", "price": 0.4105, "amount": 35.0, "side": "sell", "timestamp": 1765669908735}, {"id": "546343241", "price": 0.4106, "amount": 7.0, "side": "buy", "timestamp": 1765669908949}, {"id": "546343242", "price": 0.4106, "amount": 2.0, "side": "buy", "timestamp": 1765669909591}, {"id": "546343243", "price": 0.4105, "amount": 13.0, "side": "sell", "timestamp": 1765669909629}, {"id": "546343244", "price": 0.4106, "amount": 6.0, "side": "buy", "timestamp": 1765669909940}, {"id": "546343245", "price": 0.4105, "amount": 27.0, "side": "sell", "timestamp": 1765669910373}, {"id": "546343246", "price": 0.4106, "amount": 3.0, "side": "buy", "timestamp": 1765669910802}, {"id": "546343247", "price": 0.4106, "amount": 42852.0, "side": "buy", "timestamp": 1765669911070}, {"id": "546343248", "price": 0.4107, "amount": 5876.0, "side": "buy", "timestamp": 1765669911108}, {"id": "546343249", "price": 0.4106, "amount": 13.0, "side": "sell", "timestamp": 1765669911387}, {"id": "546343250", "price": 0.4106, "amount": 43.0, "side": "sell", "timestamp": 1765669911977}, {"id": "546343251", "price": 0.4107, "amount": 3.0, "side": "buy", "timestamp": 1765669912032}, {"id": "546343252", "price": 0.4107, "amount": 8.0, "side": "buy", "timestamp": 1765669913021}, {"id": "546343253", "price": 0.4107, "amount": 4.0, "side": "buy", "timestamp": 1765669914029}, {"id": "546343254", "price": 0.4107, "amount": 167.0, "side": "buy", "timestamp": 1765669914215}, {"id": "546343255", "price": 0.4107, "amount": 8.0, "side": "buy", "timestamp": 1765669915157}, {"id": "546343316", "price": 0.4107, "amount": 48.0, "side": "buy", "timestamp": 1765669944639}, {"id": "546343317", "price": 0.4107, "amount": 2.0, "side": "buy", "timestamp": 1765669945876}, {"id": "546343318", "price": 0.4107, "amount": 503.0, "side": "buy", "timestamp": 1765669946335}, {"id": "546343319", "price": 0.4107, "amount": 2.0, "side": "buy", "timestamp": 1765669946618}, {"id": "546343320", "price": 0.4107, "amount": 1125.0, "side": "buy", "timestamp": 1765669946865}, {"id": "546343321", "price": 0.4107, "amount": 272.0, "side": "buy", "timestamp": 1765669947263}, {"id": "546343322", "price": 0.4107, "amount": 3.0, "side": "buy", "timestamp": 1765669947682}, {"id": "546343323", "price": 0.4107, "amount": 19.0, "side": "buy", "timestamp": 1765669947807}, {"id": "546343324", "price": 0.4107, "amount": 2.0, "side": "buy", "timestamp": 1765669948024}, {"id": "546343325", "price": 0.4107, "amount": 4.0, "side": "buy", "timestamp": 1765669948239}, {"id": "546343326", "price": 0.4107, "amount": 2263.0, "side": "buy", "timestamp": 1765669948706}, {"id": "546343327", "price": 0.4107, "amount": 3.0, "side": "buy", "timestamp": 1765669949306}, {"id": "546343328", "price": 0.4107, "amount": 4.0, "side": "buy", "timestamp": 1765669950247}, {"id": "546343329", "price": 0.4106, "amount": 46.0, "side": "sell", "timestamp": 1765669950644}, {"id": "546343330", "price": 0.4107, "amount": 77.0, "side": "buy", "timestamp": 1765669950692}, {"id": "546343331", "price": 0.4107, "amount": 138.0, "side": "buy", "timestamp": 1765669951096}, {"id": "546343332", "price": 0.4107, "amount": 7.0, "side": "buy", "timestamp": 1765669951486}, {"id": "546343333", "price": 0.4107, "amount": 4.0, "side": "buy", "timestamp": 1765669952732}, {"id": "546343334", "price": 0.4107, "amount": 245.0, "side": "buy", "timestamp": 1765669953690}, {"id": "546343335", "price": 0.4107, "amount": 2.0, "side": "buy", "timestamp": 1765669954056}, {"id": "546343336", "price": 0.4107, "amount": 1.0, "side": "buy", "timestamp": 1765669954335}, {"id": "546343337", "price": 0.4106, "amount": 25.0, "side": "sell", "timestamp": 1765669954454}, {"id": "546343338", "price": 0.4107, "amount": 2.0, "side": "buy", "timestamp": 1765669954809}, {"id": "546343339", "price": 0.4107, "amount": 3.0, "side": "buy", "timestamp": 1765669955866}, {"id": "546343340", "price": 0.4106, "amount": 35.0, "side": "sell", "timestamp": 1765669955969}, {"id": "546343341", "price": 0.4107, "amount": 6497.0, "side": "buy", "timestamp": 1765669956502}, {"id": "546343342", "price": 0.4108, "amount": 73.0, "side": "buy", "timestamp": 1765669956687}, {"id": "546343343", "price": 0.4107, "amount": 3710.0, "side": "sell", "timestamp": 1765669956792}, {"id": "546343344", "price": 0.4108, "amount": 3.0, "side": "buy", "timestamp": 1765669956955}, {"id": "546343345", "price": 0.4108, "amount": 1.0, "side": "buy", "timestamp": 1765669958058}, {"id": "546343346", "price": 0.4108, "amount": 4.0, "side": "buy", "timestamp": 1765669958172}, {"id": "546343347", "price": 0.4108, "amount": 2.0, "side": "buy", "timestamp": 1765669958894}, {"id": "546343348", "price": 0.4107, "amount": 335.0, "side": "sell", "timestamp": 1765669959055}, {"id": "546343349", "price": 0.4108, "amount": 5.0, "side": "buy", "timestamp": 1765669959204}, {"id": "546343350", "price": 0.4108, "amount": 6.0, "side": "buy", "timestamp": 1765669960511}, {"id": "546343351", "price": 0.4108, "amount": 4.0, "side": "buy", "timestamp": 1765669961809}, {"id": "546343352", "price": 0.4107, "amount": 50.0, "side": "sell", "timestamp": 1765669962551}, {"id": "546343353", "price": 0.4108, "amount": 3.0, "side": "buy", "timestamp": 1765669963058}, {"id": "546343354", "price": 0.4108, "amount": 4.0, "side": "buy", "timestamp": 1765669963591}, {"id": "546343355", "price": 0.4108, "amount": 6.0, "side": "buy", "timestamp": 1765669964101}, {"id": "546343356", "price": 0.4107, "amount": 64.0, "side": "sell", "timestamp": 1765669964122}, {"id": "546343357", "price": 0.4108, "amount": 4.0, "side": "buy", "timestamp": 1765669965359}, {"id": "546343358", "price": 0.4108, "amount": 2.0, "side": "buy", "timestamp": 1765669966144}, {"id": "546343359", "price": 0.4108, "amount": 5.0, "side": "buy", "timestamp": 1765669966376}, {"id": "546343360", "price": 0.4108, "amount": 6.0, "side": "buy", "timestamp": 1765669967401}, {"id": "546343361", "price": 0.4107, "amount": 6509.0, "side": "sell", "timestamp": 1765669967661}, {"id": "546343362", "price": 0.4107, "amount": 95.0, "side": "sell", "timestamp": 1765669967782}, {"id": "546343363", "price": 0.4108, "amount": 3.0, "side": "buy", "timestamp": 1765669968160}, {"id": "546343364", "price": 0.4108, "amount": 4.0, "side": "buy", "timestamp": 1765669968667}, {"id": "546343365", "price": 0.4108, "amount": 1.0, "side": "buy", "timestamp": 1765669968770}, {"id": "546343380", "price": 0.4108, "amount": 3.0, "side": "buy", "timestamp": 1765669981532}, {"id": "546343381", "price": 0.4107, "amount": 32.0, "side": "sell", "timestamp": 1765669982187}, {"id": "546343382", "price": 0.4108, "amount": 2.0, "side": "buy", "timestamp": 1765669982296}, {"id": "546343383", "price": 0.4108, "amount": 5.0, "side": "buy", "timestamp": 1765669984141}, {"id": "546343384", "price": 0.4107, "amount": 68.0, "side": "sell", "timestamp": 1765669984146}, {"id": "546343385", "price": 0.4108, "amount": 18.0, "side": "buy", "timestamp": 1765669984409}, {"id": "546343386", "price": 0.4107, "amount": 22.0, "side": "sell", "timestamp": 1765669985270}, {"id": "546343387", "price": 0.4107, "amount": 16.0, "side": "sell", "timestamp": 1765669985812}, {"id": "546343388", "price": 0.4108, "amount": 296.0, "side": "buy", "timestamp": 1765669986101}, {"id": "546343389", "price": 0.4107, "amount": 35.0, "side": "sell", "timestamp": 1765669986304}, {"id": "546343390", "price": 0.4108, "amount": 17.0, "side": "buy", "timestamp": 1765669986783}, {"id": "546343391", "price": 0.4108, "amount": 1.0, "side": "buy", "timestamp": 1765669988183}, {"id": "546343392", "price": 0.4107, "amount": 27.0, "side": "sell", "timestamp": 1765669988383}, {"id": "546343393", "price": 0.4108, "amount": 3.0, "side": "buy", "timestamp": 1765669988394}, {"id": "546343394", "price": 0.4108, "amount": 372.0, "side": "buy", "timestamp": 1765669989284}, {"id": "546343395", "price": 0.4108, "amount": 15.0, "side": "buy", "timestamp": 1765669989759}, {"id": "546343396", "price": 0.4108, "amount": 22.0, "side": "buy", "timestamp": 1765669990009}, {"id": "546343397", "price": 0.4108, "amount": 504.0, "side": "buy", "timestamp": 1765669992427}, {"id": "546343398", "price": 0.4108, "amount": 63.0, "side": "buy", "timestamp": 1765669992626}, {"id": "546343399", "price": 0.4108, "amount": 1124.0, "side": "buy", "timestamp": 1765669992909}, {"id": "546343400", "price": 0.4108, "amount": 272.0, "side": "buy", "timestamp": 1765669993294}, {"id": "546343401", "price": 0.4108, "amount": 1.0, "side": "buy", "timestamp": 1765669994046}, {"id": "546343402", "price": 0.4108, "amount": 71.0, "side": "buy", "timestamp": 1765669994721}, {"id": "546343403", "price": 0.4107, "amount": 32.0, "side": "sell", "timestamp": 1765669994961}, {"id": "546343404", "price": 0.4108, "amount": 1.0, "side": "buy", "timestamp": 1765669995011}, {"id": "546343405", "price": 0.4108, "amount": 2000.0, "side": "buy", "timestamp": 1765669996790}, {"id": "546343406", "price": 0.4108, "amount": 3.0, "side": "buy", "timestamp": 1765669997797}, {"id": "546343407", "price": 0.4107, "amount": 104.0, "side": "sell", "timestamp": 1765669997988}, {"id": "546343408", "price": 0.4108, "amount": 2947.0, "side": "buy", "timestamp": 1765669999332}, {"id": "546343409", "price": 0.4108, "amount": 1.0, "side": "buy", "timestamp": 1765669999573}, {"id": "546343410", "price": 0.4108, "amount": 1.0, "side": "buy", "timestamp": 1765670000368}, {"id": "546343411", "price": 0.4107, "amount": 35.0, "side": "sell", "timestamp": 1765670000761}, {"id": "546343412", "price": 0.4108, "amount": 3120.0, "side": "buy", "timestamp": 1765670003016}, {"id": "546343413", "price": 0.4107, "amount": 6765.0, "side": "sell", "timestamp": 1765670003656}, {"id": "546343414", "price": 0.4107, "amount": 1530.0, "side": "sell", "timestamp": 1765670004709}, {"id": "546343415", "price": 0.4107, "amount": 7120.0, "side": "sell", "timestamp": 1765670006370}, {"id": "546343416", "price": 0.4107, "amount": 3.0, "side": "buy", "timestamp": 1765670008284}, {"id": "546343417", "price": 0.4106, "amount": 78.0, "side": "sell", "timestamp": 1765670009931}, {"id": "546343418", "price": 0.4107, "amount": 5.0, "side": "buy", "timestamp": 1765670010268}, {"id": "546343419", "price": 0.4106, "amount": 421.0, "side": "sell", "timestamp": 1765670011822}, {"id": "546343420", "price": 0.4107, "amount": 3.0, "side": "buy", "timestamp": 1765670012255}, {"id": "546343421", "price": 0.4106, "amount": 64.0, "side": "sell", "timestamp": 1765670013955}, {"id": "546343422", "price": 0.4107, "amount": 1.0, "side": "buy", "timestamp": 1765670015252}, {"id": "546343423", "price": 0.4107, "amount": 1833.0, "side": "buy", "timestamp": 1765670015886}, {"id": "546343424", "price": 0.4106, "amount": 35.0, "side": "sell", "timestamp": 1765670016821}, {"id": "546343425", "price": 0.4107, "amount": 73.0, "side": "buy", "timestamp": 1765670017049}, {"id": "546343426", "price": 0.4107, "amount": 1.0, "side": "buy", "timestamp": 1765670018258}, {"id": "546343427", "price": 0.4106, "amount": 2195.0, "side": "sell", "timestamp": 1765670018641}, {"id": "546343428", "price": 0.4107, "amount": 3.0, "side": "buy", "timestamp": 1765670019246}, {"id": "546343429", "price": 0.4106, "amount": 3429.0, "side": "sell", "timestamp": 1765670022264}, {"id": "546343431", "price": 0.4107, "amount": 1.0, "side": "buy", "timestamp": 1765670024903}, {"id": "546343432", "price": 0.4107, "amount": 594.0, "side": "buy", "timestamp": 1765670026340}, {"id": "546343433", "price": 0.4107, "amount": 2.0, "side": "buy", "timestamp": 1765670028075}, {"id": "546343434", "price": 0.4106, "amount": 35.0, "side": "sell", "timestamp": 1765670031143}, {"id": "546343435", "price": 0.4107, "amount": 3.0, "side": "buy", "timestamp": 1765670031922}, {"id": "546343436", "price": 0.4106, "amount": 2052.0, "side": "sell", "timestamp": 1765670032301}, {"id": "546343437", "price": 0.4107, "amount": 18.0, "side": "buy", "timestamp": 1765670032997}, {"id": "546343438", "price": 0.4107, "amount": 6.0, "side": "buy", "timestamp": 1765670033938}, {"id": "546343439", "price": 0.4107, "amount": 185.0, "side": "buy", "timestamp": 1765670034254}, {"id": "546343440", "price": 0.4107, "amount": 5855.0, "side": "buy", "timestamp": 1765670035582}, {"id": "546343441", "price": 0.4107, "amount": 6.0, "side": "buy", "timestamp": 1765670035894}, {"id": "546343442", "price": 0.4107, "amount": 2.0, "side": "buy", "timestamp": 1765670036370}, {"id": "546343443", "price": 0.4106, "amount": 29.0, "side": "sell", "timestamp": 1765670039660}, {"id": "546343444", "price": 0.4107, "amount": 120.0, "side": "buy", "timestamp": 1765670039738}, {"id": "546343445", "price": 0.4107, "amount": 55.0, "side": "buy", "timestamp": 1765670041719}, {"id": "546343446", "price": 0.4106, "amount": 54.0, "side": "sell", "timestamp": 1765670043565}, {"id": "546343447", "price": 0.4107, "amount": 180.0, "side": "buy", "timestamp": 1765670044079}, {"id": "546343448", "price": 0.4107, "amount": 1.0, "side": "buy", "timestamp": 1765670044257}, {"id": "546343449", "price": 0.4106, "amount": 13.0, "side": "sell", "timestamp": 1765670044403}, {"id": "546343450", "price": 0.4106, "amount": 35.0, "side": "sell", "timestamp": 1765670045247}, {"id": "546343451", "price": 0.4107, "amount": 2.0, "side": "buy", "timestamp": 1765670045273}, {"id": "546343452", "price": 0.4106, "amount": 20.0, "side": "sell", "timestamp": 1765670047562}, {"id": "546343453", "price": 0.4107, "amount": 33.0, "side": "buy", "timestamp": 1765670050027}, {"id": "546343454", "price": 0.4107, "amount": 3.0, "side": "buy", "timestamp": 1765670050195}, {"id": "546343455", "price": 0.4107, "amount": 31.0, "side": "buy", "timestamp": 1765670052580}, {"id": "546343456", "price": 0.4106, "amount": 27.0, "side": "sell", "timestamp": 1765670053242}, {"id": "546343457", "price": 0.4107, "amount": 272.0, "side": "buy", "timestamp": 1765670053250}, {"id": "546343458", "price": 0.4107, "amount": 2.0, "side": "buy", "timestamp": 1765670054649}, {"id": "546343459", "price": 0.4107, "amount": 2.0, "side": "buy", "timestamp": 1765670056615}, {"id": "546343460", "price": 0.4107, "amount": 1222.0, "side": "buy", "timestamp": 1765670057558}, {"id": "546343461", "price": 0.4107, "amount": 156.0, "side": "buy", "timestamp": 1765670059063}, {"id": "546343462", "price": 0.4106, "amount": 35.0, "side": "sell", "timestamp": 1765670059763}, {"id": "546343463", "price": 0.4107, "amount": 13902.0, "side": "buy", "timestamp": 1765670060200}, {"id": "546343464", "price": 0.4107, "amount": 122.0, "side": "sell", "timestamp": 1765670060537}, {"id": "546343465", "price": 0.4107, "amount": 73.0, "side": "sell", "timestamp": 1765670064075}, {"id": "546343466", "price": 0.4107, "amount": 6080.0, "side": "sell", "timestamp": 1765670066190}, {"id": "546343467", "price": 0.4107, "amount": 5634.0, "side": "buy", "timestamp": 1765670067397}, {"id": "546343468", "price": 0.4107, "amount": 80.0, "side": "buy", "timestamp": 1765670067556}, {"id": "546343469", "price": 0.4106, "amount": 481.0, "side": "sell", "timestamp": 1765670067642}, {"id": "546343470", "price": 0.4107, "amount": 102.0, "side": "buy", "timestamp": 1765670067864}, {"id": "546343471", "price": 0.4108, "amount": 2.0, "side": "buy", "timestamp": 1765670068064}, {"id": "546343472", "price": 0.4108, "amount": 101.0, "side": "buy", "timestamp": 1765670068936}, {"id": "546343473", "price": 0.4107, "amount": 24.0, "side": "sell", "timestamp": 1765670070522}, {"id": "546343474", "price": 0.4108, "amount": 3.0, "side": "buy", "timestamp": 1765670070821}, {"id": "546343475", "price": 0.4108, "amount": 4.0, "side": "buy", "timestamp": 1765670072901}, {"id": "546343476", "price": 0.4108, "amount": 5.0, "side": "buy", "timestamp": 1765670074467}, {"id": "546343477", "price": 0.4107, "amount": 35.0, "side": "sell", "timestamp": 1765670075107}, {"id": "546343478", "price": 0.4108, "amount": 2.0, "side": "buy", "timestamp": 1765670075448}, {"id": "546343479", "price": 0.4107, "amount": 6419.0, "side": "sell", "timestamp": 1765670075666}, {"id": "546343480", "price": 0.4108, "amount": 4.0, "side": "buy", "timestamp": 1765670075719}, {"id": "546343485", "price": 0.4107, "amount": 12.0, "side": "sell", "timestamp": 1765670079157}, {"id": "546343486", "price": 0.4108, "amount": 3.0, "side": "buy", "timestamp": 1765670079491}, {"id": "546343487", "price": 0.4108, "amount": 2.0, "side": "buy", "timestamp": 1765670080441}, {"id": "546343488", "price": 0.4107, "amount": 2585.0, "side": "sell", "timestamp": 1765670080443}, {"id": "546343489", "price": 0.4107, "amount": 5032.0, "side": "sell", "timestamp": 1765670080792}, {"id": "546343490", "price": 0.4107, "amount": 30.0, "side": "buy", "timestamp": 1765670086005}, {"id": "546343491", "price": 0.4107, "amount": 5.0, "side": "buy", "timestamp": 1765670086644}, {"id": "546343492", "price": 0.4107, "amount": 1828.0, "side": "buy", "timestamp": 1765670087643}, {"id": "546343493", "price": 0.4107, "amount": 1.0, "side": "buy", "timestamp": 1765670090566}, {"id": "546343494", "price": 0.4106, "amount": 35.0, "side": "sell", "timestamp": 1765670090765}, {"id": "546343495", "price": 0.4106, "amount": 18.0, "side": "sell", "timestamp": 1765670092285}, {"id": "546343496", "price": 0.4107, "amount": 2.0, "side": "buy", "timestamp": 1765670092484}, {"id": "546343497", "price": 0.4107, "amount": 29.0, "side": "buy", "timestamp": 1765670093090}, {"id": "546343498", "price": 0.4106, "amount": 1771.0, "side": "sell", "timestamp": 1765670094184}, {"id": "546343499", "price": 0.4106, "amount": 5135.0, "side": "sell", "timestamp": 1765670095041}, {"id": "546343500", "price": 0.4107, "amount": 1268.0, "side": "buy", "timestamp": 1765670096958}, {"id": "546343501", "price": 0.4107, "amount": 2.0, "side": "buy", "timestamp": 1765670100464}, {"id": "546343502", "price": 0.4106, "amount": 19.0, "side": "sell", "timestamp": 1765670101152}, {"id": "546343503", "price": 0.4106, "amount": 100.0, "side": "sell", "timestamp": 1765670101873}, {"id": "546343504", "price": 0.4106, "amount": 19.0, "side": "sell", "timestamp": 1765670102551}, {"id": "546343505", "price": 0.4107, "amount": 13.0, "side": "buy", "timestamp": 1765670102798}, {"id": "546343506", "price": 0.4107, "amount": 360.0, "side": "buy", "timestamp": 1765670102960}, {"id": "546343507", "price": 0.4106, "amount": 22.0, "side": "sell", "timestamp": 1765670103658}, {"id": "546343508", "price": 0.4107, "amount": 1.0, "side": "buy", "timestamp": 1765670103818}, {"id": "546343509", "price": 0.4106, "amount": 14.0, "side": "sell", "timestamp": 1765670104649}, {"id": "546343510", "price": 0.4106, "amount": 13.0, "side": "sell", "timestamp": 1765670104825}, {"id": "546343511", "price": 0.4106, "amount": 48.0, "side": "sell", "timestamp": 1765670104939}, {"id": "546343512", "price": 0.4106, "amount": 24.0, "side": "sell", "timestamp": 1765670105231}, {"id": "546343513", "price": 0.4106, "amount": 14.0, "side": "sell", "timestamp": 1765670105397}, {"id": "546343514", "price": 0.4107, "amount": 5.0, "side": "buy", "timestamp": 1765670105700}, {"id": "546343515", "price": 0.4106, "amount": 13.0, "side": "sell", "timestamp": 1765670105764}, {"id": "546343516", "price": 0.4107, "amount": 6035.0, "side": "buy", "timestamp": 1765670108442}, {"id": "546343517", "price": 0.4108, "amount": 29.0, "side": "buy", "timestamp": 1765670109720}, {"id": "546343518", "price": 0.4108, "amount": 22.0, "side": "buy", "timestamp": 1765670110045}, {"id": "546343519", "price": 0.4108, "amount": 505.0, "side": "buy", "timestamp": 1765670111297}, {"id": "546343520", "price": 0.4107, "amount": 29.0, "side": "sell", "timestamp": 1765670111669}, {"id": "546343521", "price": 0.4108, "amount": 1127.0, "side": "buy", "timestamp": 1765670111744}, {"id": "546343522", "price": 0.4108, "amount": 272.0, "side": "buy", "timestamp": 1765670112112}, {"id": "546343523", "price": 0.4107, "amount": 57.0, "side": "sell", "timestamp": 1765670112655}, {"id": "546343524", "price": 0.4108, "amount": 346.0, "side": "buy", "timestamp": 1765670112940}, {"id": "546343525", "price": 0.4108, "amount": 5135.0, "side": "buy", "timestamp": 1765670114059}, {"id": "546343526", "price": 0.4108, "amount": 411.0, "side": "buy", "timestamp": 1765670114892}, {"id": "546343527", "price": 0.4107, "amount": 241.0, "side": "sell", "timestamp": 1765670118460}, {"id": "546343528", "price": 0.4107, "amount": 35.0, "side": "sell", "timestamp": 1765670119309}, {"id": "546343529", "price": 0.4108, "amount": 1.0, "side": "buy", "timestamp": 1765670119343}, {"id": "546343530", "price": 0.4108, "amount": 1.0, "side": "buy", "timestamp": 1765670121958}, {"id": "546343531", "price": 0.4107, "amount": 20.0, "side": "sell", "timestamp": 1765670123006}, {"id": "546343532", "price": 0.4108, "amount": 13144.0, "side": "buy", "timestamp": 1765670126346}, {"id": "546343533", "price": 0.4107, "amount": 123.0, "side": "sell", "timestamp": 1765670128875}, {"id": "546343534", "price": 0.4107, "amount": 75.0, "side": "sell", "timestamp": 1765670130590}, {"id": "546343527", "price": 0.4107, "amount": 241.0, "side": "sell", "timestamp": 1765670118460}, {"id": "546343528", "price": 0.4107, "amount": 35.0, "side": "sell", "timestamp": 1765670119309}, {"id": "546343529", "price": 0.4108, "amount": 1.0, "side": "buy", "timestamp": 1765670119343}, {"id": "546343530", "price": 0.4108, "amount": 1.0, "side": "buy", "timestamp": 1765670121958}, {"id": "546343531", "price": 0.4107, "amount": 20.0, "side": "sell", "timestamp": 1765670123006}, {"id": "546343532", "price": 0.4108, "amount": 13144.0, "side": "buy", "timestamp": 1765670126346}, {"id": "546343533", "price": 0.4107, "amount": 123.0, "side": "sell", "timestamp": 1765670128875}, {"id": "546343534", "price": 0.4107, "amount": 75.0, "side": "sell", "timestamp": 1765670130590}, {"id": "546343535", "price": 0.4108, "amount": 46.0, "side": "buy", "timestamp": 1765670130613}, {"id": "546343536", "price": 0.4107, "amount": 35.0, "side": "sell", "timestamp": 1765670133992}, {"id": "546343537", "price": 0.4107, "amount": 17.0, "side": "sell", "timestamp": 1765670135229}, {"id": "546343538", "price": 0.4107, "amount": 15.0, "side": "sell", "timestamp": 1765670136385}, {"id": "546343539", "price": 0.4107, "amount": 73.0, "side": "sell", "timestamp": 1765670137443}, {"id": "546343540", "price": 0.4107, "amount": 14.0, "side": "sell", "timestamp": 1765670137697}, {"id": "546343541", "price": 0.4107, "amount": 22.0, "side": "sell", "timestamp": 1765670139519}, {"id": "546343542", "price": 0.4108, "amount": 70.0, "side": "buy", "timestamp": 1765670139522}, {"id": "546343543", "price": 0.4107, "amount": 92.0, "side": "sell", "timestamp": 1765670145334}, {"id": "546343544", "price": 0.4107, "amount": 180.0, "side": "sell", "timestamp": 1765670146595}, {"id": "546343545", "price": 0.4107, "amount": 3.0, "side": "sell", "timestamp": 1765670146828}, {"id": "546343546", "price": 0.4107, "amount": 6309.0, "side": "sell", "timestamp": 1765670147662}, {"id": "546343547", "price": 0.4107, "amount": 799.0, "side": "sell", "timestamp": 1765670148765}, {"id": "546343548", "price": 0.4107, "amount": 30.0, "side": "sell", "timestamp": 1765670148923}, {"id": "546343549", "price": 0.4108, "amount": 35.0, "side": "buy", "timestamp": 1765670150919}, {"id": "546343550", "price": 0.4107, "amount": 12862.0, "side": "sell", "timestamp": 1765670151726}, {"id": "546343551", "price": 0.4106, "amount": 152.0, "side": "sell", "timestamp": 1765670153419}, {"id": "546343552", "price": 0.4107, "amount": 9109.0, "side": "buy", "timestamp": 1765670158381}, {"id": "546343553", "price": 0.4107, "amount": 95.0, "side": "sell", "timestamp": 1765670158609}, {"id": "546343554", "price": 0.4107, "amount": 95.0, "side": "sell", "timestamp": 1765670158721}, {"id": "546343555", "price": 0.4107, "amount": 148.0, "side": "sell", "timestamp": 1765670160104}, {"id": "546343556", "price": 0.4107, "amount": 25.0, "side": "sell", "timestamp": 1765670162730}, {"id": "546343557", "price": 0.4107, "amount": 75.0, "side": "sell", "timestamp": 1765670163643}, {"id": "546343558", "price": 0.4107, "amount": 56.0, "side": "sell", "timestamp": 1765670163751}, {"id": "546343559", "price": 0.4107, "amount": 13.0, "side": "sell", "timestamp": 1765670164690}, {"id": "546343560", "price": 0.4108, "amount": 44.0, "side": "buy", "timestamp": 1765670165408}, {"id": "546343561", "price": 0.4107, "amount": 12162.0, "side": "sell", "timestamp": 1765670165664}, {"id": "546343562", "price": 0.4107, "amount": 40.0, "side": "sell", "timestamp": 1765670166688}, {"id": "546343563", "price": 0.4107, "amount": 20.0, "side": "sell", "timestamp": 1765670167462}, {"id": "546343564", "price": 0.4108, "amount": 547.0, "side": "buy", "timestamp": 1765670167902}, {"id": "546343565", "price": 0.4108, "amount": 18.0, "side": "buy", "timestamp": 1765670169783}, {"id": "546343566", "price": 0.4108, "amount": 506.0, "side": "buy", "timestamp": 1765670172398}, {"id": "546343567", "price": 0.4107, "amount": 256.0, "side": "sell", "timestamp": 1765670172637}, {"id": "546343568", "price": 0.4108, "amount": 1128.0, "side": "buy", "timestamp": 1765670172827}, {"id": "546343569", "price": 0.4108, "amount": 273.0, "side": "buy", "timestamp": 1765670173186}, {"id": "546343570", "price": 0.4107, "amount": 15.0, "side": "sell", "timestamp": 1765670173454}, {"id": "546343571", "price": 0.4107, "amount": 121.0, "side": "sell", "timestamp": 1765670173827}, {"id": "546343572", "price": 0.4108, "amount": 15000.0, "side": "buy", "timestamp": 1765670175920}, {"id": "546343573", "price": 0.4107, "amount": 24810.0, "side": "sell", "timestamp": 1765670176077}, {"id": "546343574", "price": 0.4107, "amount": 13.0, "side": "sell", "timestamp": 1765670177637}, {"id": "546343575", "price": 0.4107, "amount": 6872.0, "side": "sell", "timestamp": 1765670180612}, {"id": "546343576", "price": 0.4106, "amount": 30.0, "side": "sell", "timestamp": 1765670183663}, {"id": "546343567", "price": 0.4107, "amount": 256.0, "side": "sell", "timestamp": 1765670172637}, {"id": "546343568", "price": 0.4108, "amount": 1128.0, "side": "buy", "timestamp": 1765670172827}, {"id": "546343569", "price": 0.4108, "amount": 273.0, "side": "buy", "timestamp": 1765670173186}, {"id": "546343570", "price": 0.4107, "amount": 15.0, "side": "sell", "timestamp": 1765670173454}, {"id": "546343571", "price": 0.4107, "amount": 121.0, "side": "sell", "timestamp": 1765670173827}, {"id": "546343572", "price": 0.4108, "amount": 15000.0, "side": "buy", "timestamp": 1765670175920}, {"id": "546343573", "price": 0.4107, "amount": 24810.0, "side": "sell", "timestamp": 1765670176077}, {"id": "546343574", "price": 0.4107, "amount": 13.0, "side": "sell", "timestamp": 1765670177637}, {"id": "546343575", "price": 0.4107, "amount": 6872.0, "side": "sell", "timestamp": 1765670180612}, {"id": "546343576", "price": 0.4106, "amount": 30.0, "side": "sell", "timestamp": 1765670183663}, {"id": "546343577", "price": 0.4107, "amount": 1093.0, "side": "buy", "timestamp": 1765670188496}, {"id": "546343578", "price": 0.4107, "amount": 15.0, "side": "buy", "timestamp": 1765670191018}, {"id": "546343579", "price": 0.4106, "amount": 26.0, "side": "sell", "timestamp": 1765670192515}, {"id": "546343580", "price": 0.4107, "amount": 67.0, "side": "buy", "timestamp": 1765670192679}, {"id": "546343581", "price": 0.4107, "amount": 242.0, "side": "buy", "timestamp": 1765670194805}, {"id": "546343582", "price": 0.4107, "amount": 18.0, "side": "buy", "timestamp": 1765670195440}, {"id": "546343583", "price": 0.4107, "amount": 49.0, "side": "buy", "timestamp": 1765670195666}, {"id": "546343584", "price": 0.4106, "amount": 283.0, "side": "sell", "timestamp": 1765670197291}, {"id": "546343585", "price": 0.4107, "amount": 73.0, "side": "buy", "timestamp": 1765670197750}, {"id": "546343586", "price": 0.4107, "amount": 481.0, "side": "buy", "timestamp": 1765670199292}, {"id": "546343587", "price": 0.4106, "amount": 13885.0, "side": "sell", "timestamp": 1765670200030}, {"id": "546343588", "price": 0.4105, "amount": 6019.0, "side": "sell", "timestamp": 1765670200030}, {"id": "546343589", "price": 0.4105, "amount": 36.0, "side": "sell", "timestamp": 1765670201242}, {"id": "546343590", "price": 0.4106, "amount": 96.0, "side": "buy", "timestamp": 1765670202239}, {"id": "546343591", "price": 0.4105, "amount": 104.0, "side": "sell", "timestamp": 1765670202459}, {"id": "546343592", "price": 0.4105, "amount": 17.0, "side": "sell", "timestamp": 1765670203548}, {"id": "546343593", "price": 0.4105, "amount": 500.0, "side": "sell", "timestamp": 1765670206014}, {"id": "546343594", "price": 0.4106, "amount": 200.0, "side": "buy", "timestamp": 1765670211368}, {"id": "546343595", "price": 0.4106, "amount": 1200.0, "side": "buy", "timestamp": 1765670212057}, {"id": "546343596", "price": 0.4105, "amount": 13.0, "side": "sell", "timestamp": 1765670213900}, {"id": "546343597", "price": 0.4105, "amount": 15.0, "side": "sell", "timestamp": 1765670214433}, {"id": "546343598", "price": 0.4106, "amount": 4847.0, "side": "buy", "timestamp": 1765670214676}, {"id": "546343599", "price": 0.4106, "amount": 14.0, "side": "sell", "timestamp": 1765670214835}, {"id": "546343600", "price": 0.4107, "amount": 85.0, "side": "buy", "timestamp": 1765670215037}, {"id": "546343601", "price": 0.4106, "amount": 16.0, "side": "sell", "timestamp": 1765670216191}, {"id": "546343602", "price": 0.4106, "amount": 24.0, "side": "sell", "timestamp": 1765670217881}, {"id": "546343603", "price": 0.4106, "amount": 29.0, "side": "sell", "timestamp": 1765670219651}, {"id": "546343604", "price": 0.4107, "amount": 115.0, "side": "buy", "timestamp": 1765670219782}, {"id": "546343605", "price": 0.4106, "amount": 26.0, "side": "sell", "timestamp": 1765670221590}, {"id": "546343606", "price": 0.4106, "amount": 28.0, "side": "sell", "timestamp": 1765670223451}, {"id": "546343607", "price": 0.4106, "amount": 14.0, "side": "sell", "timestamp": 1765670224361}, {"id": "546343608", "price": 0.4106, "amount": 43.0, "side": "sell", "timestamp": 1765670225157}, {"id": "546343609", "price": 0.4107, "amount": 5.0, "side": "buy", "timestamp": 1765670226669}, {"id": "546343610", "price": 0.4107, "amount": 89.0, "side": "buy", "timestamp": 1765670227108}, {"id": "546343611", "price": 0.4107, "amount": 174.0, "side": "buy", "timestamp": 1765670229763}, {"id": "546343612", "price": 0.4107, "amount": 116.0, "side": "buy", "timestamp": 1765670229877}, {"id": "546343613", "price": 0.4107, "amount": 18.0, "side": "buy", "timestamp": 1765670230088}, {"id": "546343614", "price": 0.4106, "amount": 62.0, "side": "sell", "timestamp": 1765670230090}, {"id": "546343615", "price": 0.4107, "amount": 22.0, "side": "buy", "timestamp": 1765670232256}, {"id": "546343616", "price": 0.4107, "amount": 61.0, "side": "buy", "timestamp": 1765670234922}, {"id": "546343603", "price": 0.4106, "amount": 29.0, "side": "sell", "timestamp": 1765670219651}, {"id": "546343604", "price": 0.4107, "amount": 115.0, "side": "buy", "timestamp": 1765670219782}, {"id": "546343605", "price": 0.4106, "amount": 26.0, "side": "sell", "timestamp": 1765670221590}, {"id": "546343606", "price": 0.4106, "amount": 28.0, "side": "sell", "timestamp": 1765670223451}, {"id": "546343607", "price": 0.4106, "amount": 14.0, "side": "sell", "timestamp": 1765670224361}, {"id": "546343608", "price": 0.4106, "amount": 43.0, "side": "sell", "timestamp": 1765670225157}, {"id": "546343609", "price": 0.4107, "amount": 5.0, "side": "buy", "timestamp": 1765670226669}, {"id": "546343610", "price": 0.4107, "amount": 89.0, "side": "buy", "timestamp": 1765670227108}, {"id": "546343611", "price": 0.4107, "amount": 174.0, "side": "buy", "timestamp": 1765670229763}, {"id": "546343612", "price": 0.4107, "amount": 116.0, "side": "buy", "timestamp": 1765670229877}, {"id": "546343613", "price": 0.4107, "amount": 18.0, "side": "buy", "timestamp": 1765670230088}, {"id": "546343614", "price": 0.4106, "amount": 62.0, "side": "sell", "timestamp": 1765670230090}, {"id": "546343615", "price": 0.4107, "amount": 22.0, "side": "buy", "timestamp": 1765670232256}, {"id": "546343616", "price": 0.4107, "amount": 61.0, "side": "buy", "timestamp": 1765670234922}, {"id": "546343617", "price": 0.4107, "amount": 16701.0, "side": "buy", "timestamp": 1765670237870}, {"id": "546343618", "price": 0.4107, "amount": 86.0, "side": "buy", "timestamp": 1765670238814}, {"id": "546343619", "price": 0.4107, "amount": 30.0, "side": "buy", "timestamp": 1765670239854}, {"id": "546343620", "price": 0.4107, "amount": 32.0, "side": "buy", "timestamp": 1765670240098}, {"id": "546343621", "price": 0.4107, "amount": 61.0, "side": "buy", "timestamp": 1765670245011}, {"id": "546343622", "price": 0.4107, "amount": 1716.0, "side": "buy", "timestamp": 1765670246016}, {"id": "546343623", "price": 0.4107, "amount": 30.0, "side": "buy", "timestamp": 1765670248491}, {"id": "546343624", "price": 0.4107, "amount": 287.0, "side": "buy", "timestamp": 1765670248850}, {"id": "546343625", "price": 0.4106, "amount": 331.0, "side": "sell", "timestamp": 1765670248870}, {"id": "546343626", "price": 0.4107, "amount": 1118.0, "side": "buy", "timestamp": 1765670248872}, {"id": "546343627", "price": 0.4108, "amount": 62.0, "side": "buy", "timestamp": 1765670249988}, {"id": "546343628", "price": 0.4107, "amount": 80.0, "side": "sell", "timestamp": 1765670254919}, {"id": "546343629", "price": 0.4108, "amount": 67.0, "side": "buy", "timestamp": 1765670255007}, {"id": "546343630", "price": 0.4107, "amount": 9309.0, "side": "sell", "timestamp": 1765670255673}, {"id": "546343631", "price": 0.4108, "amount": 123.0, "side": "buy", "timestamp": 1765670256314}, {"id": "546343632", "price": 0.4107, "amount": 18.0, "side": "sell", "timestamp": 1765670256372}, {"id": "546343633", "price": 0.4108, "amount": 57.0, "side": "buy", "timestamp": 1765670259894}, {"id": "546343634", "price": 0.4107, "amount": 69.0, "side": "sell", "timestamp": 1765670262923}, {"id": "546343635", "price": 0.4107, "amount": 41.0, "side": "sell", "timestamp": 1765670264368}, {"id": "546343636", "price": 0.4108, "amount": 28.0, "side": "buy", "timestamp": 1765670264800}, {"id": "546343637", "price": 0.4108, "amount": 30.0, "side": "buy", "timestamp": 1765670264917}, {"id": "546343638", "price": 0.4108, "amount": 1129.0, "side": "buy", "timestamp": 1765670266398}, {"id": "546343639", "price": 0.4108, "amount": 273.0, "side": "buy", "timestamp": 1765670266773}, {"id": "546343640", "price": 0.4108, "amount": 54.0, "side": "buy", "timestamp": 1765670267626}, {"id": "546343641", "price": 0.4107, "amount": 13.0, "side": "sell", "timestamp": 1765670269630}, {"id": "546343642", "price": 0.4108, "amount": 59.0, "side": "buy", "timestamp": 1765670269902}, {"id": "546343643", "price": 0.4107, "amount": 51.0, "side": "sell", "timestamp": 1765670271055}, {"id": "546343644", "price": 0.4107, "amount": 81.0, "side": "sell", "timestamp": 1765670274288}, {"id": "546343645", "price": 0.4107, "amount": 13104.0, "side": "sell", "timestamp": 1765670276442}, {"id": "546343646", "price": 0.4107, "amount": 3146.0, "side": "buy", "timestamp": 1765670276598}, {"id": "546343647", "price": 0.4107, "amount": 1100.0, "side": "buy", "timestamp": 1765670279022}, {"id": "546343648", "price": 0.4107, "amount": 28.0, "side": "buy", "timestamp": 1765670282156}, {"id": "546343649", "price": 0.4106, "amount": 28.0, "side": "sell", "timestamp": 1765670283466}, {"id": "546343650", "price": 0.4106, "amount": 14.0, "side": "sell", "timestamp": 1765670284836}, {"id": "546343651", "price": 0.4106, "amount": 19.0, "side": "sell", "timestamp": 1765670287893}, {"id": "546343652", "price": 0.4106, "amount": 14.0, "side": "sell", "timestamp": 1765670290861}, {"id": "546343645", "price": 0.4107, "amount": 13104.0, "side": "sell", "timestamp": 1765670276442}, {"id": "546343646", "price": 0.4107, "amount": 3146.0, "side": "buy", "timestamp": 1765670276598}, {"id": "546343647", "price": 0.4107, "amount": 1100.0, "side": "buy", "timestamp": 1765670279022}, {"id": "546343648", "price": 0.4107, "amount": 28.0, "side": "buy", "timestamp": 1765670282156}, {"id": "546343649", "price": 0.4106, "amount": 28.0, "side": "sell", "timestamp": 1765670283466}, {"id": "546343650", "price": 0.4106, "amount": 14.0, "side": "sell", "timestamp": 1765670284836}, {"id": "546343651", "price": 0.4106, "amount": 19.0, "side": "sell", "timestamp": 1765670287893}, {"id": "546343652", "price": 0.4106, "amount": 14.0, "side": "sell", "timestamp": 1765670290861}, {"id": "546343653", "price": 0.4106, "amount": 4326.0, "side": "sell", "timestamp": 1765670291658}, {"id": "546343654", "price": 0.4106, "amount": 48.0, "side": "sell", "timestamp": 1765670293122}, {"id": "546343655", "price": 0.4106, "amount": 57.0, "side": "sell", "timestamp": 1765670296242}, {"id": "546343656", "price": 0.4106, "amount": 168.0, "side": "sell", "timestamp": 1765670298942}, {"id": "546343657", "price": 0.4106, "amount": 13.0, "side": "sell", "timestamp": 1765670299743}, {"id": "546343658", "price": 0.4106, "amount": 182.0, "side": "sell", "timestamp": 1765670301303}, {"id": "546343659", "price": 0.4107, "amount": 974.0, "side": "buy", "timestamp": 1765670302198}, {"id": "546343660", "price": 0.4106, "amount": 329.0, "side": "sell", "timestamp": 1765670304903}, {"id": "546343661", "price": 0.4107, "amount": 96.0, "side": "buy", "timestamp": 1765670305347}, {"id": "546343662", "price": 0.4106, "amount": 16.0, "side": "sell", "timestamp": 1765670305752}, {"id": "546343663", "price": 0.4106, "amount": 161.0, "side": "sell", "timestamp": 1765670307472}, {"id": "546343664", "price": 0.4106, "amount": 22.0, "side": "sell", "timestamp": 1765670308982}, {"id": "546343665", "price": 0.4107, "amount": 4682.0, "side": "buy", "timestamp": 1765670309775}, {"id": "546343666", "price": 0.4106, "amount": 366.0, "side": "sell", "timestamp": 1765670309928}, {"id": "546343667", "price": 0.4107, "amount": 71.0, "side": "buy", "timestamp": 1765670310196}, {"id": "546343668", "price": 0.4107, "amount": 10377.0, "side": "buy", "timestamp": 1765670310463}, {"id": "546343669", "price": 0.4107, "amount": 242.0, "side": "sell", "timestamp": 1765670310693}, {"id": "546343670", "price": 0.4108, "amount": 52.0, "side": "buy", "timestamp": 1765670311471}, {"id": "546343671", "price": 0.4108, "amount": 506.0, "side": "buy", "timestamp": 1765670312196}, {"id": "546343672", "price": 0.4107, "amount": 13.0, "side": "sell", "timestamp": 1765670312226}, {"id": "546343673", "price": 0.4108, "amount": 1129.0, "side": "buy", "timestamp": 1765670312650}, {"id": "546343674", "price": 0.4108, "amount": 273.0, "side": "buy", "timestamp": 1765670313030}, {"id": "546343675", "price": 0.4107, "amount": 17.0, "side": "sell", "timestamp": 1765670316339}, {"id": "546343676", "price": 0.4107, "amount": 13.0, "side": "sell", "timestamp": 1765670316601}, {"id": "546343677", "price": 0.4108, "amount": 73.0, "side": "buy", "timestamp": 1765670318336}, {"id": "546343678", "price": 0.4108, "amount": 556.0, "side": "buy", "timestamp": 1765670318695}, {"id": "546343679", "price": 0.4107, "amount": 2.0, "side": "sell", "timestamp": 1765670320113}, {"id": "546343680", "price": 0.4108, "amount": 54.0, "side": "buy", "timestamp": 1765670321281}, {"id": "546343681", "price": 0.4107, "amount": 6247.0, "side": "sell", "timestamp": 1765670327654}, {"id": "546343682", "price": 0.4107, "amount": 21019.0, "side": "sell", "timestamp": 1765670328754}, {"id": "546343683", "price": 0.4106, "amount": 23.0, "side": "sell", "timestamp": 1765670330086}, {"id": "546343684", "price": 0.4106, "amount": 85.0, "side": "sell", "timestamp": 1765670330398}, {"id": "546343685", "price": 0.4107, "amount": 35.0, "side": "buy", "timestamp": 1765670333891}, {"id": "546343686", "price": 0.4106, "amount": 14.0, "side": "sell", "timestamp": 1765670334877}, {"id": "546343687", "price": 0.4106, "amount": 20312.0, "side": "sell", "timestamp": 1765670336533}, {"id": "546343688", "price": 0.4106, "amount": 131.0, "side": "buy", "timestamp": 1765670336582}, {"id": "546343689", "price": 0.4105, "amount": 187.0, "side": "sell", "timestamp": 1765670341780}, {"id": "546343690", "price": 0.4105, "amount": 36.0, "side": "sell", "timestamp": 1765670342045}, {"id": "546343691", "price": 0.4105, "amount": 600.0, "side": "sell", "timestamp": 1765670343397}, {"id": "546343692", "price": 0.4105, "amount": 13.0, "side": "sell", "timestamp": 1765670343608}, {"id": "546343693", "price": 0.4105, "amount": 14.0, "side": "sell", "timestamp": 1765670344410}, {"id": "546343694", "price": 0.4105, "amount": 1738.0, "side": "sell", "timestamp": 1765670345014}, {"id": "546343684", "price": 0.4106, "amount": 85.0, "side": "sell", "timestamp": 1765670330398}, {"id": "546343685", "price": 0.4107, "amount": 35.0, "side": "buy", "timestamp": 1765670333891}, {"id": "546343686", "price": 0.4106, "amount": 14.0, "side": "sell", "timestamp": 1765670334877}, {"id": "546343687", "price": 0.4106, "amount": 20312.0, "side": "sell", "timestamp": 1765670336533}, {"id": "546343688", "price": 0.4106, "amount": 131.0, "side": "buy", "timestamp": 1765670336582}, {"id": "546343689", "price": 0.4105, "amount": 187.0, "side": "sell", "timestamp": 1765670341780}, {"id": "546343690", "price": 0.4105, "amount": 36.0, "side": "sell", "timestamp": 1765670342045}, {"id": "546343691", "price": 0.4105, "amount": 600.0, "side": "sell", "timestamp": 1765670343397}, {"id": "546343692", "price": 0.4105, "amount": 13.0, "side": "sell", "timestamp": 1765670343608}, {"id": "546343693", "price": 0.4105, "amount": 14.0, "side": "sell", "timestamp": 1765670344410}, {"id": "546343694", "price": 0.4105, "amount": 1738.0, "side": "sell", "timestamp": 1765670345014}, {"id": "546343695", "price": 0.4104, "amount": 18.0, "side": "sell", "timestamp": 1765670345251}, {"id": "546343696", "price": 0.4104, "amount": 242.0, "side": "sell", "timestamp": 1765670345369}, {"id": "546343697", "price": 0.4104, "amount": 5000.0, "side": "sell", "timestamp": 1765670346634}, {"id": "546343698", "price": 0.4104, "amount": 646.0, "side": "sell", "timestamp": 1765670347617}, {"id": "546343699", "price": 0.4105, "amount": 145.0, "side": "buy", "timestamp": 1765670347854}, {"id": "546343700", "price": 0.4104, "amount": 10753.0, "side": "sell", "timestamp": 1765670347894}, {"id": "546343701", "price": 0.4103, "amount": 15.0, "side": "sell", "timestamp": 1765670351817}, {"id": "546343702", "price": 0.4104, "amount": 96.0, "side": "buy", "timestamp": 1765670352415}, {"id": "546343703", "price": 0.4103, "amount": 15.0, "side": "sell", "timestamp": 1765670353146}, {"id": "546343704", "price": 0.4104, "amount": 2656.0, "side": "buy", "timestamp": 1765670354030}, {"id": "546343705", "price": 0.4103, "amount": 13.0, "side": "sell", "timestamp": 1765670354120}, {"id": "546343706", "price": 0.4103, "amount": 14.0, "side": "sell", "timestamp": 1765670354580}, {"id": "546343707", "price": 0.4103, "amount": 47.0, "side": "sell", "timestamp": 1765670355317}, {"id": "546343708", "price": 0.4104, "amount": 4473.0, "side": "buy", "timestamp": 1765670357404}, {"id": "546343709", "price": 0.4104, "amount": 50.0, "side": "sell", "timestamp": 1765670357728}, {"id": "546343710", "price": 0.4105, "amount": 182.0, "side": "buy", "timestamp": 1765670358350}, {"id": "546343711", "price": 0.4104, "amount": 814.0, "side": "sell", "timestamp": 1765670358465}, {"id": "546343712", "price": 0.4105, "amount": 344.0, "side": "buy", "timestamp": 1765670359852}, {"id": "546343713", "price": 0.4104, "amount": 13.0, "side": "sell", "timestamp": 1765670361717}, {"id": "546343714", "price": 0.4104, "amount": 29.0, "side": "sell", "timestamp": 1765670363657}, {"id": "546343715", "price": 0.4104, "amount": 875.0, "side": "sell", "timestamp": 1765670364422}, {"id": "546343716", "price": 0.4104, "amount": 1384.0, "side": "sell", "timestamp": 1765670364726}, {"id": "546343717", "price": 0.4103, "amount": 15.0, "side": "sell", "timestamp": 1765670367029}, {"id": "546343718", "price": 0.4104, "amount": 29.0, "side": "buy", "timestamp": 1765670368503}, {"id": "546343719", "price": 0.4103, "amount": 21.0, "side": "sell", "timestamp": 1765670369386}, {"id": "546343720", "price": 0.4103, "amount": 76.0, "side": "sell", "timestamp": 1765670369492}, {"id": "546343721", "price": 0.4103, "amount": 91.0, "side": "sell", "timestamp": 1765670371273}, {"id": "546343722", "price": 0.4104, "amount": 273.0, "side": "buy", "timestamp": 1765670373817}, {"id": "546343723", "price": 0.4103, "amount": 366.0, "side": "sell", "timestamp": 1765670373896}, {"id": "546343724", "price": 0.4103, "amount": 73.0, "side": "sell", "timestamp": 1765670378591}, {"id": "546343725", "price": 0.4103, "amount": 15.0, "side": "sell", "timestamp": 1765670380350}, {"id": "546343726", "price": 0.4103, "amount": 2890.0, "side": "sell", "timestamp": 1765670382750}, {"id": "546343727", "price": 0.4104, "amount": 848.0, "side": "buy", "timestamp": 1765670382791}, {"id": "546343728", "price": 0.4104, "amount": 18.0, "side": "buy", "timestamp": 1765670383243}, {"id": "546343729", "price": 0.4103, "amount": 19.0, "side": "sell", "timestamp": 1765670389736}, {"id": "546343730", "price": 0.4103, "amount": 20.0, "side": "sell", "timestamp": 1765670390271}, {"id": "546343731", "price": 0.4103, "amount": 2927.0, "side": "sell", "timestamp": 1765670392517}, {"id": "546343732", "price": 0.4103, "amount": 54.0, "side": "sell", "timestamp": 1765670392841}, {"id": "546343733", "price": 0.4104, "amount": 151.0, "side": "buy", "timestamp": 1765670393975}]