[{"symbol": "XRPUSDT", "bids": [[1.9216, 2239.0], [1.9215, 4591.2], [1.9214, 10823.6], [1.9213, 19831.4], [1.9212, 28939.8], [1.9211, 41021.6], [1.921, 47381.0], [1.9209, 48427.2], [1.9208, 41646.0], [1.9207, 45259.5], [1.9206, 41357.0], [1.9205, 55439.1], [1.9204, 24974.5], [1.9203, 28691.2], [1.9202, 31195.9], [1.9201, 53378.6], [1.92, 46070.6], [1.9199, 63152.2], [1.9198, 103468.5], [1.9197, 50682.2]], "asks": [[1.9217, 17260.8], [1.9218, 24449.6], [1.9219, 29023.3], [1.922, 19586.0], [1.9221, 16995.9], [1.9222, 29860.1], [1.9223, 55656.7], [1.9224, 37088.1], [1.9225, 54517.2], [1.9226, 116783.3], [1.9227, 38961.4], [1.9228, 29051.9], [1.9229, 22372.2], [1.923, 31427.9], [1.9231, 44050.2], [1.9232, 22860.2], [1.9233, 14962.1], [1.9234, 22709.8], [1.9235, 42052.5], [1.9236, 28296.1]], "timestamp": "2025-12-17T06:05:55.609359+00:00"}, {"symbol": "XRPUSDT", "bids": [[1.9207, 38031.2], [1.9206, 31071.9], [1.9205, 23239.1], [1.9204, 16815.3], [1.9203, 22972.0], [1.9202, 32402.0], [1.9201, 73481.9], [1.92, 56272.8], [1.9199, 50763.7], [1.9198, 38226.0], [1.9197, 56193.0], [1.9196, 33938.7], [1.9195, 51678.0], [1.9194, 29722.5], [1.9193, 23284.4], [1.9192, 23373.2], [1.9191, 47252.0], [1.919, 46210.2], [1.9189, 118137.8], [1.9188, 19555.4]], "asks": [[1.9208, 5436.5], [1.9209, 11154.8], [1.921, 25425.2], [1.9211, 36570.1], [1.9212, 38836.8], [1.9213, 32503.3], [1.9214, 46525.4], [1.9215, 37204.3], [1.9216, 31726.7], [1.9217, 17132.0], [1.9218, 112624.3], [1.9219, 79703.5], [1.922, 178452.2], [1.9221, 18852.1], [1.9222, 26767.8], [1.9223, 29887.1], [1.9224, 17713.4], [1.9225, 30023.9], [1.9226, 47947.0], [1.9227, 37840.2]], "timestamp": "2025-12-17T06:06:49.168920+00:00"}, {"symbol": "XRPUSDT", "bids": [[1.9209, 18119.0], [1.9208, 15085.1], [1.9207, 30087.7], [1.9206, 44001.1], [1.9205, 33659.1], [1.9204, 35355.9], [1.9203, 41866.9], [1.9202, 53384.5], [1.9201, 65888.1], [1.92, 54436.9], [1.9199, 23344.7], [1.9198, 35140.8], [1.9197, 53387.8], [1.9196, 25812.5], [1.9195, 47507.2], [1.9194, 21081.1], [1.9193, 20078.4], [1.9192, 34069.0], [1.9191, 127035.9], [1.919, 65298.7]], "asks": [[1.921, 7409.3], [1.9211, 10405.0], [1.9212, 12979.7], [1.9213, 16042.4], [1.9214, 31934.5], [1.9215, 52122.2], [1.9216, 38783.9], [1.9217, 19131.3], [1.9218, 44930.7], [1.9219, 163654.2], [1.922, 169428.1], [1.9221, 17260.9], [1.9222, 21370.1], [1.9223, 34494.7], [1.9224, 19916.2], [1.9225, 35178.6], [1.9226, 36671.7], [1.9227, 39504.1], [1.9228, 26879.4], [1.9229, 30881.5]], "timestamp": "2025-12-17T06:07:41.130999+00:00"}, {"symbol": "XRPUSDT", "bids": [[1.9214, 6407.3], [1.9213, 14658.1], [1.9212, 31508.1], [1.9211, 28850.6], [1.921, 42850.2], [1.9209, 27564.9], [1.9208, 71838.9], [1.9207, 62639.8], [1.9206, 71021.9], [1.9205, 45422.2], [1.9204, 27735.7], [1.9203, 23833.0], [1.9202, 39111.1], [1.9201, 63912.0], [1.92, 49225.3], [1.9199, 19346.2], [1.9198, 28229.0], [1.9197, 43482.1], [1.9196, 98515.5], [1.9195, 46641.2]], "asks": [[1.9215, 15743.4], [1.9216, 12085.2], [1.9217, 10643.9], [1.9218, 18122.1], [1.9219, 55869.9], [1.922, 167754.4], [1.9221, 40052.2], [1.9222, 51315.8], [1.9223, 38790.2], [1.9224, 28947.1], [1.9225, 117572.6], [1.9226, 31640.4], [1.9227, 41185.2], [1.9228, 15313.7], [1.9229, 20628.0], [1.923, 44198.4], [1.9231, 55935.6], [1.9232, 18649.4], [1.9233, 17678.4], [1.9234, 23848.0]], "timestamp": "2025-12-17T06:08:33.223161+00:00"}, {"symbol": "XRPUSDT", "bids": [[1.9222, 1477.7], [1.9221, 8872.9], [1.922, 21905.1], [1.9219, 34740.7], [1.9218, 62090.6], [1.9217, 36852.3], [1.9216, 61671.6], [1.9215, 46923.7], [1.9214, 54786.7], [1.9213, 47014.2], [1.9212, 31123.4], [1.9211, 32532.9], [1.921, 60636.4], [1.9209, 25493.8], [1.9208, 25598.8], [1.9207, 25367.8], [1.9206, 22647.4], [1.9205, 54750.6], [1.9204, 111128.5], [1.9203, 25501.9]], "asks": [[1.9223, 19473.7], [1.9224, 11549.8], [1.9225, 18851.5], [1.9226, 15645.4], [1.9227, 32817.8], [1.9228, 13006.2], [1.9229, 28693.0], [1.923, 35481.3], [1.9231, 79827.8], [1.9232, 21566.6], [1.9233, 85565.1], [1.9234, 25698.4], [1.9235, 45050.7], [1.9236, 20709.5], [1.9237, 32871.3], [1.9238, 28705.4], [1.9239, 33496.3], [1.924, 30416.9], [1.9241, 14776.7], [1.9242, 32993.0]], "timestamp": "2025-12-17T06:09:24.949974+00:00"}, {"symbol": "XRPUSDT", "bids": [[1.925, 12871.1], [1.9249, 18791.0], [1.9248, 23818.7], [1.9247, 36006.0], [1.9246, 47262.4], [1.9245, 47469.1], [1.9244, 124026.0], [1.9243, 62020.1], [1.9242, 38331.3], [1.9241, 30184.7], [1.924, 52653.2], [1.9239, 62727.4], [1.9238, 31240.0], [1.9237, 31740.3], [1.9236, 24313.8], [1.9235, 34196.5], [1.9234, 24648.8], [1.9233, 42626.0], [1.9232, 108471.7], [1.9231, 52247.3]], "asks": [[1.9251, 6993.1], [1.9252, 5159.0], [1.9253, 3216.0], [1.9254, 7955.1], [1.9255, 17177.3], [1.9256, 14605.1], [1.9257, 36255.3], [1.9258, 28087.2], [1.9259, 64989.9], [1.926, 44870.6], [1.9261, 115015.9], [1.9262, 25220.2], [1.9263, 31286.6], [1.9264, 22184.0], [1.9265, 37078.6], [1.9266, 26852.5], [1.9267, 33743.8], [1.9268, 30102.9], [1.9269, 40553.2], [1.927, 34106.1]], "timestamp": "2025-12-17T06:10:16.496779+00:00"}, {"symbol": "XRPUSDT", "bids": [[1.9243, 22870.3], [1.9242, 16368.6], [1.9241, 32769.6], [1.924, 24931.0], [1.9239, 27879.8], [1.9238, 37644.9], [1.9237, 85740.5], [1.9236, 52034.8], [1.9235, 64713.1], [1.9234, 42493.5], [1.9233, 41708.8], [1.9232, 41343.5], [1.9231, 57674.8], [1.923, 55471.3], [1.9229, 25401.7], [1.9228, 33961.3], [1.9227, 40176.7], [1.9226, 42981.3], [1.9225, 130928.7], [1.9224, 17629.3]], "asks": [[1.9244, 11992.6], [1.9245, 1651.2], [1.9246, 7947.7], [1.9247, 20014.4], [1.9248, 30119.0], [1.9249, 28470.9], [1.925, 29639.9], [1.9251, 22799.6], [1.9252, 49646.6], [1.9253, 83385.1], [1.9254, 87784.2], [1.9255, 34013.7], [1.9256, 41876.8], [1.9257, 50692.2], [1.9258, 21942.2], [1.9259, 18866.8], [1.926, 28962.1], [1.9261, 49212.8], [1.9262, 20784.7], [1.9263, 36775.6]], "timestamp": "2025-12-17T06:11:08.632670+00:00"}, {"symbol": "XRPUSDT", "bids": [[1.9258, 7449.4], [1.9257, 4519.6], [1.9256, 26286.7], [1.9255, 27070.4], [1.9254, 38047.3], [1.9253, 25576.0], [1.9252, 49028.7], [1.9251, 65329.5], [1.925, 57024.3], [1.9249, 55651.6], [1.9248, 30384.3], [1.9247, 44552.2], [1.9246, 40458.0], [1.9245, 24737.7], [1.9244, 34880.5], [1.9243, 56200.6], [1.9242, 56957.9], [1.9241, 35186.5], [1.924, 130047.4], [1.9239, 47191.0]], "asks": [[1.9259, 5908.9], [1.926, 14803.4], [1.9261, 15469.2], [1.9262, 15047.2], [1.9263, 27244.5], [1.9264, 32060.2], [1.9265, 38330.5], [1.9266, 59586.9], [1.9267, 45308.7], [1.9268, 45856.1], [1.9269, 113044.9], [1.927, 30225.8], [1.9271, 36778.2], [1.9272, 23075.0], [1.9273, 33203.4], [1.9274, 17496.4], [1.9275, 37021.0], [1.9276, 40898.4], [1.9277, 30430.1], [1.9278, 31865.2]], "timestamp": "2025-12-17T06:12:00.157097+00:00"}, {"symbol": "XRPUSDT", "bids": [[1.9257, 11927.4], [1.9256, 1579.2], [1.9255, 15345.6], [1.9254, 19348.0], [1.9253, 38715.5], [1.9252, 42972.7], [1.9251, 85853.8], [1.925, 61174.9], [1.9249, 41135.9], [1.9248, 36161.7], [1.9247, 42834.2], [1.9246, 34702.5], [1.9245, 37472.5], [1.9244, 33729.8], [1.9243, 58447.2], [1.9242, 25972.7], [1.9241, 26548.8], [1.924, 56502.6], [1.9239, 161963.5], [1.9238, 22687.5]], "asks": [[1.9258, 21672.7], [1.9259, 71586.6], [1.926, 61066.3], [1.9261, 11993.3], [1.9262, 12701.8], [1.9263, 45548.5], [1.9264, 44057.5], [1.9265, 52642.2], [1.9266, 45185.0], [1.9267, 79874.4], [1.9268, 38548.5], [1.9269, 110592.0], [1.927, 41499.5], [1.9271, 27879.4], [1.9272, 30971.1], [1.9273, 20300.7], [1.9274, 46894.3], [1.9275, 35289.7], [1.9276, 41145.5], [1.9277, 30952.0]], "timestamp": "2025-12-17T06:12:51.639528+00:00"}, {"symbol": "XRPUSDT", "bids": [[1.9249, 33812.9], [1.9248, 9315.6], [1.9247, 28858.3], [1.9246, 31467.9], [1.9245, 39855.2], [1.9244, 53475.5], [1.9243, 87305.1], [1.9242, 44965.7], [1.9241, 32109.4], [1.924, 36675.9], [1.9239, 38333.4], [1.9238, 26613.3], [1.9237, 25545.1], [1.9236, 22337.8], [1.9235, 49017.5], [1.9234, 36703.5], [1.9233, 23584.6], [1.9232, 34456.3], [1.9231, 133489.9], [1.923, 48497.1]], "asks": [[1.925, 9179.4], [1.9251, 3998.6], [1.9252, 22582.0], [1.9253, 25769.9], [1.9254, 26806.1], [1.9255, 14632.8], [1.9256, 33465.1], [1.9257, 49927.3], [1.9258, 82008.3], [1.9259, 40888.7], [1.926, 123524.7], [1.9261, 29941.6], [1.9262, 40997.3], [1.9263, 53897.8], [1.9264, 29781.8], [1.9265, 31317.5], [1.9266, 21169.9], [1.9267, 54382.5], [1.9268, 43299.3], [1.9269, 24531.3]], "timestamp": "2025-12-17T06:13:43.238016+00:00"}, {"symbol": "XRPUSDT", "bids": [[1.9251, 14665.5], [1.925, 9153.7], [1.9249, 21159.8], [1.9248, 33446.2], [1.9247, 58956.3], [1.9246, 56286.8], [1.9245, 51035.3], [1.9244, 42175.5], [1.9243, 56004.7], [1.9242, 28354.5], [1.9241, 14789.2], [1.924, 28061.5], [1.9239, 42330.8], [1.9238, 27586.2], [1.9237, 22051.4], [1.9236, 20555.3], [1.9235, 41608.3], [1.9234, 51265.1], [1.9233, 104963.1], [1.9232, 30112.5]], "asks": [[1.9252, 16004.2], [1.9253, 20938.6], [1.9254, 17691.6], [1.9255, 9507.9], [1.9256, 17274.5], [1.9257, 22257.1], [1.9258, 31400.7], [1.9259, 70426.0], [1.926, 39605.4], [1.9261, 37419.1], [1.9262, 98045.8], [1.9263, 37890.2], [1.9264, 18913.1], [1.9265, 34213.8], [1.9266, 20911.6], [1.9267, 41655.4], [1.9268, 27871.2], [1.9269, 32659.7], [1.927, 51337.0], [1.9271, 37906.7]], "timestamp": "2025-12-17T06:14:34.502337+00:00"}, {"symbol": "XRPUSDT", "bids": [[1.9252, 12913.7], [1.9251, 17955.6], [1.925, 28955.6], [1.9249, 37975.0], [1.9248, 30625.8], [1.9247, 66760.4], [1.9246, 69131.1], [1.9245, 30319.8], [1.9244, 22404.1], [1.9243, 47989.8], [1.9242, 22970.7], [1.9241, 19284.2], [1.924, 33265.1], [1.9239, 38391.3], [1.9238, 21945.3], [1.9237, 30254.5], [1.9236, 49362.7], [1.9235, 68475.1], [1.9234, 122942.7], [1.9233, 26592.8]], "asks": [[1.9253, 1799.1], [1.9254, 6883.6], [1.9255, 24868.9], [1.9256, 26853.6], [1.9257, 36278.5], [1.9258, 43840.4], [1.9259, 35606.2], [1.926, 31166.4], [1.9261, 46876.8], [1.9262, 38018.1], [1.9263, 117054.2], [1.9264, 27370.1], [1.9265, 27438.3], [1.9266, 18499.6], [1.9267, 55555.5], [1.9268, 27253.7], [1.9269, 25515.2], [1.927, 37039.9], [1.9271, 37003.2], [1.9272, 38364.8]], "timestamp": "2025-12-17T06:15:26.862577+00:00"}, {"symbol": "XRPUSDT", "bids": [[1.9253, 14595.6], [1.9252, 10722.5], [1.9251, 24309.1], [1.925, 32938.3], [1.9249, 43577.8], [1.9248, 32526.8], [1.9247, 65619.5], [1.9246, 33638.3], [1.9245, 25255.0], [1.9244, 22616.9], [1.9243, 62951.6], [1.9242, 22162.3], [1.9241, 22746.9], [1.924, 26428.1], [1.9239, 38725.7], [1.9238, 22121.5], [1.9237, 24989.4], [1.9236, 30725.2], [1.9235, 124931.0], [1.9234, 128794.4]], "asks": [[1.9254, 6392.0], [1.9255, 6031.0], [1.9256, 15029.5], [1.9257, 12200.5], [1.9258, 22271.9], [1.9259, 27128.0], [1.926, 50983.3], [1.9261, 36779.1], [1.9262, 45595.1], [1.9263, 65779.5], [1.9264, 145008.8], [1.9265, 25328.5], [1.9266, 24302.4], [1.9267, 35681.1], [1.9268, 38820.6], [1.9269, 20617.7], [1.927, 32293.9], [1.9271, 25402.0], [1.9272, 51260.9], [1.9273, 29386.9]], "timestamp": "2025-12-17T06:16:18.672874+00:00"}, {"symbol": "XRPUSDT", "bids": [[1.9251, 23310.9], [1.925, 8773.4], [1.9249, 23054.6], [1.9248, 23861.7], [1.9247, 47388.9], [1.9246, 45742.8], [1.9245, 53869.4], [1.9244, 42387.4], [1.9243, 80472.1], [1.9242, 37810.7], [1.9241, 36425.6], [1.924, 38513.9], [1.9239, 55107.8], [1.9238, 27505.8], [1.9237, 39717.4], [1.9236, 17466.8], [1.9235, 43547.0], [1.9234, 73155.4], [1.9233, 117175.4], [1.9232, 18252.9]], "asks": [[1.9252, 5796.3], [1.9253, 9165.4], [1.9254, 10918.6], [1.9255, 6626.8], [1.9256, 20359.7], [1.9257, 20315.1], [1.9258, 29865.6], [1.9259, 47135.3], [1.926, 43308.8], [1.9261, 60846.3], [1.9262, 97135.8], [1.9263, 18750.9], [1.9264, 43653.6], [1.9265, 32138.1], [1.9266, 18177.1], [1.9267, 40237.6], [1.9268, 43479.5], [1.9269, 21538.8], [1.927, 49856.3], [1.9271, 29480.2]], "timestamp": "2025-12-17T06:17:10.260117+00:00"}, {"symbol": "XRPUSDT", "bids": [[1.9246, 35776.6], [1.9245, 21380.2], [1.9244, 16876.7], [1.9243, 38734.0], [1.9242, 30223.3], [1.9241, 36515.9], [1.924, 69312.4], [1.9239, 46241.0], [1.9238, 34093.8], [1.9237, 34240.3], [1.9236, 23728.7], [1.9235, 42414.5], [1.9234, 45553.6], [1.9233, 21093.0], [1.9232, 18882.5], [1.9231, 46121.0], [1.923, 38456.6], [1.9229, 29590.9], [1.9228, 104059.8], [1.9227, 43008.9]], "asks": [[1.9247, 2893.5], [1.9248, 6715.8], [1.9249, 20034.0], [1.925, 16670.5], [1.9251, 20589.4], [1.9252, 37390.5], [1.9253, 57299.5], [1.9254, 40720.6], [1.9255, 59727.5], [1.9256, 58744.5], [1.9257, 45237.0], [1.9258, 104493.1], [1.9259, 32452.8], [1.926, 67681.2], [1.9261, 42937.1], [1.9262, 8641.8], [1.9263, 22831.1], [1.9264, 50653.9], [1.9265, 23085.7], [1.9266, 27678.6]], "timestamp": "2025-12-17T06:18:01.678803+00:00"}, {"symbol": "XRPUSDT", "bids": [[1.924, 12016.5], [1.9239, 5892.3], [1.9238, 16657.5], [1.9237, 32758.1], [1.9236, 26376.2], [1.9235, 48067.4], [1.9234, 59883.8], [1.9233, 50719.1], [1.9232, 23735.7], [1.9231, 60431.9], [1.923, 37882.7], [1.9229, 22231.1], [1.9228, 27381.2], [1.9227, 39237.6], [1.9226, 22330.0], [1.9225, 31719.7], [1.9224, 16035.0], [1.9223, 20424.0], [1.9222, 51202.7], [1.9221, 141817.3]], "asks": [[1.9241, 10949.3], [1.9242, 5451.5], [1.9243, 16053.8], [1.9244, 18472.9], [1.9245, 22378.7], [1.9246, 27670.1], [1.9247, 73642.6], [1.9248, 58579.6], [1.9249, 36158.4], [1.925, 38613.1], [1.9251, 33501.3], [1.9252, 149297.9], [1.9253, 28677.6], [1.9254, 32169.2], [1.9255, 63704.9], [1.9256, 47499.2], [1.9257, 22584.6], [1.9258, 9316.7], [1.9259, 24900.0], [1.926, 82617.9]], "timestamp": "2025-12-17T06:18:53.038120+00:00"}, {"symbol": "XRPUSDT", "bids": [[1.9248, 37119.6], [1.9247, 17095.4], [1.9246, 50873.5], [1.9245, 54115.5], [1.9244, 46940.6], [1.9243, 56944.9], [1.9242, 80259.0], [1.9241, 31885.1], [1.924, 32550.6], [1.9239, 48820.6], [1.9238, 20325.2], [1.9237, 26444.3], [1.9236, 30412.0], [1.9235, 38653.3], [1.9234, 36706.0], [1.9233, 20934.4], [1.9232, 22851.1], [1.9231, 80091.0], [1.923, 148910.6], [1.9229, 17042.7]], "asks": [[1.9249, 4626.5], [1.925, 6884.8], [1.9251, 13833.3], [1.9252, 13001.3], [1.9253, 22028.1], [1.9254, 26246.5], [1.9255, 33790.2], [1.9256, 51302.1], [1.9257, 28762.6], [1.9258, 53488.3], [1.9259, 66475.7], [1.926, 147362.7], [1.9261, 34362.2], [1.9262, 25357.0], [1.9263, 44985.0], [1.9264, 47772.3], [1.9265, 29525.8], [1.9266, 18192.6], [1.9267, 29476.6], [1.9268, 46534.8]], "timestamp": "2025-12-17T06:19:44.664827+00:00"}, {"symbol": "XRPUSDT", "bids": [[1.9256, 9002.7], [1.9255, 22796.3], [1.9254, 37110.0], [1.9253, 48767.4], [1.9252, 42698.3], [1.9251, 60857.8], [1.925, 70784.0], [1.9249, 23971.4], [1.9248, 44278.3], [1.9247, 46007.6], [1.9246, 38592.4], [1.9245, 28404.3], [1.9244, 34641.0], [1.9243, 51002.6], [1.9242, 32231.1], [1.9241, 23977.0], [1.924, 48122.0], [1.9239, 54841.6], [1.9238, 107664.0], [1.9237, 66416.2]], "asks": [[1.9257, 8099.0], [1.9258, 6943.0], [1.9259, 16727.5], [1.926, 23266.8], [1.9261, 17468.7], [1.9262, 25321.3], [1.9263, 41048.0], [1.9264, 68228.1], [1.9265, 63459.8], [1.9266, 31376.9], [1.9267, 46894.2], [1.9268, 136875.0], [1.9269, 29911.2], [1.927, 34214.7], [1.9271, 66124.1], [1.9272, 52720.4], [1.9273, 42603.2], [1.9274, 23809.1], [1.9275, 32365.3], [1.9276, 39056.0]], "timestamp": "2025-12-17T06:20:36.005439+00:00"}, {"symbol": "XRPUSDT", "bids": [[1.924, 1677.3], [1.9239, 4913.5], [1.9238, 13224.9], [1.9237, 22361.8], [1.9236, 36542.3], [1.9235, 52616.2], [1.9234, 87836.3], [1.9233, 31301.6], [1.9232, 30384.8], [1.9231, 49943.3], [1.923, 41139.1], [1.9229, 13713.5], [1.9228, 17705.3], [1.9227, 39907.7], [1.9226, 34119.4], [1.9225, 27580.9], [1.9224, 14366.7], [1.9223, 20881.9], [1.9222, 55962.8], [1.9221, 96384.2]], "asks": [[1.9241, 32069.0], [1.9242, 24195.7], [1.9243, 17698.9], [1.9244, 24572.6], [1.9245, 18138.3], [1.9246, 31663.4], [1.9247, 47151.0], [1.9248, 81280.2], [1.9249, 92557.3], [1.925, 138649.4], [1.9251, 42710.6], [1.9252, 57595.3], [1.9253, 38155.3], [1.9254, 31697.4], [1.9255, 33278.6], [1.9256, 38585.7], [1.9257, 16837.4], [1.9258, 28237.1], [1.9259, 23622.8], [1.926, 91602.1]], "timestamp": "2025-12-17T06:21:27.508363+00:00"}, {"symbol": "XRPUSDT", "bids": [[1.9243, 9869.2], [1.9242, 13213.7], [1.9241, 32108.9], [1.924, 41108.8], [1.9239, 58798.6], [1.9238, 50476.3], [1.9237, 57920.8], [1.9236, 22127.4], [1.9235, 55775.3], [1.9234, 37395.9], [1.9233, 20913.4], [1.9232, 25622.7], [1.9231, 47036.5], [1.923, 48124.0], [1.9229, 13504.4], [1.9228, 24734.9], [1.9227, 38010.8], [1.9226, 34168.4], [1.9225, 109522.4], [1.9224, 27468.2]], "asks": [[1.9244, 11353.6], [1.9245, 9437.7], [1.9246, 7401.5], [1.9247, 17288.4], [1.9248, 29353.7], [1.9249, 37160.8], [1.925, 41669.3], [1.9251, 41046.8], [1.9252, 65202.3], [1.9253, 140470.0], [1.9254, 24119.3], [1.9255, 32101.9], [1.9256, 44286.4], [1.9257, 25536.8], [1.9258, 22974.3], [1.9259, 25492.7], [1.926, 72920.3], [1.9261, 34166.4], [1.9262, 34185.2], [1.9263, 40750.8]], "timestamp": "2025-12-17T06:22:18.862222+00:00"}, {"symbol": "XRPUSDT", "bids": [[1.9244, 8687.8], [1.9243, 8839.9], [1.9242, 23895.0], [1.9241, 33552.6], [1.924, 37694.0], [1.9239, 64736.2], [1.9238, 70658.7], [1.9237, 25744.2], [1.9236, 28475.9], [1.9235, 51542.7], [1.9234, 36725.2], [1.9233, 15220.7], [1.9232, 29154.0], [1.9231, 47793.2], [1.923, 44432.5], [1.9229, 15667.6], [1.9228, 28797.0], [1.9227, 80525.3], [1.9226, 99219.7], [1.9225, 40400.2]], "asks": [[1.9245, 10223.0], [1.9246, 7611.3], [1.9247, 12547.7], [1.9248, 16966.6], [1.9249, 26446.2], [1.925, 39260.3], [1.9251, 22163.3], [1.9252, 57061.1], [1.9253, 47649.8], [1.9254, 29309.3], [1.9255, 119620.7], [1.9256, 43774.1], [1.9257, 26215.0], [1.9258, 46356.7], [1.9259, 36962.5], [1.926, 59606.3], [1.9261, 31500.4], [1.9262, 33339.7], [1.9263, 35831.0], [1.9264, 41442.4]], "timestamp": "2025-12-17T06:23:10.135095+00:00"}, {"symbol": "XRPUSDT", "bids": [[1.9265, 3238.4], [1.9264, 3112.7], [1.9263, 13566.3], [1.9262, 26844.8], [1.9261, 22150.8], [1.926, 44520.9], [1.9259, 83612.7], [1.9258, 82893.9], [1.9257, 35050.8], [1.9256, 31625.4], [1.9255, 51144.8], [1.9254, 24537.9], [1.9253, 15665.1], [1.9252, 24246.6], [1.9251, 45187.4], [1.925, 25197.0], [1.9249, 23076.1], [1.9248, 35511.5], [1.9247, 119446.0], [1.9246, 24031.2]], "asks": [[1.9266, 31620.1], [1.9267, 29628.5], [1.9268, 9735.5], [1.9269, 24745.0], [1.927, 28978.6], [1.9271, 43785.2], [1.9272, 67198.4], [1.9273, 33704.2], [1.9274, 117613.4], [1.9275, 30245.5], [1.9276, 48122.3], [1.9277, 32698.9], [1.9278, 30825.6], [1.9279, 28135.3], [1.928, 64647.3], [1.9281, 16562.8], [1.9282, 23716.1], [1.9283, 27938.1], [1.9284, 50835.0], [1.9285, 47676.8]], "timestamp": "2025-12-17T06:24:01.713510+00:00"}, {"symbol": "XRPUSDT", "bids": [[1.9284, 40284.0], [1.9283, 37034.1], [1.9282, 35517.6], [1.9281, 10792.9], [1.928, 28803.7], [1.9279, 46759.6], [1.9278, 46163.4], [1.9277, 50015.0], [1.9276, 21137.8], [1.9275, 53267.3], [1.9274, 28530.1], [1.9273, 21575.8], [1.9272, 27385.0], [1.9271, 51858.7], [1.927, 26707.0], [1.9269, 16383.6], [1.9268, 24280.7], [1.9267, 49793.1], [1.9266, 112736.4], [1.9265, 28222.2]], "asks": [[1.9285, 14810.5], [1.9286, 8739.1], [1.9287, 15563.1], [1.9288, 26419.8], [1.9289, 41986.3], [1.929, 30130.3], [1.9291, 51868.8], [1.9292, 63128.8], [1.9293, 59709.0], [1.9294, 32703.8], [1.9295, 102690.8], [1.9296, 26228.6], [1.9297, 49176.9], [1.9298, 24670.5], [1.9299, 42855.1], [1.93, 103121.5], [1.9301, 21598.0], [1.9302, 25748.4], [1.9303, 39829.7], [1.9304, 35153.6]], "timestamp": "2025-12-17T06:24:53.564579+00:00"}, {"symbol": "XRPUSDT", "bids": [[1.928, 25528.8], [1.9279, 11060.5], [1.9278, 26197.8], [1.9277, 31597.4], [1.9276, 35226.7], [1.9275, 60929.7], [1.9274, 49071.9], [1.9273, 23348.0], [1.9272, 35106.9], [1.9271, 50208.3], [1.927, 31752.6], [1.9269, 25524.4], [1.9268, 26116.7], [1.9267, 38414.7], [1.9266, 32381.8], [1.9265, 30832.7], [1.9264, 20866.7], [1.9263, 85802.1], [1.9262, 98065.8], [1.9261, 27201.7]], "asks": [[1.9281, 4663.0], [1.9282, 3505.3], [1.9283, 20739.7], [1.9284, 22393.2], [1.9285, 50190.5], [1.9286, 21308.0], [1.9287, 29960.1], [1.9288, 48516.8], [1.9289, 49648.0], [1.929, 60549.1], [1.9291, 112533.2], [1.9292, 36113.7], [1.9293, 47091.6], [1.9294, 24767.7], [1.9295, 25080.6], [1.9296, 32333.7], [1.9297, 35518.1], [1.9298, 16725.4], [1.9299, 51767.0], [1.93, 95202.0]], "timestamp": "2025-12-17T06:25:44.909918+00:00"}, {"symbol": "XRPUSDT", "bids": [[1.9269, 2850.8], [1.9268, 8513.4], [1.9267, 5644.6], [1.9266, 18923.6], [1.9265, 36623.8], [1.9264, 44399.9], [1.9263, 90084.3], [1.9262, 45266.0], [1.9261, 37889.9], [1.926, 46608.5], [1.9259, 48012.6], [1.9258, 25884.0], [1.9257, 22776.4], [1.9256, 29788.6], [1.9255, 75022.4], [1.9254, 54577.8], [1.9253, 14264.0], [1.9252, 30680.3], [1.9251, 114571.3], [1.925, 32125.1]], "asks": [[1.927, 19360.1], [1.9271, 19156.8], [1.9272, 35552.8], [1.9273, 10102.2], [1.9274, 24282.1], [1.9275, 20928.5], [1.9276, 41644.8], [1.9277, 58574.2], [1.9278, 117497.5], [1.9279, 43147.0], [1.928, 54634.6], [1.9281, 36449.8], [1.9282, 43512.7], [1.9283, 19878.3], [1.9284, 34044.1], [1.9285, 40303.6], [1.9286, 17952.9], [1.9287, 39612.9], [1.9288, 22546.9], [1.9289, 37732.2]], "timestamp": "2025-12-17T06:26:36.578816+00:00"}, {"symbol": "XRPUSDT", "bids": [[1.9266, 9035.7], [1.9265, 1398.8], [1.9264, 19782.0], [1.9263, 39360.3], [1.9262, 24412.6], [1.9261, 30215.2], [1.926, 54608.7], [1.9259, 70983.5], [1.9258, 44424.3], [1.9257, 45157.7], [1.9256, 27485.1], [1.9255, 55126.8], [1.9254, 30260.4], [1.9253, 15822.4], [1.9252, 22160.9], [1.9251, 45814.5], [1.925, 33565.4], [1.9249, 34487.1], [1.9248, 94203.2], [1.9247, 39269.2]], "asks": [[1.9267, 41939.9], [1.9268, 19249.4], [1.9269, 17789.3], [1.927, 12668.2], [1.9271, 17791.2], [1.9272, 34563.5], [1.9273, 39458.6], [1.9274, 63505.2], [1.9275, 133895.5], [1.9276, 58338.3], [1.9277, 50095.1], [1.9278, 21786.8], [1.9279, 41713.3], [1.928, 73766.8], [1.9281, 49398.2], [1.9282, 30851.8], [1.9283, 17152.2], [1.9284, 27856.6], [1.9285, 41878.8], [1.9286, 20845.7]], "timestamp": "2025-12-17T06:27:27.839845+00:00"}, {"symbol": "XRPUSDT", "bids": [[1.9265, 55424.9], [1.9264, 33804.0], [1.9263, 26241.3], [1.9262, 35907.0], [1.9261, 55303.9], [1.926, 32806.7], [1.9259, 47267.6], [1.9258, 34397.3], [1.9257, 33697.2], [1.9256, 39669.3], [1.9255, 62974.4], [1.9254, 29175.4], [1.9253, 21749.3], [1.9252, 17933.6], [1.9251, 44830.2], [1.925, 44528.2], [1.9249, 30865.0], [1.9248, 68796.7], [1.9247, 120651.2], [1.9246, 19605.4]], "asks": [[1.9266, 13228.6], [1.9267, 8053.3], [1.9268, 3574.2], [1.9269, 14056.6], [1.927, 18657.6], [1.9271, 17681.2], [1.9272, 51283.7], [1.9273, 28902.8], [1.9274, 60404.5], [1.9275, 141954.3], [1.9276, 72002.6], [1.9277, 32038.9], [1.9278, 24316.1], [1.9279, 52526.6], [1.928, 73318.5], [1.9281, 43865.8], [1.9282, 17623.2], [1.9283, 15079.5], [1.9284, 21686.1], [1.9285, 47830.7]], "timestamp": "2025-12-17T06:28:19.236531+00:00"}, {"symbol": "XRPUSDT", "bids": [[1.9266, 17544.5], [1.9265, 20369.0], [1.9264, 32371.8], [1.9263, 47328.7], [1.9262, 38806.0], [1.9261, 77225.7], [1.926, 38328.9], [1.9259, 50794.0], [1.9258, 35545.9], [1.9257, 26566.0], [1.9256, 29850.7], [1.9255, 55918.9], [1.9254, 26482.9], [1.9253, 23394.6], [1.9252, 16816.8], [1.9251, 47256.4], [1.925, 40192.8], [1.9249, 43111.2], [1.9248, 138519.3], [1.9247, 39102.8]], "asks": [[1.9267, 16832.5], [1.9268, 19745.7], [1.9269, 22466.1], [1.927, 18470.0], [1.9271, 10987.3], [1.9272, 39494.3], [1.9273, 39702.4], [1.9274, 56694.6], [1.9275, 66480.5], [1.9276, 60383.3], [1.9277, 34699.8], [1.9278, 26923.6], [1.9279, 132728.7], [1.928, 76161.7], [1.9281, 50319.8], [1.9282, 31961.3], [1.9283, 18765.7], [1.9284, 21207.3], [1.9285, 49869.5], [1.9286, 21028.7]], "timestamp": "2025-12-17T06:29:10.957769+00:00"}, {"symbol": "XRPUSDT", "bids": [[1.9252, 16037.8], [1.9251, 9568.4], [1.925, 28864.6], [1.9249, 45020.3], [1.9248, 50753.3], [1.9247, 44227.2], [1.9246, 55311.2], [1.9245, 35072.7], [1.9244, 31538.1], [1.9243, 57653.2], [1.9242, 52416.6], [1.9241, 31844.1], [1.924, 33702.1], [1.9239, 50844.3], [1.9238, 29399.3], [1.9237, 25437.3], [1.9236, 19071.8], [1.9235, 59763.7], [1.9234, 143517.3], [1.9233, 18917.4]], "asks": [[1.9253, 14486.9], [1.9254, 11154.7], [1.9255, 9857.9], [1.9256, 24682.7], [1.9257, 34345.9], [1.9258, 45572.9], [1.9259, 51422.7], [1.926, 26159.7], [1.9261, 29345.5], [1.9262, 142093.1], [1.9263, 88761.6], [1.9264, 25479.7], [1.9265, 16504.7], [1.9266, 27209.2], [1.9267, 34525.3], [1.9268, 51152.0], [1.9269, 40155.3], [1.927, 29346.4], [1.9271, 26532.8], [1.9272, 41949.5]], "timestamp": "2025-12-17T06:30:02.256892+00:00"}, {"symbol": "XRPUSDT", "bids": [[1.9244, 7396.4], [1.9243, 12436.5], [1.9242, 20785.6], [1.9241, 25865.2], [1.924, 20511.7], [1.9239, 47329.3], [1.9238, 53866.4], [1.9237, 45059.3], [1.9236, 38846.2], [1.9235, 59809.6], [1.9234, 40951.7], [1.9233, 36811.6], [1.9232, 38765.0], [1.9231, 63807.8], [1.923, 80872.0], [1.9229, 14392.3], [1.9228, 27606.5], [1.9227, 56267.2], [1.9226, 104975.1], [1.9225, 27924.1]], "asks": [[1.9245, 30017.3], [1.9246, 22433.4], [1.9247, 21459.2], [1.9248, 16900.0], [1.9249, 23881.1], [1.925, 34241.1], [1.9251, 71588.3], [1.9252, 106640.6], [1.9253, 54104.3], [1.9254, 79647.3], [1.9255, 37796.9], [1.9256, 31503.9], [1.9257, 24395.7], [1.9258, 22348.5], [1.9259, 29627.7], [1.926, 42432.1], [1.9261, 23236.9], [1.9262, 34522.1], [1.9263, 38068.5], [1.9264, 39752.9]], "timestamp": "2025-12-17T06:30:54.084872+00:00"}, {"symbol": "XRPUSDT", "bids": [[1.9247, 7228.7], [1.9246, 12023.8], [1.9245, 32638.0], [1.9244, 55879.9], [1.9243, 76515.4], [1.9242, 52313.3], [1.9241, 75318.2], [1.924, 35965.7], [1.9239, 51179.1], [1.9238, 34839.9], [1.9237, 32146.2], [1.9236, 31807.4], [1.9235, 59050.7], [1.9234, 40074.8], [1.9233, 32019.2], [1.9232, 21908.9], [1.9231, 47666.0], [1.923, 63835.4], [1.9229, 98408.1], [1.9228, 18258.7]], "asks": [[1.9248, 47364.1], [1.9249, 32284.8], [1.925, 33706.2], [1.9251, 26308.5], [1.9252, 21167.3], [1.9253, 33843.9], [1.9254, 46327.2], [1.9255, 34753.9], [1.9256, 45627.6], [1.9257, 49221.9], [1.9258, 115466.0], [1.9259, 18144.5], [1.926, 43641.8], [1.9261, 24797.8], [1.9262, 27802.0], [1.9263, 40760.6], [1.9264, 49676.7], [1.9265, 19762.5], [1.9266, 24019.2], [1.9267, 23166.9]], "timestamp": "2025-12-17T06:31:45.364703+00:00"}, {"symbol": "XRPUSDT", "bids": [[1.9251, 22077.2], [1.925, 16305.1], [1.9249, 26987.3], [1.9248, 29513.6], [1.9247, 46603.4], [1.9246, 45229.3], [1.9245, 84528.5], [1.9244, 63150.9], [1.9243, 39387.8], [1.9242, 31074.2], [1.9241, 44500.2], [1.924, 61741.4], [1.9239, 28189.5], [1.9238, 26502.1], [1.9237, 30183.7], [1.9236, 25375.4], [1.9235, 48920.6], [1.9234, 39767.3], [1.9233, 111554.9], [1.9232, 30323.9]], "asks": [[1.9252, 5573.1], [1.9253, 5038.6], [1.9254, 7560.7], [1.9255, 16156.6], [1.9256, 31804.0], [1.9257, 23175.1], [1.9258, 36040.3], [1.9259, 27283.5], [1.926, 78413.2], [1.9261, 38595.3], [1.9262, 98066.9], [1.9263, 45209.7], [1.9264, 40413.7], [1.9265, 31136.1], [1.9266, 19662.0], [1.9267, 23217.4], [1.9268, 61413.9], [1.9269, 48343.2], [1.927, 41043.6], [1.9271, 28778.5]], "timestamp": "2025-12-17T06:32:36.663536+00:00"}, {"symbol": "XRPUSDT", "bids": [[1.9238, 3102.8], [1.9237, 11715.8], [1.9236, 18834.9], [1.9235, 30207.6], [1.9234, 55431.2], [1.9233, 44530.8], [1.9232, 47318.7], [1.9231, 59403.2], [1.923, 49588.3], [1.9229, 26743.8], [1.9228, 28814.4], [1.9227, 50215.4], [1.9226, 32421.7], [1.9225, 46589.6], [1.9224, 20886.8], [1.9223, 26727.2], [1.9222, 45944.2], [1.9221, 40945.0], [1.922, 162065.1], [1.9219, 43737.8]], "asks": [[1.9239, 16279.6], [1.924, 18866.3], [1.9241, 23167.7], [1.9242, 29629.6], [1.9243, 29701.0], [1.9244, 30152.6], [1.9245, 32431.8], [1.9246, 36422.8], [1.9247, 43602.4], [1.9248, 74635.1], [1.9249, 104705.9], [1.925, 51681.1], [1.9251, 60434.2], [1.9252, 17582.4], [1.9253, 18549.0], [1.9254, 36018.3], [1.9255, 24434.1], [1.9256, 44996.7], [1.9257, 31436.7], [1.9258, 23050.3]], "timestamp": "2025-12-17T06:33:27.958810+00:00"}, {"symbol": "XRPUSDT", "bids": [[1.9238, 30678.3], [1.9237, 25117.3], [1.9236, 38754.9], [1.9235, 50142.7], [1.9234, 42725.1], [1.9233, 62189.0], [1.9232, 71594.0], [1.9231, 63195.8], [1.923, 43030.2], [1.9229, 34539.8], [1.9228, 41151.0], [1.9227, 49466.8], [1.9226, 39282.9], [1.9225, 47252.8], [1.9224, 25794.5], [1.9223, 26422.1], [1.9222, 41076.4], [1.9221, 37216.6], [1.922, 122284.2], [1.9219, 45245.5]], "asks": [[1.9239, 7035.2], [1.924, 9021.0], [1.9241, 16619.5], [1.9242, 16381.1], [1.9243, 32723.9], [1.9244, 36338.4], [1.9245, 54649.0], [1.9246, 24845.1], [1.9247, 42240.7], [1.9248, 35418.3], [1.9249, 99598.5], [1.925, 42104.3], [1.9251, 43040.6], [1.9252, 27904.9], [1.9253, 25997.8], [1.9254, 36852.9], [1.9255, 23454.3], [1.9256, 50388.8], [1.9257, 29567.5], [1.9258, 30256.4]], "timestamp": "2025-12-17T06:34:19.515125+00:00"}, {"symbol": "XRPUSDT", "bids": [[1.9234, 27443.7], [1.9233, 11795.4], [1.9232, 21991.3], [1.9231, 31948.5], [1.923, 47878.1], [1.9229, 30819.9], [1.9228, 73138.2], [1.9227, 54371.0], [1.9226, 36921.9], [1.9225, 58610.5], [1.9224, 30944.0], [1.9223, 34641.5], [1.9222, 54342.7], [1.9221, 28133.6], [1.922, 52083.1], [1.9219, 34818.3], [1.9218, 42317.3], [1.9217, 28881.3], [1.9216, 117031.9], [1.9215, 72169.9]], "asks": [[1.9235, 7745.2], [1.9236, 4994.3], [1.9237, 17219.3], [1.9238, 17944.1], [1.9239, 41299.6], [1.924, 21554.0], [1.9241, 35538.7], [1.9242, 37118.0], [1.9243, 56012.0], [1.9244, 67860.9], [1.9245, 123437.8], [1.9246, 28100.1], [1.9247, 37847.5], [1.9248, 38429.7], [1.9249, 25148.3], [1.925, 47364.9], [1.9251, 51248.8], [1.9252, 14580.8], [1.9253, 16448.2], [1.9254, 32435.2]], "timestamp": "2025-12-17T06:35:12.207985+00:00"}, {"symbol": "XRPUSDT", "bids": [[1.9232, 1389.5], [1.9231, 6981.7], [1.923, 17217.3], [1.9229, 27555.4], [1.9228, 18751.2], [1.9227, 38848.2], [1.9226, 79747.0], [1.9225, 66585.2], [1.9224, 33021.1], [1.9223, 31450.0], [1.9222, 45245.2], [1.9221, 55183.0], [1.922, 33363.3], [1.9219, 31642.1], [1.9218, 32668.2], [1.9217, 15476.1], [1.9216, 34303.1], [1.9215, 35901.3], [1.9214, 117941.9], [1.9213, 55603.7]], "asks": [[1.9233, 28333.4], [1.9234, 11747.9], [1.9235, 28193.4], [1.9236, 23652.2], [1.9237, 32132.1], [1.9238, 37231.5], [1.9239, 79210.0], [1.924, 37553.1], [1.9241, 95440.3], [1.9242, 30107.1], [1.9243, 51400.1], [1.9244, 35113.2], [1.9245, 42450.5], [1.9246, 23762.4], [1.9247, 49821.4], [1.9248, 22891.1], [1.9249, 32736.4], [1.925, 83239.7], [1.9251, 43030.3], [1.9252, 17954.1]], "timestamp": "2025-12-17T06:36:03.665351+00:00"}, {"symbol": "XRPUSDT", "bids": [[1.923, 31823.6], [1.9229, 14677.4], [1.9228, 11824.3], [1.9227, 25725.4], [1.9226, 33750.3], [1.9225, 68536.3], [1.9224, 74266.7], [1.9223, 30034.2], [1.9222, 41332.3], [1.9221, 56091.2], [1.922, 33486.2], [1.9219, 34260.2], [1.9218, 27550.5], [1.9217, 24728.3], [1.9216, 49602.8], [1.9215, 25684.8], [1.9214, 54036.7], [1.9213, 68949.9], [1.9212, 94299.9], [1.9211, 22378.4]], "asks": [[1.9231, 7070.1], [1.9232, 10410.7], [1.9233, 21884.1], [1.9234, 36643.5], [1.9235, 44589.8], [1.9236, 29283.2], [1.9237, 47890.7], [1.9238, 35375.7], [1.9239, 58826.3], [1.924, 64160.3], [1.9241, 104949.3], [1.9242, 26831.6], [1.9243, 47076.8], [1.9244, 33585.5], [1.9245, 45315.0], [1.9246, 25554.0], [1.9247, 37919.0], [1.9248, 23445.4], [1.9249, 35325.2], [1.925, 69357.1]], "timestamp": "2025-12-17T06:36:54.967347+00:00"}, {"symbol": "XRPUSDT", "bids": [[1.9225, 1306.4], [1.9224, 15421.4], [1.9223, 26985.8], [1.9222, 36061.3], [1.9221, 34455.2], [1.922, 30522.0], [1.9219, 45005.5], [1.9218, 67019.7], [1.9217, 92044.5], [1.9216, 63279.6], [1.9215, 64422.1], [1.9214, 52173.2], [1.9213, 52287.0], [1.9212, 30128.2], [1.9211, 50871.9], [1.921, 119193.5], [1.9209, 22329.7], [1.9208, 35730.2], [1.9207, 28323.3], [1.9206, 22015.4]], "asks": [[1.9226, 25613.7], [1.9227, 13507.5], [1.9228, 24043.2], [1.9229, 31878.3], [1.923, 25089.7], [1.9231, 40873.6], [1.9232, 61603.7], [1.9233, 41324.1], [1.9234, 108093.5], [1.9235, 42088.2], [1.9236, 17965.6], [1.9237, 32976.2], [1.9238, 40531.0], [1.9239, 47836.5], [1.924, 49228.3], [1.9241, 39221.8], [1.9242, 22815.6], [1.9243, 42830.8], [1.9244, 31447.4], [1.9245, 37065.5]], "timestamp": "2025-12-17T06:37:46.606048+00:00"}, {"symbol": "XRPUSDT", "bids": [[1.9235, 3522.7], [1.9234, 2277.5], [1.9233, 10961.0], [1.9232, 31932.4], [1.9231, 35838.3], [1.923, 18975.1], [1.9229, 33499.5], [1.9228, 79225.7], [1.9227, 61752.8], [1.9226, 31510.0], [1.9225, 22334.1], [1.9224, 19008.9], [1.9223, 38955.7], [1.9222, 114246.5], [1.9221, 54594.6], [1.922, 47059.5], [1.9219, 27881.3], [1.9218, 27536.9], [1.9217, 43209.9], [1.9216, 64422.5]], "asks": [[1.9236, 33498.3], [1.9237, 19525.7], [1.9238, 28640.5], [1.9239, 23304.6], [1.924, 30998.5], [1.9241, 31684.6], [1.9242, 64065.1], [1.9243, 54435.0], [1.9244, 32515.4], [1.9245, 148749.3], [1.9246, 41853.9], [1.9247, 36807.5], [1.9248, 19173.5], [1.9249, 38853.8], [1.925, 73940.5], [1.9251, 44412.6], [1.9252, 25367.8], [1.9253, 27317.5], [1.9254, 26358.2], [1.9255, 28454.3]], "timestamp": "2025-12-17T06:38:38.023989+00:00"}, {"symbol": "XRPUSDT", "bids": [[1.9214, 16699.5], [1.9213, 7076.8], [1.9212, 15955.6], [1.9211, 35403.1], [1.921, 34196.3], [1.9209, 38611.8], [1.9208, 47498.6], [1.9207, 36155.4], [1.9206, 68288.7], [1.9205, 24047.0], [1.9204, 52033.6], [1.9203, 22378.5], [1.9202, 23546.3], [1.9201, 47174.6], [1.92, 113117.5], [1.9199, 18611.1], [1.9198, 23862.0], [1.9197, 36514.2], [1.9196, 25942.1], [1.9195, 78391.8]], "asks": [[1.9215, 14718.0], [1.9216, 15820.8], [1.9217, 26052.1], [1.9218, 22108.9], [1.9219, 20642.1], [1.922, 37117.1], [1.9221, 61146.3], [1.9222, 54800.2], [1.9223, 73688.8], [1.9224, 47239.9], [1.9225, 39281.4], [1.9226, 128888.6], [1.9227, 57797.0], [1.9228, 28764.7], [1.9229, 31386.3], [1.923, 26473.1], [1.9231, 43370.7], [1.9232, 25486.5], [1.9233, 43056.9], [1.9234, 31427.7]], "timestamp": "2025-12-17T06:39:29.534816+00:00"}, {"symbol": "XRPUSDT", "bids": [[1.9225, 4919.2], [1.9224, 5411.2], [1.9223, 17174.1], [1.9222, 31337.4], [1.9221, 43452.7], [1.922, 65979.9], [1.9219, 88614.3], [1.9218, 38668.0], [1.9217, 25736.7], [1.9216, 49330.3], [1.9215, 21017.6], [1.9214, 24401.2], [1.9213, 36032.5], [1.9212, 51201.0], [1.9211, 104318.3], [1.921, 37049.7], [1.9209, 14391.0], [1.9208, 41789.7], [1.9207, 61731.6], [1.9206, 20318.5]], "asks": [[1.9226, 31373.0], [1.9227, 26918.4], [1.9228, 16263.0], [1.9229, 27385.3], [1.923, 28541.7], [1.9231, 37747.0], [1.9232, 43626.1], [1.9233, 81557.7], [1.9234, 123010.4], [1.9235, 62063.0], [1.9236, 35028.4], [1.9237, 26806.2], [1.9238, 36604.9], [1.9239, 69705.6], [1.924, 53661.5], [1.9241, 32035.0], [1.9242, 34844.1], [1.9243, 44487.4], [1.9244, 28340.3], [1.9245, 48793.3]], "timestamp": "2025-12-17T06:40:21.338148+00:00"}, {"symbol": "XRPUSDT", "bids": [[1.9222, 31289.1], [1.9221, 45025.5], [1.922, 42624.1], [1.9219, 40732.9], [1.9218, 22842.6], [1.9217, 22915.1], [1.9216, 40355.7], [1.9215, 41919.2], [1.9214, 55337.4], [1.9213, 44118.0], [1.9212, 54083.6], [1.9211, 35578.8], [1.921, 44918.0], [1.9209, 26149.9], [1.9208, 161655.0], [1.9207, 62090.0], [1.9206, 26048.8], [1.9205, 29445.1], [1.9204, 48993.5], [1.9203, 22700.8]], "asks": [[1.9223, 90.0], [1.9224, 1203.8], [1.9225, 9408.3], [1.9226, 19359.9], [1.9227, 10583.0], [1.9228, 25276.9], [1.9229, 24773.8], [1.923, 31694.0], [1.9231, 39822.4], [1.9232, 32777.8], [1.9233, 25545.7], [1.9234, 37520.6], [1.9235, 43039.1], [1.9236, 117915.0], [1.9237, 24694.0], [1.9238, 27659.9], [1.9239, 54784.0], [1.924, 55702.7], [1.9241, 49747.6], [1.9242, 20644.0]], "timestamp": "2025-12-17T06:41:12.739799+00:00"}, {"symbol": "XRPUSDT", "bids": [[1.9229, 10155.6], [1.9228, 4422.3], [1.9227, 14201.7], [1.9226, 22249.1], [1.9225, 46601.4], [1.9224, 70406.6], [1.9223, 28492.5], [1.9222, 44470.4], [1.9221, 45485.4], [1.922, 19934.0], [1.9219, 30338.6], [1.9218, 33624.4], [1.9217, 39133.0], [1.9216, 116700.2], [1.9215, 29799.6], [1.9214, 24305.7], [1.9213, 57659.0], [1.9212, 63944.1], [1.9211, 26406.7], [1.921, 44338.9]], "asks": [[1.923, 11494.2], [1.9231, 13865.5], [1.9232, 24091.1], [1.9233, 30824.3], [1.9234, 34410.5], [1.9235, 22281.3], [1.9236, 50618.3], [1.9237, 49550.6], [1.9238, 47631.0], [1.9239, 86818.0], [1.924, 137984.5], [1.9241, 36561.9], [1.9242, 30585.3], [1.9243, 48889.0], [1.9244, 40906.4], [1.9245, 44801.9], [1.9246, 61285.7], [1.9247, 38310.1], [1.9248, 30791.8], [1.9249, 46536.8]], "timestamp": "2025-12-17T06:42:04.616117+00:00"}, {"symbol": "XRPUSDT", "bids": [[1.922, 5381.5], [1.9219, 1305.4], [1.9218, 13828.2], [1.9217, 12849.5], [1.9216, 17588.3], [1.9215, 35076.7], [1.9214, 34278.4], [1.9213, 40710.6], [1.9212, 74357.5], [1.9211, 66104.6], [1.921, 43123.4], [1.9209, 26169.9], [1.9208, 45493.0], [1.9207, 37787.2], [1.9206, 35204.1], [1.9205, 126103.4], [1.9204, 87435.6], [1.9203, 43723.7], [1.9202, 24508.0], [1.9201, 37572.4]], "asks": [[1.9221, 26057.5], [1.9222, 36264.1], [1.9223, 37775.0], [1.9224, 25510.3], [1.9225, 30722.2], [1.9226, 39217.8], [1.9227, 52734.9], [1.9228, 53171.6], [1.9229, 116984.4], [1.923, 36645.1], [1.9231, 66046.0], [1.9232, 30015.6], [1.9233, 37450.5], [1.9234, 19934.5], [1.9235, 42724.8], [1.9236, 28289.2], [1.9237, 18909.1], [1.9238, 19517.4], [1.9239, 59674.1], [1.924, 64686.0]], "timestamp": "2025-12-17T06:42:55.924085+00:00"}, {"symbol": "XRPUSDT", "bids": [[1.9226, 2432.3], [1.9225, 11295.3], [1.9224, 10335.7], [1.9223, 9498.4], [1.9222, 41915.8], [1.9221, 60156.2], [1.922, 40980.5], [1.9219, 59694.0], [1.9218, 50398.2], [1.9217, 91558.6], [1.9216, 29211.6], [1.9215, 30142.3], [1.9214, 34098.9], [1.9213, 58181.2], [1.9212, 133740.7], [1.9211, 23483.3], [1.921, 37968.6], [1.9209, 15350.5], [1.9208, 36357.8], [1.9207, 38619.2]], "asks": [[1.9227, 27200.7], [1.9228, 27548.9], [1.9229, 31611.5], [1.923, 30637.7], [1.9231, 41757.7], [1.9232, 30156.2], [1.9233, 55654.7], [1.9234, 42453.3], [1.9235, 51406.5], [1.9236, 108058.0], [1.9237, 35757.9], [1.9238, 46876.2], [1.9239, 45988.5], [1.924, 51064.3], [1.9241, 47661.5], [1.9242, 27540.7], [1.9243, 41820.9], [1.9244, 37318.3], [1.9245, 33481.6], [1.9246, 20597.9]], "timestamp": "2025-12-17T06:43:47.659527+00:00"}, {"symbol": "XRPUSDT", "bids": [[1.9217, 23195.2], [1.9216, 12711.8], [1.9215, 11368.1], [1.9214, 16426.3], [1.9213, 31434.3], [1.9212, 66937.9], [1.9211, 40443.3], [1.921, 63301.4], [1.9209, 27847.0], [1.9208, 50878.9], [1.9207, 42910.1], [1.9206, 36705.5], [1.9205, 45788.0], [1.9204, 138645.0], [1.9203, 27481.0], [1.9202, 30989.5], [1.9201, 38467.8], [1.92, 53176.3], [1.9199, 25273.8], [1.9198, 66680.3]], "asks": [[1.9218, 8554.0], [1.9219, 3204.0], [1.922, 17899.6], [1.9221, 36911.3], [1.9222, 42384.6], [1.9223, 43671.6], [1.9224, 50787.4], [1.9225, 63337.8], [1.9226, 38419.4], [1.9227, 62062.4], [1.9228, 50491.2], [1.9229, 106896.9], [1.923, 35775.9], [1.9231, 59952.4], [1.9232, 37918.3], [1.9233, 35244.3], [1.9234, 14358.2], [1.9235, 36657.6], [1.9236, 19565.6], [1.9237, 34208.7]], "timestamp": "2025-12-17T06:44:39.307003+00:00"}, {"symbol": "XRPUSDT", "bids": [[1.9222, 24486.9], [1.9221, 2992.5], [1.922, 9643.4], [1.9219, 29104.9], [1.9218, 53091.8], [1.9217, 56895.9], [1.9216, 53633.5], [1.9215, 47103.9], [1.9214, 59255.2], [1.9213, 56342.1], [1.9212, 31568.3], [1.9211, 27050.2], [1.921, 32676.9], [1.9209, 60098.2], [1.9208, 57309.2], [1.9207, 105381.9], [1.9206, 22537.0], [1.9205, 45955.3], [1.9204, 39525.8], [1.9203, 23044.8]], "asks": [[1.9223, 25200.1], [1.9224, 22864.1], [1.9225, 18120.5], [1.9226, 27371.6], [1.9227, 47764.4], [1.9228, 41955.4], [1.9229, 38819.0], [1.923, 55651.7], [1.9231, 62891.9], [1.9232, 117149.5], [1.9233, 44120.9], [1.9234, 20183.7], [1.9235, 48770.0], [1.9236, 22405.1], [1.9237, 31780.7], [1.9238, 39279.1], [1.9239, 48087.1], [1.924, 59234.6], [1.9241, 46520.0], [1.9242, 26493.6]], "timestamp": "2025-12-17T06:45:30.815889+00:00"}, {"symbol": "XRPUSDT", "bids": [[1.9214, 14243.7], [1.9213, 11912.4], [1.9212, 12002.8], [1.9211, 11247.9], [1.921, 20876.3], [1.9209, 73984.2], [1.9208, 68943.6], [1.9207, 46085.9], [1.9206, 30075.4], [1.9205, 52208.1], [1.9204, 42295.0], [1.9203, 25438.2], [1.9202, 38089.9], [1.9201, 78727.8], [1.92, 117174.9], [1.9199, 16594.1], [1.9198, 19357.9], [1.9197, 42403.0], [1.9196, 53438.9], [1.9195, 32191.6]], "asks": [[1.9215, 21146.9], [1.9216, 39020.7], [1.9217, 36109.8], [1.9218, 50276.8], [1.9219, 32355.7], [1.922, 44749.0], [1.9221, 78348.3], [1.9222, 86562.8], [1.9223, 38588.9], [1.9224, 37903.9], [1.9225, 139525.9], [1.9226, 30672.8], [1.9227, 50592.3], [1.9228, 24626.2], [1.9229, 35770.9], [1.923, 34355.0], [1.9231, 37630.3], [1.9232, 23436.5], [1.9233, 37428.9], [1.9234, 29183.1]], "timestamp": "2025-12-17T06:46:22.689107+00:00"}, {"symbol": "XRPUSDT", "bids": [[1.9217, 13811.0], [1.9216, 3056.4], [1.9215, 11998.4], [1.9214, 24768.2], [1.9213, 36576.7], [1.9212, 21816.2], [1.9211, 34877.4], [1.921, 50803.4], [1.9209, 66814.9], [1.9208, 35148.6], [1.9207, 39474.5], [1.9206, 28448.0], [1.9205, 54340.4], [1.9204, 61093.6], [1.9203, 108771.5], [1.9202, 19901.4], [1.9201, 60424.2], [1.92, 49106.8], [1.9199, 23452.9], [1.9198, 67906.0]], "asks": [[1.9218, 23287.7], [1.9219, 18448.5], [1.922, 33388.1], [1.9221, 37180.9], [1.9222, 43650.5], [1.9223, 53823.3], [1.9224, 28006.3], [1.9225, 40452.0], [1.9226, 45496.0], [1.9227, 158421.9], [1.9228, 29000.1], [1.9229, 38861.0], [1.923, 46262.8], [1.9231, 42567.8], [1.9232, 24339.3], [1.9233, 30815.6], [1.9234, 24057.9], [1.9235, 47713.3], [1.9236, 24693.1], [1.9237, 27589.9]], "timestamp": "2025-12-17T06:47:14.069950+00:00"}, {"symbol": "XRPUSDT", "bids": [[1.9203, 11814.1], [1.9202, 5467.1], [1.9201, 14361.7], [1.92, 17293.0], [1.9199, 15757.4], [1.9198, 32513.8], [1.9197, 31946.4], [1.9196, 68901.8], [1.9195, 44649.4], [1.9194, 31525.8], [1.9193, 14108.9], [1.9192, 27801.9], [1.9191, 65051.6], [1.919, 100685.6], [1.9189, 35372.8], [1.9188, 16396.3], [1.9187, 16150.9], [1.9186, 53850.7], [1.9185, 52013.6], [1.9184, 34861.2]], "asks": [[1.9204, 21755.3], [1.9205, 14762.7], [1.9206, 34893.5], [1.9207, 50494.6], [1.9208, 41332.4], [1.9209, 54213.3], [1.921, 63639.3], [1.9211, 58666.3], [1.9212, 39497.3], [1.9213, 71896.1], [1.9214, 122755.7], [1.9215, 45664.9], [1.9216, 19671.9], [1.9217, 38652.5], [1.9218, 39515.5], [1.9219, 43764.8], [1.922, 53243.4], [1.9221, 34516.8], [1.9222, 28842.8], [1.9223, 57662.3]], "timestamp": "2025-12-17T06:48:05.521207+00:00"}, {"symbol": "XRPUSDT", "bids": [[1.9209, 21029.7], [1.9208, 3459.0], [1.9207, 17189.4], [1.9206, 11332.4], [1.9205, 37026.1], [1.9204, 35319.8], [1.9203, 38808.3], [1.9202, 53502.7], [1.9201, 77641.7], [1.92, 55929.2], [1.9199, 14444.0], [1.9198, 27497.6], [1.9197, 36566.1], [1.9196, 118048.7], [1.9195, 33004.5], [1.9194, 33346.0], [1.9193, 14206.7], [1.9192, 27657.0], [1.9191, 64316.8], [1.919, 86788.8]], "asks": [[1.921, 10341.9], [1.9211, 5388.7], [1.9212, 29366.0], [1.9213, 39003.9], [1.9214, 44786.3], [1.9215, 74474.0], [1.9216, 37578.0], [1.9217, 54665.4], [1.9218, 36836.0], [1.9219, 136144.9], [1.922, 29645.9], [1.9221, 33501.3], [1.9222, 28402.8], [1.9223, 59961.5], [1.9224, 27045.7], [1.9225, 33980.9], [1.9226, 28047.7], [1.9227, 43925.3], [1.9228, 16399.3], [1.9229, 39084.7]], "timestamp": "2025-12-17T06:48:56.935166+00:00"}, {"symbol": "XRPUSDT", "bids": [[1.9216, 34941.5], [1.9215, 22859.6], [1.9214, 24418.6], [1.9213, 30336.6], [1.9212, 36270.7], [1.9211, 23371.5], [1.921, 31371.4], [1.9209, 49665.5], [1.9208, 98820.0], [1.9207, 82149.8], [1.9206, 27141.1], [1.9205, 27349.2], [1.9204, 45496.2], [1.9203, 30786.2], [1.9202, 110133.2], [1.9201, 43885.4], [1.92, 58764.0], [1.9199, 25561.2], [1.9198, 33011.7], [1.9197, 27329.9]], "asks": [[1.9217, 34770.6], [1.9218, 3314.4], [1.9219, 16588.5], [1.922, 34144.3], [1.9221, 45540.8], [1.9222, 55099.1], [1.9223, 95916.8], [1.9224, 20481.9], [1.9225, 44779.9], [1.9226, 45175.7], [1.9227, 132852.0], [1.9228, 37271.9], [1.9229, 29464.8], [1.923, 48633.9], [1.9231, 52387.8], [1.9232, 30163.4], [1.9233, 39729.4], [1.9234, 28884.0], [1.9235, 43849.5], [1.9236, 23051.4]], "timestamp": "2025-12-17T06:49:48.382472+00:00"}, {"symbol": "XRPUSDT", "bids": [[1.9219, 52693.1], [1.9218, 2328.8], [1.9217, 15796.2], [1.9216, 12095.8], [1.9215, 19194.4], [1.9214, 39993.1], [1.9213, 62425.6], [1.9212, 87413.8], [1.9211, 59103.0], [1.921, 49663.3], [1.9209, 43872.3], [1.9208, 70145.6], [1.9207, 37310.1], [1.9206, 38182.9], [1.9205, 120356.4], [1.9204, 38071.1], [1.9203, 15363.8], [1.9202, 22666.5], [1.9201, 64892.4], [1.92, 90744.8]], "asks": [[1.922, 31389.5], [1.9221, 17477.4], [1.9222, 42605.9], [1.9223, 55333.2], [1.9224, 39708.1], [1.9225, 38978.4], [1.9226, 56671.7], [1.9227, 49575.2], [1.9228, 41750.9], [1.9229, 54121.9], [1.923, 135249.0], [1.9231, 51615.3], [1.9232, 27596.0], [1.9233, 43260.8], [1.9234, 26934.5], [1.9235, 37581.3], [1.9236, 16050.7], [1.9237, 28891.8], [1.9238, 39439.6], [1.9239, 83188.6]], "timestamp": "2025-12-17T06:50:40.253729+00:00"}, {"symbol": "XRPUSDT", "bids": [[1.922, 14116.0], [1.9219, 9549.9], [1.9218, 16000.3], [1.9217, 11165.4], [1.9216, 22351.0], [1.9215, 35353.8], [1.9214, 79829.7], [1.9213, 55323.0], [1.9212, 83347.2], [1.9211, 47900.6], [1.921, 36950.3], [1.9209, 28930.9], [1.9208, 57162.4], [1.9207, 41759.3], [1.9206, 95657.4], [1.9205, 31050.8], [1.9204, 33811.9], [1.9203, 16752.1], [1.9202, 20727.2], [1.9201, 46987.2]], "asks": [[1.9221, 14750.8], [1.9222, 21904.4], [1.9223, 23417.7], [1.9224, 31157.6], [1.9225, 44110.3], [1.9226, 68500.6], [1.9227, 48365.2], [1.9228, 61076.4], [1.9229, 48175.4], [1.923, 156105.3], [1.9231, 40906.6], [1.9232, 26830.3], [1.9233, 39455.6], [1.9234, 32666.9], [1.9235, 45819.8], [1.9236, 15437.6], [1.9237, 22589.3], [1.9238, 27730.8], [1.9239, 56868.2], [1.924, 53972.8]], "timestamp": "2025-12-17T06:51:31.834046+00:00"}, {"symbol": "XRPUSDT", "bids": [[1.9217, 8369.0], [1.9216, 1905.0], [1.9215, 15659.6], [1.9214, 18759.5], [1.9213, 29187.9], [1.9212, 37792.7], [1.9211, 34694.3], [1.921, 49157.0], [1.9209, 48578.3], [1.9208, 66875.7], [1.9207, 24880.5], [1.9206, 26127.9], [1.9205, 37632.3], [1.9204, 36431.8], [1.9203, 23764.5], [1.9202, 103774.8], [1.9201, 38093.2], [1.92, 74318.1], [1.9199, 27512.5], [1.9198, 32877.5]], "asks": [[1.9218, 37623.0], [1.9219, 18177.3], [1.922, 31641.2], [1.9221, 31772.4], [1.9222, 35729.1], [1.9223, 65671.2], [1.9224, 72530.1], [1.9225, 39403.6], [1.9226, 126611.1], [1.9227, 46652.2], [1.9228, 29112.6], [1.9229, 35301.8], [1.923, 72276.3], [1.9231, 49632.0], [1.9232, 27105.7], [1.9233, 40505.8], [1.9234, 22385.9], [1.9235, 56601.9], [1.9236, 27560.0], [1.9237, 22766.4]], "timestamp": "2025-12-17T06:52:23.314396+00:00"}, {"symbol": "XRPUSDT", "bids": [[1.9213, 19182.2], [1.9212, 3288.9], [1.9211, 13628.9], [1.921, 17392.7], [1.9209, 18075.0], [1.9208, 42161.5], [1.9207, 50367.1], [1.9206, 37653.5], [1.9205, 27754.0], [1.9204, 46882.9], [1.9203, 20095.8], [1.9202, 23955.4], [1.9201, 36473.0], [1.92, 48451.8], [1.9199, 49877.9], [1.9198, 95066.1], [1.9197, 20376.8], [1.9196, 43586.2], [1.9195, 70592.6], [1.9194, 64211.3]], "asks": [[1.9214, 17360.1], [1.9215, 39347.3], [1.9216, 35499.9], [1.9217, 47296.9], [1.9218, 47579.0], [1.9219, 80037.1], [1.922, 81705.5], [1.9221, 58163.4], [1.9222, 39280.6], [1.9223, 156119.1], [1.9224, 20444.6], [1.9225, 31047.5], [1.9226, 27008.0], [1.9227, 64118.4], [1.9228, 34956.5], [1.9229, 37110.1], [1.923, 70758.6], [1.9231, 42588.0], [1.9232, 36870.1], [1.9233, 49300.5]], "timestamp": "2025-12-17T06:53:14.769484+00:00"}, {"symbol": "XRPUSDT", "bids": [[1.9212, 35771.5], [1.9211, 35424.9], [1.921, 59232.1], [1.9209, 26414.7], [1.9208, 32475.9], [1.9207, 52818.8], [1.9206, 35791.8], [1.9205, 25328.7], [1.9204, 48943.2], [1.9203, 29038.2], [1.9202, 24502.2], [1.9201, 35054.0], [1.92, 57185.7], [1.9199, 99387.1], [1.9198, 28821.6], [1.9197, 19102.2], [1.9196, 39877.9], [1.9195, 32549.6], [1.9194, 40598.3], [1.9193, 13471.4]], "asks": [[1.9213, 10550.4], [1.9214, 5178.5], [1.9215, 24561.3], [1.9216, 40293.2], [1.9217, 47560.2], [1.9218, 44396.5], [1.9219, 58122.4], [1.922, 51575.6], [1.9221, 45843.0], [1.9222, 53686.0], [1.9223, 59477.0], [1.9224, 124594.4], [1.9225, 49170.2], [1.9226, 34839.4], [1.9227, 51044.1], [1.9228, 26213.4], [1.9229, 28774.4], [1.923, 74989.6], [1.9231, 40082.9], [1.9232, 31121.5]], "timestamp": "2025-12-17T06:54:06.111223+00:00"}, {"symbol": "XRPUSDT", "bids": [[1.921, 25587.5], [1.9209, 24639.4], [1.9208, 38239.1], [1.9207, 46025.9], [1.9206, 36442.1], [1.9205, 15266.3], [1.9204, 30990.6], [1.9203, 69664.3], [1.9202, 58921.0], [1.9201, 35386.5], [1.92, 26868.5], [1.9199, 18517.4], [1.9198, 33704.1], [1.9197, 92301.8], [1.9196, 50660.8], [1.9195, 74147.5], [1.9194, 22819.3], [1.9193, 16465.7], [1.9192, 34342.4], [1.9191, 65501.2]], "asks": [[1.9211, 8306.5], [1.9212, 11823.2], [1.9213, 36855.4], [1.9214, 28714.7], [1.9215, 48826.4], [1.9216, 44016.9], [1.9217, 52926.0], [1.9218, 76652.0], [1.9219, 46057.8], [1.922, 49950.3], [1.9221, 49043.7], [1.9222, 123978.8], [1.9223, 55047.7], [1.9224, 31971.1], [1.9225, 39850.4], [1.9226, 26312.7], [1.9227, 52973.7], [1.9228, 30412.0], [1.9229, 28638.4], [1.923, 65683.6]], "timestamp": "2025-12-17T06:54:57.620930+00:00"}, {"symbol": "XRPUSDT", "bids": [[1.92, 15080.5], [1.9199, 5868.8], [1.9198, 16158.5], [1.9197, 13452.2], [1.9196, 14100.8], [1.9195, 18521.1], [1.9194, 29056.4], [1.9193, 62627.1], [1.9192, 23486.6], [1.9191, 47902.3], [1.919, 66431.8], [1.9189, 37919.0], [1.9188, 31357.7], [1.9187, 92191.2], [1.9186, 50035.9], [1.9185, 16975.9], [1.9184, 23379.1], [1.9183, 84393.7], [1.9182, 45990.2], [1.9181, 36278.6]], "asks": [[1.9201, 8088.0], [1.9202, 14271.0], [1.9203, 30233.0], [1.9204, 40099.5], [1.9205, 46107.5], [1.9206, 82741.1], [1.9207, 87665.9], [1.9208, 57505.4], [1.9209, 49034.8], [1.921, 83421.5], [1.9211, 119498.6], [1.9212, 36441.9], [1.9213, 25198.7], [1.9214, 41642.6], [1.9215, 46505.2], [1.9216, 23734.0], [1.9217, 32040.1], [1.9218, 31438.4], [1.9219, 45082.5], [1.922, 46071.2]], "timestamp": "2025-12-17T06:55:49.939948+00:00"}, {"symbol": "XRPUSDT", "bids": [[1.9195, 24167.0], [1.9194, 9874.8], [1.9193, 10694.3], [1.9192, 11518.9], [1.9191, 22376.7], [1.919, 66669.1], [1.9189, 67943.1], [1.9188, 21179.7], [1.9187, 34826.5], [1.9186, 48556.9], [1.9185, 20205.5], [1.9184, 26213.1], [1.9183, 42038.8], [1.9182, 62085.8], [1.9181, 96372.5], [1.918, 44724.9], [1.9179, 24922.2], [1.9178, 67733.3], [1.9177, 37982.8], [1.9176, 49460.5]], "asks": [[1.9196, 17912.0], [1.9197, 24363.4], [1.9198, 20101.2], [1.9199, 32876.1], [1.92, 38891.6], [1.9201, 49295.2], [1.9202, 85535.7], [1.9203, 38970.2], [1.9204, 47077.9], [1.9205, 61969.4], [1.9206, 131780.9], [1.9207, 24443.5], [1.9208, 52836.8], [1.9209, 45134.6], [1.921, 53267.3], [1.9211, 25103.7], [1.9212, 30439.7], [1.9213, 29962.3], [1.9214, 32628.6], [1.9215, 46694.3]], "timestamp": "2025-12-17T06:56:41.356076+00:00"}, {"symbol": "XRPUSDT", "bids": [[1.9206, 22981.3], [1.9205, 23958.4], [1.9204, 21808.3], [1.9203, 12573.6], [1.9202, 16838.7], [1.9201, 40189.5], [1.92, 40783.0], [1.9199, 78712.5], [1.9198, 50559.1], [1.9197, 46079.4], [1.9196, 24971.6], [1.9195, 81412.9], [1.9194, 106774.2], [1.9193, 29919.3], [1.9192, 21486.2], [1.9191, 42559.4], [1.919, 69995.2], [1.9189, 29916.9], [1.9188, 49142.5], [1.9187, 32141.9]], "asks": [[1.9207, 8063.1], [1.9208, 5586.0], [1.9209, 13427.7], [1.921, 27993.9], [1.9211, 41354.4], [1.9212, 50743.3], [1.9213, 79359.6], [1.9214, 37368.7], [1.9215, 57226.7], [1.9216, 27447.4], [1.9217, 40624.2], [1.9218, 107066.3], [1.9219, 43867.7], [1.922, 43612.7], [1.9221, 35587.7], [1.9222, 42263.7], [1.9223, 62394.1], [1.9224, 37939.0], [1.9225, 42450.3], [1.9226, 25698.5]], "timestamp": "2025-12-17T06:57:32.852989+00:00"}, {"symbol": "XRPUSDT", "bids": [[1.9208, 4335.6], [1.9207, 13837.7], [1.9206, 17870.4], [1.9205, 25434.9], [1.9204, 21155.0], [1.9203, 40538.3], [1.9202, 23891.4], [1.9201, 60558.2], [1.92, 37272.8], [1.9199, 82817.6], [1.9198, 35029.7], [1.9197, 20994.1], [1.9196, 25108.0], [1.9195, 71773.3], [1.9194, 110101.1], [1.9193, 19742.5], [1.9192, 19178.5], [1.9191, 42799.1], [1.919, 88535.3], [1.9189, 30810.8]], "asks": [[1.9209, 27783.8], [1.921, 11224.9], [1.9211, 23775.2], [1.9212, 27328.4], [1.9213, 40752.1], [1.9214, 36222.9], [1.9215, 67365.3], [1.9216, 50831.8], [1.9217, 57866.3], [1.9218, 33482.9], [1.9219, 124683.6], [1.922, 40996.7], [1.9221, 40591.5], [1.9222, 42587.8], [1.9223, 59913.5], [1.9224, 24412.2], [1.9225, 36571.9], [1.9226, 24627.2], [1.9227, 44115.5], [1.9228, 17561.5]], "timestamp": "2025-12-17T06:58:24.190445+00:00"}, {"symbol": "XRPUSDT", "bids": [[1.9209, 19034.6], [1.9208, 28948.4], [1.9207, 29836.5], [1.9206, 37699.5], [1.9205, 34522.0], [1.9204, 42530.7], [1.9203, 57448.9], [1.9202, 34182.7], [1.9201, 59152.1], [1.92, 35660.3], [1.9199, 43893.6], [1.9198, 33213.1], [1.9197, 35500.8], [1.9196, 105730.5], [1.9195, 68976.5], [1.9194, 25234.2], [1.9193, 19948.7], [1.9192, 19175.6], [1.9191, 42083.6], [1.919, 73757.8]], "asks": [[1.921, 20406.6], [1.9211, 15469.8], [1.9212, 18860.7], [1.9213, 16954.1], [1.9214, 34997.5], [1.9215, 62538.7], [1.9216, 47644.6], [1.9217, 60708.2], [1.9218, 32393.5], [1.9219, 42916.0], [1.922, 52770.2], [1.9221, 132240.3], [1.9222, 39190.4], [1.9223, 56777.0], [1.9224, 26432.9], [1.9225, 34640.9], [1.9226, 36425.6], [1.9227, 41562.9], [1.9228, 22029.6], [1.9229, 34134.9]], "timestamp": "2025-12-17T06:59:15.785105+00:00"}, {"symbol": "XRPUSDT", "bids": [[1.9213, 14028.8], [1.9212, 8313.4], [1.9211, 7369.6], [1.921, 12388.5], [1.9209, 19951.2], [1.9208, 46974.8], [1.9207, 85343.3], [1.9206, 18721.1], [1.9205, 24822.1], [1.9204, 33286.8], [1.9203, 43813.5], [1.9202, 20693.3], [1.9201, 39536.9], [1.92, 39596.3], [1.9199, 54066.3], [1.9198, 100092.2], [1.9197, 14339.3], [1.9196, 23043.9], [1.9195, 74400.9], [1.9194, 48585.7]], "asks": [[1.9214, 14830.5], [1.9215, 29059.1], [1.9216, 36626.2], [1.9217, 67020.8], [1.9218, 44412.2], [1.9219, 48843.6], [1.922, 87627.5], [1.9221, 90046.4], [1.9222, 62977.7], [1.9223, 34395.9], [1.9224, 49788.9], [1.9225, 134037.9], [1.9226, 32149.7], [1.9227, 27542.0], [1.9228, 21044.6], [1.9229, 35632.2], [1.923, 66282.4], [1.9231, 54503.8], [1.9232, 31097.4], [1.9233, 25810.4]], "timestamp": "2025-12-17T07:00:07.449227+00:00"}, {"symbol": "XRPUSDT", "bids": [[1.9212, 10482.3], [1.9211, 12902.4], [1.921, 27337.9], [1.9209, 31420.4], [1.9208, 30143.6], [1.9207, 112813.2], [1.9206, 43502.8], [1.9205, 46749.7], [1.9204, 27926.2], [1.9203, 65832.2], [1.9202, 26998.9], [1.9201, 26287.6], [1.92, 22686.1], [1.9199, 45235.0], [1.9198, 32945.1], [1.9197, 97013.1], [1.9196, 22267.7], [1.9195, 63503.7], [1.9194, 39197.2], [1.9193, 24351.5]], "asks": [[1.9213, 49353.1], [1.9214, 37433.2], [1.9215, 21652.1], [1.9216, 31321.8], [1.9217, 44795.8], [1.9218, 40235.3], [1.9219, 89433.6], [1.922, 34194.0], [1.9221, 58839.6], [1.9222, 30583.6], [1.9223, 47861.5], [1.9224, 113997.0], [1.9225, 48978.1], [1.9226, 27638.0], [1.9227, 24334.7], [1.9228, 18704.1], [1.9229, 27318.3], [1.923, 57148.3], [1.9231, 57592.9], [1.9232, 26796.0]], "timestamp": "2025-12-17T07:00:58.803112+00:00"}, {"symbol": "XRPUSDT", "bids": [[1.9234, 11752.4], [1.9233, 2755.9], [1.9232, 11446.7], [1.9231, 27358.0], [1.923, 37786.6], [1.9229, 24543.0], [1.9228, 45159.4], [1.9227, 87525.3], [1.9226, 79811.5], [1.9225, 34203.2], [1.9224, 34827.6], [1.9223, 41874.9], [1.9222, 38733.9], [1.9221, 22445.5], [1.922, 45047.9], [1.9219, 132670.4], [1.9218, 13874.0], [1.9217, 15154.9], [1.9216, 21920.7], [1.9215, 61505.7]], "asks": [[1.9235, 31855.4], [1.9236, 15217.1], [1.9237, 30730.5], [1.9238, 33429.2], [1.9239, 69252.3], [1.924, 59862.5], [1.9241, 51294.3], [1.9242, 61282.4], [1.9243, 39278.6], [1.9244, 35659.6], [1.9245, 47012.0], [1.9246, 106808.0], [1.9247, 36311.7], [1.9248, 28119.0], [1.9249, 36828.4], [1.925, 86892.2], [1.9251, 63459.7], [1.9252, 16348.4], [1.9253, 21675.2], [1.9254, 25299.0]], "timestamp": "2025-12-17T07:01:50.601050+00:00"}, {"symbol": "XRPUSDT", "bids": [[1.9224, 6904.1], [1.9223, 5621.4], [1.9222, 20284.1], [1.9221, 10342.9], [1.922, 19543.2], [1.9219, 43226.1], [1.9218, 37391.3], [1.9217, 17628.9], [1.9216, 39499.3], [1.9215, 53439.6], [1.9214, 34898.0], [1.9213, 35786.8], [1.9212, 24399.7], [1.9211, 42419.6], [1.921, 46668.8], [1.9209, 98498.9], [1.9208, 32002.3], [1.9207, 87896.4], [1.9206, 28054.3], [1.9205, 21319.0]], "asks": [[1.9225, 17653.8], [1.9226, 25264.8], [1.9227, 40801.7], [1.9228, 39260.4], [1.9229, 57045.8], [1.923, 96215.9], [1.9231, 52424.2], [1.9232, 81041.3], [1.9233, 68190.9], [1.9234, 52596.9], [1.9235, 129327.5], [1.9236, 18599.1], [1.9237, 25692.1], [1.9238, 35622.2], [1.9239, 70585.3], [1.924, 64943.9], [1.9241, 32575.9], [1.9242, 22487.6], [1.9243, 37212.5], [1.9244, 25176.2]], "timestamp": "2025-12-17T07:02:41.950649+00:00"}, {"symbol": "XRPUSDT", "bids": [[1.9236, 8208.6], [1.9235, 17262.3], [1.9234, 16561.3], [1.9233, 34812.8], [1.9232, 55640.1], [1.9231, 46959.7], [1.923, 97791.7], [1.9229, 64902.4], [1.9228, 41809.1], [1.9227, 37380.1], [1.9226, 15904.0], [1.9225, 26486.0], [1.9224, 49996.9], [1.9223, 23014.2], [1.9222, 36584.9], [1.9221, 111391.0], [1.922, 54248.4], [1.9219, 23403.5], [1.9218, 29339.5], [1.9217, 47233.3]], "asks": [[1.9237, 14207.5], [1.9238, 19013.8], [1.9239, 31392.2], [1.924, 41343.0], [1.9241, 50367.4], [1.9242, 65136.8], [1.9243, 46458.6], [1.9244, 50267.8], [1.9245, 38811.0], [1.9246, 22608.5], [1.9247, 45613.0], [1.9248, 115951.3], [1.9249, 28221.9], [1.925, 95500.9], [1.9251, 52689.3], [1.9252, 19544.0], [1.9253, 26234.8], [1.9254, 25539.6], [1.9255, 36626.5], [1.9256, 47231.3]], "timestamp": "2025-12-17T07:03:33.561596+00:00"}, {"symbol": "XRPUSDT", "bids": [[1.9241, 22301.6], [1.924, 15145.7], [1.9239, 39996.9], [1.9238, 58955.3], [1.9237, 56674.8], [1.9236, 103701.4], [1.9235, 62751.3], [1.9234, 68179.0], [1.9233, 68671.7], [1.9232, 59625.6], [1.9231, 25361.0], [1.923, 27028.0], [1.9229, 35307.9], [1.9228, 54794.7], [1.9227, 34577.1], [1.9226, 102340.6], [1.9225, 28458.2], [1.9224, 46191.8], [1.9223, 23412.2], [1.9222, 41209.9]], "asks": [[1.9242, 4384.9], [1.9243, 11425.8], [1.9244, 14374.3], [1.9245, 28094.7], [1.9246, 43117.5], [1.9247, 70123.8], [1.9248, 59254.2], [1.9249, 35862.1], [1.925, 94359.9], [1.9251, 45286.1], [1.9252, 26174.8], [1.9253, 31605.2], [1.9254, 106541.7], [1.9255, 30172.4], [1.9256, 62718.8], [1.9257, 32858.4], [1.9258, 31540.1], [1.9259, 33786.4], [1.926, 61527.6], [1.9261, 25916.3]], "timestamp": "2025-12-17T07:04:25.081341+00:00"}, {"symbol": "XRPUSDT", "bids": [[1.9235, 1591.4], [1.9234, 5891.4], [1.9233, 11137.2], [1.9232, 12196.6], [1.9231, 14181.8], [1.923, 21484.9], [1.9229, 49122.1], [1.9228, 66985.6], [1.9227, 48575.7], [1.9226, 41299.4], [1.9225, 34558.7], [1.9224, 54472.2], [1.9223, 26416.6], [1.9222, 23056.2], [1.9221, 46886.8], [1.922, 143557.4], [1.9219, 21922.0], [1.9218, 16643.1], [1.9217, 46519.6], [1.9216, 42060.6]], "asks": [[1.9236, 33093.8], [1.9237, 32152.2], [1.9238, 37224.9], [1.9239, 70207.6], [1.924, 60883.9], [1.9241, 61697.2], [1.9242, 73929.4], [1.9243, 58381.4], [1.9244, 27524.6], [1.9245, 152150.3], [1.9246, 24890.5], [1.9247, 53953.5], [1.9248, 25026.7], [1.9249, 43429.0], [1.925, 78768.3], [1.9251, 65329.7], [1.9252, 37071.2], [1.9253, 16374.0], [1.9254, 21733.3], [1.9255, 39210.7]], "timestamp": "2025-12-17T07:05:16.699074+00:00"}, {"symbol": "XRPUSDT", "bids": [[1.9241, 25852.4], [1.924, 5039.3], [1.9239, 11967.1], [1.9238, 13539.6], [1.9237, 27960.8], [1.9236, 64033.6], [1.9235, 48317.9], [1.9234, 29416.2], [1.9233, 42180.4], [1.9232, 43150.3], [1.9231, 17258.3], [1.923, 30151.2], [1.9229, 48615.8], [1.9228, 120323.9], [1.9227, 28596.9], [1.9226, 18723.3], [1.9225, 38583.3], [1.9224, 52708.0], [1.9223, 65074.4], [1.9222, 22960.0]], "asks": [[1.9242, 17086.9], [1.9243, 6924.1], [1.9244, 20801.7], [1.9245, 30426.6], [1.9246, 27591.3], [1.9247, 77885.1], [1.9248, 38411.5], [1.9249, 47391.8], [1.925, 74234.6], [1.9251, 81301.6], [1.9252, 17221.3], [1.9253, 33226.2], [1.9254, 113240.4], [1.9255, 36150.7], [1.9256, 52023.3], [1.9257, 29769.2], [1.9258, 26753.8], [1.9259, 35872.9], [1.926, 62610.2], [1.9261, 28403.5]], "timestamp": "2025-12-17T07:06:08.290423+00:00"}, {"symbol": "XRPUSDT", "bids": [[1.9247, 25114.8], [1.9246, 24223.3], [1.9245, 30838.9], [1.9244, 27385.1], [1.9243, 30163.1], [1.9242, 36920.3], [1.9241, 44618.9], [1.924, 52906.6], [1.9239, 32533.2], [1.9238, 17945.1], [1.9237, 28944.7], [1.9236, 37666.5], [1.9235, 40971.1], [1.9234, 93215.2], [1.9233, 40222.3], [1.9232, 41305.1], [1.9231, 15615.0], [1.923, 40714.6], [1.9229, 23629.5], [1.9228, 46799.9]], "asks": [[1.9248, 4107.0], [1.9249, 1933.0], [1.925, 6172.9], [1.9251, 23000.1], [1.9252, 43801.2], [1.9253, 54287.5], [1.9254, 56229.5], [1.9255, 84649.1], [1.9256, 44411.1], [1.9257, 25456.7], [1.9258, 31294.0], [1.9259, 56070.1], [1.926, 125182.7], [1.9261, 18353.4], [1.9262, 34134.4], [1.9263, 66912.0], [1.9264, 25987.5], [1.9265, 30872.9], [1.9266, 38966.7], [1.9267, 27305.4]], "timestamp": "2025-12-17T07:06:59.773156+00:00"}, {"symbol": "XRPUSDT", "bids": [[1.9233, 4225.4], [1.9232, 10091.9], [1.9231, 11723.5], [1.923, 16854.4], [1.9229, 21756.7], [1.9228, 18315.9], [1.9227, 40675.0], [1.9226, 30354.8], [1.9225, 61327.8], [1.9224, 54215.2], [1.9223, 26397.0], [1.9222, 23708.5], [1.9221, 33860.0], [1.922, 75736.4], [1.9219, 93032.6], [1.9218, 14771.8], [1.9217, 22256.4], [1.9216, 63181.0], [1.9215, 118771.6], [1.9214, 28603.0]], "asks": [[1.9234, 17101.9], [1.9235, 22796.1], [1.9236, 37307.3], [1.9237, 41209.9], [1.9238, 57606.3], [1.9239, 61215.2], [1.924, 45224.8], [1.9241, 49631.2], [1.9242, 51841.5], [1.9243, 47921.9], [1.9244, 128841.0], [1.9245, 35150.4], [1.9246, 25320.4], [1.9247, 42109.3], [1.9248, 33438.0], [1.9249, 27462.9], [1.925, 49458.2], [1.9251, 45417.5], [1.9252, 22801.3], [1.9253, 19073.1]], "timestamp": "2025-12-17T07:07:51.112791+00:00"}, {"symbol": "XRPUSDT", "bids": [[1.9234, 14160.1], [1.9233, 25523.1], [1.9232, 23609.4], [1.9231, 23778.7], [1.923, 14768.2], [1.9229, 28820.9], [1.9228, 80289.5], [1.9227, 81107.3], [1.9226, 67118.6], [1.9225, 40463.4], [1.9224, 31268.7], [1.9223, 45636.9], [1.9222, 18331.2], [1.9221, 39471.8], [1.922, 117871.6], [1.9219, 45393.6], [1.9218, 18842.9], [1.9217, 14969.1], [1.9216, 24900.4], [1.9215, 84933.7]], "asks": [[1.9235, 13655.3], [1.9236, 11423.7], [1.9237, 20916.4], [1.9238, 37738.2], [1.9239, 39023.1], [1.924, 28457.0], [1.9241, 38860.0], [1.9242, 62803.9], [1.9243, 30934.2], [1.9244, 35418.7], [1.9245, 112175.7], [1.9246, 31705.5], [1.9247, 52998.5], [1.9248, 33769.4], [1.9249, 39193.7], [1.925, 49270.3], [1.9251, 43396.3], [1.9252, 28545.0], [1.9253, 26744.8], [1.9254, 55416.5]], "timestamp": "2025-12-17T07:08:43.682790+00:00"}, {"symbol": "XRPUSDT", "bids": [[1.923, 2083.6], [1.9229, 4101.9], [1.9228, 10547.8], [1.9227, 13443.2], [1.9226, 42524.2], [1.9225, 45055.0], [1.9224, 50054.5], [1.9223, 49647.4], [1.9222, 46711.4], [1.9221, 34825.8], [1.922, 46105.6], [1.9219, 48030.1], [1.9218, 18095.3], [1.9217, 17245.3], [1.9216, 25820.1], [1.9215, 158392.3], [1.9214, 21080.7], [1.9213, 51599.9], [1.9212, 22416.1], [1.9211, 51135.2]], "asks": [[1.9231, 32085.3], [1.9232, 31687.9], [1.9233, 43689.7], [1.9234, 53885.5], [1.9235, 23270.2], [1.9236, 26430.4], [1.9237, 60298.6], [1.9238, 63665.5], [1.9239, 31783.0], [1.924, 92559.3], [1.9241, 30102.1], [1.9242, 48007.8], [1.9243, 20114.4], [1.9244, 33221.7], [1.9245, 29234.1], [1.9246, 36919.5], [1.9247, 50435.8], [1.9248, 27600.6], [1.9249, 26508.9], [1.925, 71279.5]], "timestamp": "2025-12-17T07:09:35.553241+00:00"}, {"symbol": "XRPUSDT", "bids": [[1.9211, 13067.2], [1.921, 931.3], [1.9209, 2825.5], [1.9208, 8558.9], [1.9207, 17136.5], [1.9206, 29307.8], [1.9205, 27561.6], [1.9204, 51646.1], [1.9203, 82892.1], [1.9202, 25090.5], [1.9201, 37063.6], [1.92, 33682.2], [1.9199, 45843.2], [1.9198, 28568.4], [1.9197, 15631.6], [1.9196, 37785.9], [1.9195, 135922.7], [1.9194, 50827.5], [1.9193, 14640.4], [1.9192, 26563.8]], "asks": [[1.9212, 26159.7], [1.9213, 27622.8], [1.9214, 39425.9], [1.9215, 32710.2], [1.9216, 51248.4], [1.9217, 27348.9], [1.9218, 26797.1], [1.9219, 50464.8], [1.922, 77547.8], [1.9221, 167355.3], [1.9222, 62359.6], [1.9223, 25188.5], [1.9224, 22885.1], [1.9225, 50269.1], [1.9226, 44373.2], [1.9227, 26920.9], [1.9228, 32768.9], [1.9229, 31621.3], [1.923, 43127.4], [1.9231, 22407.8]], "timestamp": "2025-12-17T07:10:27.383256+00:00"}, {"symbol": "XRPUSDT", "bids": [[1.921, 31553.8], [1.9209, 7650.8], [1.9208, 29005.3], [1.9207, 33895.1], [1.9206, 18460.0], [1.9205, 56498.8], [1.9204, 97014.0], [1.9203, 43757.1], [1.9202, 47448.5], [1.9201, 51454.1], [1.92, 47734.8], [1.9199, 16055.1], [1.9198, 37142.8], [1.9197, 34035.7], [1.9196, 57459.1], [1.9195, 99823.8], [1.9194, 17181.4], [1.9193, 24049.5], [1.9192, 29697.9], [1.9191, 35976.6]], "asks": [[1.9211, 15439.9], [1.9212, 1773.3], [1.9213, 9986.4], [1.9214, 25037.7], [1.9215, 40256.8], [1.9216, 63415.6], [1.9217, 32341.8], [1.9218, 40594.9], [1.9219, 23083.9], [1.922, 35785.3], [1.9221, 52450.6], [1.9222, 116242.3], [1.9223, 24124.1], [1.9224, 23238.5], [1.9225, 53171.6], [1.9226, 32283.2], [1.9227, 41266.8], [1.9228, 69871.7], [1.9229, 33079.0], [1.923, 67834.2]], "timestamp": "2025-12-17T07:11:18.756020+00:00"}, {"symbol": "XRPUSDT", "bids": [[1.9213, 6840.4], [1.9212, 11774.3], [1.9211, 18884.8], [1.921, 29437.3], [1.9209, 32619.1], [1.9208, 44708.9], [1.9207, 55057.4], [1.9206, 34103.2], [1.9205, 42158.6], [1.9204, 66945.3], [1.9203, 23008.8], [1.9202, 35209.1], [1.9201, 69033.7], [1.92, 250970.0], [1.9199, 26277.7], [1.9198, 36332.0], [1.9197, 132201.4], [1.9196, 78826.1], [1.9195, 25252.0], [1.9194, 28625.5]], "asks": [[1.9214, 20570.3], [1.9215, 31588.4], [1.9216, 31898.2], [1.9217, 35320.9], [1.9218, 33153.2], [1.9219, 48927.0], [1.922, 56200.6], [1.9221, 56626.3], [1.9222, 39004.0], [1.9223, 103709.2], [1.9224, 23725.0], [1.9225, 59088.0], [1.9226, 37189.1], [1.9227, 25803.4], [1.9228, 35776.6], [1.9229, 29958.3], [1.923, 60246.7], [1.9231, 24322.2], [1.9232, 31426.5], [1.9233, 30500.1]], "timestamp": "2025-12-17T07:12:10.302293+00:00"}, {"symbol": "XRPUSDT", "bids": [[1.9211, 1159.5], [1.921, 1251.5], [1.9209, 7367.3], [1.9208, 9097.5], [1.9207, 21039.4], [1.9206, 42538.8], [1.9205, 45473.2], [1.9204, 86145.9], [1.9203, 20683.7], [1.9202, 35792.1], [1.9201, 80503.6], [1.92, 249116.9], [1.9199, 16428.9], [1.9198, 21103.9], [1.9197, 30537.8], [1.9196, 88036.3], [1.9195, 41640.4], [1.9194, 121607.2], [1.9193, 34014.6], [1.9192, 18932.6]], "asks": [[1.9212, 23240.0], [1.9213, 31666.1], [1.9214, 35701.7], [1.9215, 32388.6], [1.9216, 71437.2], [1.9217, 52715.8], [1.9218, 38069.4], [1.9219, 41508.6], [1.922, 70259.7], [1.9221, 37273.4], [1.9222, 100368.5], [1.9223, 22961.0], [1.9224, 19966.8], [1.9225, 60322.0], [1.9226, 31178.2], [1.9227, 25465.1], [1.9228, 34230.3], [1.9229, 33073.6], [1.923, 72696.9], [1.9231, 21739.7]], "timestamp": "2025-12-17T07:13:01.924550+00:00"}, {"symbol": "XRPUSDT", "bids": [[1.9202, 6836.0], [1.9201, 4849.2], [1.92, 13485.1], [1.9199, 19939.0], [1.9198, 7170.4], [1.9197, 18789.5], [1.9196, 33205.3], [1.9195, 64037.1], [1.9194, 63242.3], [1.9193, 35061.4], [1.9192, 21620.7], [1.9191, 42150.0], [1.919, 27140.7], [1.9189, 36255.1], [1.9188, 39781.3], [1.9187, 118547.0], [1.9186, 19544.8], [1.9185, 64228.0], [1.9184, 30710.9], [1.9183, 53642.3]], "asks": [[1.9203, 20049.1], [1.9204, 15938.1], [1.9205, 33832.1], [1.9206, 39154.6], [1.9207, 47810.0], [1.9208, 45373.3], [1.9209, 30512.6], [1.921, 24412.7], [1.9211, 35480.3], [1.9212, 68657.9], [1.9213, 107041.8], [1.9214, 30996.5], [1.9215, 27159.1], [1.9216, 47832.0], [1.9217, 29895.1], [1.9218, 21126.5], [1.9219, 32034.1], [1.922, 77426.7], [1.9221, 25764.3], [1.9222, 25000.5]], "timestamp": "2025-12-17T07:13:53.245888+00:00"}, {"symbol": "XRPUSDT", "bids": [[1.9192, 23090.7], [1.9191, 9988.8], [1.919, 6838.3], [1.9189, 12026.5], [1.9188, 19960.7], [1.9187, 48417.7], [1.9186, 43190.3], [1.9185, 61497.7], [1.9184, 36423.4], [1.9183, 54078.8], [1.9182, 31177.1], [1.9181, 28292.7], [1.918, 54344.2], [1.9179, 37651.9], [1.9178, 128078.4], [1.9177, 63968.6], [1.9176, 23514.7], [1.9175, 22254.9], [1.9174, 53642.5], [1.9173, 20193.1]], "asks": [[1.9193, 2287.3], [1.9194, 11013.3], [1.9195, 28259.8], [1.9196, 33623.8], [1.9197, 29914.0], [1.9198, 29663.9], [1.9199, 60345.8], [1.92, 46735.8], [1.9201, 69380.7], [1.9202, 126154.4], [1.9203, 146058.7], [1.9204, 18347.8], [1.9205, 32660.7], [1.9206, 19193.7], [1.9207, 64519.2], [1.9208, 37258.3], [1.9209, 24565.7], [1.921, 55649.4], [1.9211, 22237.3], [1.9212, 39637.5]], "timestamp": "2025-12-17T07:14:44.885418+00:00"}, {"symbol": "XRPUSDT", "bids": [[1.9178, 28715.5], [1.9177, 10192.4], [1.9176, 13532.3], [1.9175, 13842.2], [1.9174, 42120.9], [1.9173, 48053.0], [1.9172, 23472.4], [1.9171, 42318.9], [1.917, 63332.6], [1.9169, 40584.1], [1.9168, 17393.2], [1.9167, 29390.9], [1.9166, 37402.7], [1.9165, 125967.9], [1.9164, 47048.6], [1.9163, 27657.6], [1.9162, 36720.7], [1.9161, 25177.1], [1.916, 40515.8], [1.9159, 41534.4]], "asks": [[1.9179, 1412.2], [1.918, 3443.3], [1.9181, 19270.8], [1.9182, 37987.8], [1.9183, 46895.9], [1.9184, 24078.6], [1.9185, 37432.9], [1.9186, 55419.7], [1.9187, 63398.1], [1.9188, 72155.0], [1.9189, 42851.0], [1.919, 117911.0], [1.9191, 49159.9], [1.9192, 16369.3], [1.9193, 17119.7], [1.9194, 19507.1], [1.9195, 71875.4], [1.9196, 36734.3], [1.9197, 23255.5], [1.9198, 24870.7]], "timestamp": "2025-12-17T07:15:36.719394+00:00"}, {"symbol": "XRPUSDT", "bids": [[1.9191, 5790.6], [1.919, 4123.9], [1.9189, 11762.6], [1.9188, 21391.9], [1.9187, 30951.0], [1.9186, 39418.4], [1.9185, 37427.0], [1.9184, 58993.6], [1.9183, 59798.2], [1.9182, 43139.5], [1.9181, 25268.5], [1.918, 34837.4], [1.9179, 52665.1], [1.9178, 34954.3], [1.9177, 103490.1], [1.9176, 23951.3], [1.9175, 29069.0], [1.9174, 41919.6], [1.9173, 42562.8], [1.9172, 33001.2]], "asks": [[1.9192, 27484.4], [1.9193, 17951.7], [1.9194, 21381.7], [1.9195, 35740.6], [1.9196, 31723.0], [1.9197, 37535.8], [1.9198, 59262.2], [1.9199, 66872.1], [1.92, 30868.4], [1.9201, 55392.3], [1.9202, 160762.9], [1.9203, 53173.4], [1.9204, 30520.1], [1.9205, 37332.6], [1.9206, 20673.4], [1.9207, 56077.5], [1.9208, 53055.2], [1.9209, 24830.7], [1.921, 47164.6], [1.9211, 33357.3]], "timestamp": "2025-12-17T07:16:28.093830+00:00"}, {"symbol": "XRPUSDT", "bids": [[1.9186, 27654.0], [1.9185, 28490.1], [1.9184, 29377.0], [1.9183, 34517.7], [1.9182, 61735.0], [1.9181, 34450.0], [1.918, 48282.6], [1.9179, 65529.2], [1.9178, 75881.8], [1.9177, 29270.5], [1.9176, 22288.2], [1.9175, 25332.3], [1.9174, 56542.9], [1.9173, 116015.6], [1.9172, 17069.9], [1.9171, 23697.4], [1.917, 39190.3], [1.9169, 23765.4], [1.9168, 28329.4], [1.9167, 30420.3]], "asks": [[1.9187, 4464.5], [1.9188, 6734.4], [1.9189, 7104.5], [1.919, 20854.3], [1.9191, 43995.9], [1.9192, 48116.6], [1.9193, 50409.8], [1.9194, 37257.6], [1.9195, 51900.2], [1.9196, 40553.0], [1.9197, 31040.3], [1.9198, 40443.5], [1.9199, 135923.0], [1.92, 37817.5], [1.9201, 49480.5], [1.9202, 82594.4], [1.9203, 43807.8], [1.9204, 31164.8], [1.9205, 30171.8], [1.9206, 24807.4]], "timestamp": "2025-12-17T07:17:19.790651+00:00"}, {"symbol": "XRPUSDT", "bids": [[1.9182, 5788.5], [1.9181, 8732.4], [1.918, 46658.8], [1.9179, 25984.4], [1.9178, 54018.3], [1.9177, 35493.4], [1.9176, 42300.6], [1.9175, 64943.1], [1.9174, 52708.0], [1.9173, 39161.4], [1.9172, 23341.5], [1.9171, 36238.4], [1.917, 42805.8], [1.9169, 33385.3], [1.9168, 107138.4], [1.9167, 31473.0], [1.9166, 41748.2], [1.9165, 43340.4], [1.9164, 43337.6], [1.9163, 70729.6]], "asks": [[1.9183, 20875.2], [1.9184, 21083.0], [1.9185, 34688.4], [1.9186, 26424.0], [1.9187, 56371.8], [1.9188, 51684.9], [1.9189, 33682.9], [1.919, 35471.3], [1.9191, 60128.5], [1.9192, 46131.2], [1.9193, 123756.7], [1.9194, 27420.9], [1.9195, 56908.8], [1.9196, 28312.5], [1.9197, 25279.8], [1.9198, 33321.2], [1.9199, 50162.7], [1.92, 62475.1], [1.9201, 43673.9], [1.9202, 88139.2]], "timestamp": "2025-12-17T07:18:11.141770+00:00"}, {"symbol": "XRPUSDT", "bids": [[1.9183, 4141.3], [1.9182, 8605.3], [1.9181, 27377.5], [1.918, 43584.9], [1.9179, 28961.3], [1.9178, 60600.6], [1.9177, 42300.8], [1.9176, 41433.1], [1.9175, 45109.8], [1.9174, 57831.9], [1.9173, 34700.4], [1.9172, 20203.0], [1.9171, 22547.4], [1.917, 49077.2], [1.9169, 110244.7], [1.9168, 23592.6], [1.9167, 37129.5], [1.9166, 41731.0], [1.9165, 53780.8], [1.9164, 44162.2]], "asks": [[1.9184, 25794.7], [1.9185, 22043.8], [1.9186, 17128.6], [1.9187, 37851.5], [1.9188, 33176.6], [1.9189, 37057.3], [1.919, 37130.1], [1.9191, 66711.1], [1.9192, 39617.4], [1.9193, 39558.0], [1.9194, 121192.6], [1.9195, 59378.6], [1.9196, 35003.1], [1.9197, 25886.3], [1.9198, 41187.9], [1.9199, 61515.0], [1.92, 47164.5], [1.9201, 50115.8], [1.9202, 85569.3], [1.9203, 45509.5]], "timestamp": "2025-12-17T07:19:02.801609+00:00"}, {"symbol": "XRPUSDT", "bids": [[1.9182, 29971.4], [1.9181, 18849.1], [1.918, 25611.2], [1.9179, 30845.3], [1.9178, 41512.6], [1.9177, 33140.1], [1.9176, 59747.4], [1.9175, 31946.6], [1.9174, 41672.9], [1.9173, 50744.5], [1.9172, 20835.3], [1.9171, 24255.5], [1.917, 47020.6], [1.9169, 118417.7], [1.9168, 17914.5], [1.9167, 32615.3], [1.9166, 39303.7], [1.9165, 44019.7], [1.9164, 25310.2], [1.9163, 62946.1]], "asks": [[1.9183, 13098.9], [1.9184, 15069.4], [1.9185, 18692.2], [1.9186, 38463.1], [1.9187, 56773.4], [1.9188, 37998.6], [1.9189, 51086.4], [1.919, 52175.2], [1.9191, 50834.9], [1.9192, 39149.9], [1.9193, 112654.8], [1.9194, 35507.2], [1.9195, 56304.6], [1.9196, 38302.7], [1.9197, 25810.9], [1.9198, 30085.4], [1.9199, 55984.5], [1.92, 52492.3], [1.9201, 45011.1], [1.9202, 86027.5]], "timestamp": "2025-12-17T07:19:54.521241+00:00"}, {"symbol": "XRPUSDT", "bids": [[1.9181, 3773.4], [1.918, 12889.0], [1.9179, 15835.6], [1.9178, 17345.0], [1.9177, 26060.6], [1.9176, 33753.9], [1.9175, 26293.8], [1.9174, 49826.5], [1.9173, 43092.2], [1.9172, 41794.2], [1.9171, 32978.2], [1.917, 44159.7], [1.9169, 22849.9], [1.9168, 107266.6], [1.9167, 38627.9], [1.9166, 39722.6], [1.9165, 46891.7], [1.9164, 27010.7], [1.9163, 51649.1], [1.9162, 49895.0]], "asks": [[1.9182, 16807.8], [1.9183, 20120.2], [1.9184, 36001.4], [1.9185, 84395.5], [1.9186, 43769.1], [1.9187, 63123.5], [1.9188, 29500.9], [1.9189, 36234.1], [1.919, 31779.9], [1.9191, 58982.7], [1.9192, 30634.8], [1.9193, 112651.3], [1.9194, 26637.1], [1.9195, 62294.5], [1.9196, 33946.5], [1.9197, 29182.5], [1.9198, 32560.5], [1.9199, 64880.1], [1.92, 44122.1], [1.9201, 43692.3]], "timestamp": "2025-12-17T07:20:45.968675+00:00"}, {"symbol": "XRPUSDT", "bids": [[1.9191, 50279.2], [1.919, 33807.4], [1.9189, 26299.7], [1.9188, 26181.3], [1.9187, 44240.0], [1.9186, 67322.1], [1.9185, 44345.4], [1.9184, 48685.3], [1.9183, 29454.5], [1.9182, 56223.1], [1.9181, 26918.9], [1.918, 33925.7], [1.9179, 127411.6], [1.9178, 57198.9], [1.9177, 19384.1], [1.9176, 17075.2], [1.9175, 25604.8], [1.9174, 51913.9], [1.9173, 56737.1], [1.9172, 17334.2]], "asks": [[1.9192, 3718.1], [1.9193, 3765.3], [1.9194, 6892.5], [1.9195, 18886.6], [1.9196, 31407.0], [1.9197, 52278.0], [1.9198, 64588.8], [1.9199, 52835.8], [1.92, 28925.5], [1.9201, 39487.4], [1.9202, 88802.8], [1.9203, 46893.6], [1.9204, 25162.1], [1.9205, 50858.6], [1.9206, 106562.0], [1.9207, 48534.6], [1.9208, 43272.8], [1.9209, 21415.4], [1.921, 50129.9], [1.9211, 30017.8]], "timestamp": "2025-12-17T07:21:37.699655+00:00"}, {"symbol": "XRPUSDT", "bids": [[1.9199, 16841.2], [1.9198, 25807.2], [1.9197, 41918.0], [1.9196, 40635.9], [1.9195, 63875.8], [1.9194, 117971.8], [1.9193, 68757.7], [1.9192, 54321.8], [1.9191, 71219.9], [1.919, 59717.0], [1.9189, 20122.9], [1.9188, 20039.2], [1.9187, 28719.7], [1.9186, 54176.5], [1.9185, 43012.3], [1.9184, 125546.1], [1.9183, 28464.8], [1.9182, 51140.6], [1.9181, 63545.7], [1.918, 24296.4]], "asks": [[1.92, 15425.7], [1.9201, 10690.5], [1.9202, 60484.8], [1.9203, 11211.3], [1.9204, 20129.0], [1.9205, 37665.9], [1.9206, 56521.6], [1.9207, 97389.4], [1.9208, 45923.8], [1.9209, 44053.4], [1.921, 105993.9], [1.9211, 39009.2], [1.9212, 43416.2], [1.9213, 23762.9], [1.9214, 38660.7], [1.9215, 27758.9], [1.9216, 39192.9], [1.9217, 31375.9], [1.9218, 23973.3], [1.9219, 29738.2]], "timestamp": "2025-12-17T07:22:29.438189+00:00"}, {"symbol": "XRPUSDT", "bids": [[1.921, 7201.1], [1.9209, 11022.4], [1.9208, 26282.3], [1.9207, 20321.9], [1.9206, 33465.0], [1.9205, 35645.7], [1.9204, 58912.0], [1.9203, 84447.7], [1.9202, 30007.7], [1.9201, 23524.1], [1.92, 35448.7], [1.9199, 26434.0], [1.9198, 40707.6], [1.9197, 21738.2], [1.9196, 106887.5], [1.9195, 31613.2], [1.9194, 56464.6], [1.9193, 17961.6], [1.9192, 25741.8], [1.9191, 42933.6]], "asks": [[1.9211, 17035.5], [1.9212, 11362.8], [1.9213, 13190.6], [1.9214, 25520.8], [1.9215, 30705.4], [1.9216, 65252.9], [1.9217, 33515.9], [1.9218, 39630.4], [1.9219, 50072.6], [1.922, 68930.9], [1.9221, 21335.7], [1.9222, 25913.6], [1.9223, 102288.9], [1.9224, 22075.7], [1.9225, 45067.3], [1.9226, 29617.1], [1.9227, 22589.4], [1.9228, 32356.2], [1.9229, 27985.7], [1.923, 62840.0]], "timestamp": "2025-12-17T07:23:20.842235+00:00"}, {"symbol": "XRPUSDT", "bids": [[1.9197, 7711.4], [1.9196, 10798.5], [1.9195, 16160.3], [1.9194, 20813.6], [1.9193, 24761.0], [1.9192, 29674.1], [1.9191, 85627.3], [1.919, 56060.0], [1.9189, 29853.4], [1.9188, 18354.1], [1.9187, 21970.4], [1.9186, 49131.9], [1.9185, 35329.9], [1.9184, 34875.0], [1.9183, 110887.9], [1.9182, 44897.5], [1.9181, 25330.1], [1.918, 35506.7], [1.9179, 45951.0], [1.9178, 89361.5]], "asks": [[1.9198, 10968.3], [1.9199, 12584.5], [1.92, 19492.3], [1.9201, 27784.1], [1.9202, 25584.7], [1.9203, 49204.4], [1.9204, 51167.8], [1.9205, 42996.4], [1.9206, 57667.6], [1.9207, 61634.8], [1.9208, 64026.1], [1.9209, 107160.1], [1.921, 39616.4], [1.9211, 29700.4], [1.9212, 38388.9], [1.9213, 29283.7], [1.9214, 41718.8], [1.9215, 32139.9], [1.9216, 58847.3], [1.9217, 34411.3]], "timestamp": "2025-12-17T07:24:12.691137+00:00"}, {"symbol": "XRPUSDT", "bids": [[1.9201, 2162.8], [1.92, 39557.9], [1.9199, 16404.1], [1.9198, 20332.1], [1.9197, 35073.4], [1.9196, 58468.9], [1.9195, 40362.4], [1.9194, 62443.1], [1.9193, 26485.2], [1.9192, 31447.5], [1.9191, 38228.5], [1.919, 52448.7], [1.9189, 25851.5], [1.9188, 28286.4], [1.9187, 115783.9], [1.9186, 44792.5], [1.9185, 36004.6], [1.9184, 53884.0], [1.9183, 42969.9], [1.9182, 44551.3]], "asks": [[1.9202, 40779.8], [1.9203, 19786.9], [1.9204, 14548.3], [1.9205, 22124.1], [1.9206, 32859.6], [1.9207, 54548.0], [1.9208, 54472.5], [1.9209, 33809.4], [1.921, 55690.6], [1.9211, 48422.5], [1.9212, 137058.2], [1.9213, 29037.0], [1.9214, 38047.2], [1.9215, 26989.5], [1.9216, 64479.0], [1.9217, 39980.8], [1.9218, 29921.2], [1.9219, 45818.3], [1.922, 93819.0], [1.9221, 27848.4]], "timestamp": "2025-12-17T07:25:04.025938+00:00"}, {"symbol": "XRPUSDT", "bids": [[1.9203, 7221.8], [1.9202, 12539.3], [1.9201, 22879.9], [1.92, 39440.0], [1.9199, 82516.7], [1.9198, 38393.2], [1.9197, 55140.4], [1.9196, 46957.1], [1.9195, 62133.8], [1.9194, 40588.2], [1.9193, 15345.6], [1.9192, 20257.3], [1.9191, 43264.4], [1.919, 55443.1], [1.9189, 106878.7], [1.9188, 13069.9], [1.9187, 17394.0], [1.9186, 48209.6], [1.9185, 48033.3], [1.9184, 17862.8]], "asks": [[1.9204, 29554.6], [1.9205, 11248.8], [1.9206, 26380.3], [1.9207, 29524.1], [1.9208, 55782.9], [1.9209, 36758.1], [1.921, 45452.0], [1.9211, 55565.3], [1.9212, 60188.5], [1.9213, 114952.4], [1.9214, 37253.5], [1.9215, 26690.2], [1.9216, 56915.8], [1.9217, 45328.5], [1.9218, 40886.9], [1.9219, 34019.5], [1.922, 84115.6], [1.9221, 27079.9], [1.9222, 21659.7], [1.9223, 23856.3]], "timestamp": "2025-12-17T07:25:55.540968+00:00"}, {"symbol": "XRPUSDT", "bids": [[1.9206, 52356.0], [1.9205, 29701.0], [1.9204, 35876.0], [1.9203, 37083.6], [1.9202, 28222.2], [1.9201, 43541.1], [1.92, 60505.5], [1.9199, 80651.7], [1.9198, 42407.0], [1.9197, 48562.8], [1.9196, 26660.8], [1.9195, 49310.6], [1.9194, 44357.2], [1.9193, 105494.8], [1.9192, 19166.5], [1.9191, 46015.6], [1.919, 67591.6], [1.9189, 41408.2], [1.9188, 46449.9], [1.9187, 17433.4]], "asks": [[1.9207, 12509.7], [1.9208, 7234.7], [1.9209, 9771.2], [1.921, 14441.6], [1.9211, 32652.2], [1.9212, 43062.1], [1.9213, 35095.7], [1.9214, 47290.3], [1.9215, 40804.4], [1.9216, 70615.3], [1.9217, 51572.8], [1.9218, 22376.4], [1.9219, 31648.3], [1.922, 164228.1], [1.9221, 22796.4], [1.9222, 20272.6], [1.9223, 23267.1], [1.9224, 25496.0], [1.9225, 56677.7], [1.9226, 34184.8]], "timestamp": "2025-12-17T07:26:47.245514+00:00"}, {"symbol": "XRPUSDT", "bids": [[1.921, 28789.1], [1.9209, 19764.5], [1.9208, 26245.1], [1.9207, 44027.7], [1.9206, 20804.1], [1.9205, 37286.3], [1.9204, 56029.7], [1.9203, 64651.4], [1.9202, 17618.0], [1.9201, 51970.8], [1.92, 35021.1], [1.9199, 54416.8], [1.9198, 27727.3], [1.9197, 122306.9], [1.9196, 23034.5], [1.9195, 48331.9], [1.9194, 28030.0], [1.9193, 12664.4], [1.9192, 21014.9], [1.9191, 47282.8]], "asks": [[1.9211, 7403.3], [1.9212, 7861.0], [1.9213, 8211.0], [1.9214, 26198.0], [1.9215, 39871.6], [1.9216, 91042.9], [1.9217, 34110.1], [1.9218, 37496.6], [1.9219, 32463.6], [1.922, 74858.4], [1.9221, 34697.7], [1.9222, 109595.0], [1.9223, 28340.2], [1.9224, 28882.2], [1.9225, 50775.2], [1.9226, 35147.9], [1.9227, 22076.6], [1.9228, 32030.7], [1.9229, 34025.5], [1.923, 64085.4]], "timestamp": "2025-12-17T07:27:38.807461+00:00"}, {"symbol": "XRPUSDT", "bids": [[1.9205, 22511.3], [1.9204, 6537.4], [1.9203, 25373.2], [1.9202, 19257.5], [1.9201, 25932.5], [1.92, 32137.7], [1.9199, 86846.5], [1.9198, 26163.8], [1.9197, 44183.2], [1.9196, 28999.9], [1.9195, 53632.8], [1.9194, 33274.9], [1.9193, 27925.6], [1.9192, 107895.2], [1.9191, 37074.3], [1.919, 70871.5], [1.9189, 32135.0], [1.9188, 20722.0], [1.9187, 83029.1], [1.9186, 52342.4]], "asks": [[1.9206, 9860.7], [1.9207, 5993.1], [1.9208, 30265.5], [1.9209, 59566.5], [1.921, 59657.9], [1.9211, 65179.1], [1.9212, 59614.8], [1.9213, 69777.0], [1.9214, 45265.3], [1.9215, 43533.8], [1.9216, 58092.2], [1.9217, 125344.8], [1.9218, 24396.5], [1.9219, 29607.4], [1.922, 72349.8], [1.9221, 27107.3], [1.9222, 31287.5], [1.9223, 18750.6], [1.9224, 29429.3], [1.9225, 64093.7]], "timestamp": "2025-12-17T07:28:30.522659+00:00"}, {"symbol": "XRPUSDT", "bids": [[1.9204, 12600.5], [1.9203, 17100.0], [1.9202, 8078.3], [1.9201, 23305.3], [1.92, 31988.8], [1.9199, 76952.7], [1.9198, 18488.9], [1.9197, 45632.6], [1.9196, 27843.2], [1.9195, 53470.0], [1.9194, 34152.2], [1.9193, 16753.2], [1.9192, 38063.6], [1.9191, 121346.5], [1.919, 70772.9], [1.9189, 32385.0], [1.9188, 20545.9], [1.9187, 65152.1], [1.9186, 69572.9], [1.9185, 34575.5]], "asks": [[1.9205, 11461.7], [1.9206, 16478.8], [1.9207, 34323.3], [1.9208, 38881.8], [1.9209, 37860.7], [1.921, 50706.4], [1.9211, 84640.4], [1.9212, 60010.8], [1.9213, 75024.8], [1.9214, 50133.7], [1.9215, 53225.9], [1.9216, 124436.2], [1.9217, 30365.5], [1.9218, 24441.9], [1.9219, 31158.7], [1.922, 68154.6], [1.9221, 30820.1], [1.9222, 34056.1], [1.9223, 22997.2], [1.9224, 19318.5]], "timestamp": "2025-12-17T07:29:22.135632+00:00"}, {"symbol": "XRPUSDT", "bids": [[1.92, 4939.2], [1.9199, 3854.3], [1.9198, 12744.6], [1.9197, 24374.2], [1.9196, 30678.9], [1.9195, 71860.0], [1.9194, 60436.8], [1.9193, 20683.4], [1.9192, 36733.5], [1.9191, 44516.8], [1.919, 58377.4], [1.9189, 35064.0], [1.9188, 16982.3], [1.9187, 28478.4], [1.9186, 68725.5], [1.9185, 112497.0], [1.9184, 24268.0], [1.9183, 24933.7], [1.9182, 66821.2], [1.9181, 52072.0]], "asks": [[1.9201, 53677.4], [1.9202, 49101.7], [1.9203, 63543.4], [1.9204, 12062.3], [1.9205, 23149.2], [1.9206, 37038.5], [1.9207, 53368.6], [1.9208, 58476.5], [1.9209, 59290.2], [1.921, 152474.0], [1.9211, 42725.7], [1.9212, 28007.6], [1.9213, 34762.9], [1.9214, 55025.8], [1.9215, 42292.5], [1.9216, 32127.9], [1.9217, 27837.4], [1.9218, 40170.9], [1.9219, 38088.0], [1.922, 86141.0]], "timestamp": "2025-12-17T07:30:13.539412+00:00"}, {"symbol": "XRPUSDT", "bids": [[1.9213, 30428.6], [1.9212, 28534.1], [1.9211, 38788.6], [1.921, 56831.3], [1.9209, 35675.8], [1.9208, 26295.8], [1.9207, 25635.0], [1.9206, 47807.0], [1.9205, 53762.5], [1.9204, 83143.3], [1.9203, 30110.3], [1.9202, 24852.6], [1.9201, 32848.4], [1.92, 139230.8], [1.9199, 40572.9], [1.9198, 24929.2], [1.9197, 22550.3], [1.9196, 20544.5], [1.9195, 45255.8], [1.9194, 66447.5]], "asks": [[1.9214, 4923.1], [1.9215, 4553.5], [1.9216, 21924.6], [1.9217, 6502.7], [1.9218, 30654.7], [1.9219, 36923.3], [1.922, 81069.4], [1.9221, 28801.1], [1.9222, 36191.1], [1.9223, 26441.4], [1.9224, 28518.5], [1.9225, 49922.8], [1.9226, 39581.6], [1.9227, 92734.4], [1.9228, 32476.4], [1.9229, 29290.9], [1.923, 52572.1], [1.9231, 19712.6], [1.9232, 37213.1], [1.9233, 27682.8]], "timestamp": "2025-12-17T07:31:05.548883+00:00"}, {"symbol": "XRPUSDT", "bids": [[1.9212, 16024.1], [1.9211, 20528.3], [1.921, 39034.8], [1.9209, 30050.5], [1.9208, 40651.4], [1.9207, 40194.6], [1.9206, 24885.7], [1.9205, 40546.6], [1.9204, 59685.3], [1.9203, 42260.2], [1.9202, 25000.2], [1.9201, 25708.1], [1.92, 45203.6], [1.9199, 123920.7], [1.9198, 41545.3], [1.9197, 24489.9], [1.9196, 26525.9], [1.9195, 69832.6], [1.9194, 75359.3], [1.9193, 26687.0]], "asks": [[1.9213, 6525.9], [1.9214, 11714.6], [1.9215, 11460.2], [1.9216, 27598.8], [1.9217, 41134.5], [1.9218, 57529.1], [1.9219, 89419.6], [1.922, 52416.0], [1.9221, 27551.1], [1.9222, 23370.3], [1.9223, 58530.0], [1.9224, 116930.3], [1.9225, 37512.2], [1.9226, 37674.0], [1.9227, 26079.4], [1.9228, 29916.6], [1.9229, 36659.0], [1.923, 57430.7], [1.9231, 15742.0], [1.9232, 27850.8]], "timestamp": "2025-12-17T07:31:57.885779+00:00"}, {"symbol": "XRPUSDT", "bids": [[1.9203, 16594.6], [1.9202, 19895.7], [1.9201, 31632.1], [1.92, 33225.9], [1.9199, 28065.9], [1.9198, 24042.7], [1.9197, 43254.3], [1.9196, 41987.8], [1.9195, 59590.6], [1.9194, 71549.4], [1.9193, 25334.6], [1.9192, 21815.8], [1.9191, 33061.0], [1.919, 65358.6], [1.9189, 42656.3], [1.9188, 106222.2], [1.9187, 20431.4], [1.9186, 48132.4], [1.9185, 49119.4], [1.9184, 22575.7]], "asks": [[1.9204, 4016.2], [1.9205, 733.8], [1.9206, 13352.8], [1.9207, 29795.6], [1.9208, 36850.1], [1.9209, 45494.6], [1.921, 83295.7], [1.9211, 58919.1], [1.9212, 74532.2], [1.9213, 49427.6], [1.9214, 57377.8], [1.9215, 118054.1], [1.9216, 35085.4], [1.9217, 36990.6], [1.9218, 50804.3], [1.9219, 26779.2], [1.922, 23913.7], [1.9221, 31439.5], [1.9222, 44901.7], [1.9223, 31913.1]], "timestamp": "2025-12-17T07:32:50.122067+00:00"}, {"symbol": "XRPUSDT", "bids": [[1.9225, 38654.8], [1.9224, 20525.7], [1.9223, 47176.2], [1.9222, 35383.1], [1.9221, 30369.1], [1.922, 45789.8], [1.9219, 77631.9], [1.9218, 27056.6], [1.9217, 49188.9], [1.9216, 65884.1], [1.9215, 51013.0], [1.9214, 26925.1], [1.9213, 33873.7], [1.9212, 112811.8], [1.9211, 48871.9], [1.921, 33284.9], [1.9209, 22692.6], [1.9208, 21868.4], [1.9207, 50662.1], [1.9206, 28751.8]], "asks": [[1.9226, 10755.0], [1.9227, 3995.0], [1.9228, 13035.5], [1.9229, 16894.6], [1.923, 30249.5], [1.9231, 44193.7], [1.9232, 53318.7], [1.9233, 45103.5], [1.9234, 58840.1], [1.9235, 260294.9], [1.9236, 19245.7], [1.9237, 30679.8], [1.9238, 55625.0], [1.9239, 20289.0], [1.924, 42432.4], [1.9241, 126386.6], [1.9242, 44819.2], [1.9243, 39660.3], [1.9244, 61445.2], [1.9245, 26722.7]], "timestamp": "2025-12-17T07:33:41.591330+00:00"}, {"symbol": "XRPUSDT", "bids": [[1.9254, 37348.9], [1.9253, 62248.9], [1.9252, 38789.5], [1.9251, 39307.0], [1.925, 57382.9], [1.9249, 56953.1], [1.9248, 97711.7], [1.9247, 43558.8], [1.9246, 92634.8], [1.9245, 57376.5], [1.9244, 37697.2], [1.9243, 26355.7], [1.9242, 51832.3], [1.9241, 129124.4], [1.924, 56692.3], [1.9239, 58294.6], [1.9238, 22603.3], [1.9237, 46814.9], [1.9236, 29256.3], [1.9235, 34656.3]], "asks": [[1.9255, 5224.0], [1.9256, 1619.6], [1.9257, 1950.4], [1.9258, 8660.8], [1.9259, 20696.2], [1.926, 25882.9], [1.9261, 37511.5], [1.9262, 32501.3], [1.9263, 38670.4], [1.9264, 26364.6], [1.9265, 50088.1], [1.9266, 49891.1], [1.9267, 46077.5], [1.9268, 60200.5], [1.9269, 27760.0], [1.927, 98953.2], [1.9271, 27322.5], [1.9272, 60548.5], [1.9273, 23192.3], [1.9274, 22935.3]], "timestamp": "2025-12-17T07:34:33.275424+00:00"}, {"symbol": "XRPUSDT", "bids": [[1.929, 9786.8], [1.9289, 2552.9], [1.9288, 10780.5], [1.9287, 20263.6], [1.9286, 25471.5], [1.9285, 39816.6], [1.9284, 49527.5], [1.9283, 66458.8], [1.9282, 39942.6], [1.9281, 23838.9], [1.928, 40554.6], [1.9279, 22934.2], [1.9278, 45136.3], [1.9277, 30922.0], [1.9276, 40434.9], [1.9275, 137160.0], [1.9274, 48104.0], [1.9273, 25155.2], [1.9272, 31200.6], [1.9271, 40502.2]], "asks": [[1.9291, 2691.4], [1.9292, 12686.2], [1.9293, 19987.7], [1.9294, 23647.6], [1.9295, 29486.8], [1.9296, 16107.7], [1.9297, 27257.1], [1.9298, 50730.9], [1.9299, 67664.0], [1.93, 39581.2], [1.9301, 111753.4], [1.9302, 55901.6], [1.9303, 43334.9], [1.9304, 27433.7], [1.9305, 25023.9], [1.9306, 33499.7], [1.9307, 44239.8], [1.9308, 36158.5], [1.9309, 23456.6], [1.931, 68127.4]], "timestamp": "2025-12-17T07:35:24.674736+00:00"}, {"symbol": "XRPUSDT", "bids": [[1.9273, 13607.5], [1.9272, 10335.8], [1.9271, 19052.2], [1.927, 27612.2], [1.9269, 16013.5], [1.9268, 33279.3], [1.9267, 55581.9], [1.9266, 35910.5], [1.9265, 55715.1], [1.9264, 36085.2], [1.9263, 41984.7], [1.9262, 33933.3], [1.9261, 18171.5], [1.926, 52116.9], [1.9259, 119648.6], [1.9258, 14237.8], [1.9257, 21591.2], [1.9256, 28828.3], [1.9255, 27735.7], [1.9254, 21986.2]], "asks": [[1.9274, 12052.0], [1.9275, 22973.8], [1.9276, 26379.2], [1.9277, 29375.5], [1.9278, 40810.9], [1.9279, 32928.4], [1.928, 46477.5], [1.9281, 64661.4], [1.9282, 50641.7], [1.9283, 35595.1], [1.9284, 119083.9], [1.9285, 33732.5], [1.9286, 59813.6], [1.9287, 25789.2], [1.9288, 23664.0], [1.9289, 15763.6], [1.929, 48903.9], [1.9291, 37949.3], [1.9292, 18020.6], [1.9293, 25495.0]], "timestamp": "2025-12-17T07:36:16.082508+00:00"}, {"symbol": "XRPUSDT", "bids": [[1.9265, 2843.7], [1.9264, 20079.0], [1.9263, 24726.7], [1.9262, 37755.5], [1.9261, 27525.9], [1.926, 41688.6], [1.9259, 37191.9], [1.9258, 24598.9], [1.9257, 70643.3], [1.9256, 37583.3], [1.9255, 35464.0], [1.9254, 21937.2], [1.9253, 51174.2], [1.9252, 28252.3], [1.9251, 24289.3], [1.925, 43607.3], [1.9249, 121742.6], [1.9248, 26111.2], [1.9247, 38267.3], [1.9246, 61012.4]], "asks": [[1.9266, 14144.0], [1.9267, 18409.1], [1.9268, 25860.9], [1.9269, 34705.3], [1.927, 44235.3], [1.9271, 24146.7], [1.9272, 48470.3], [1.9273, 36453.2], [1.9274, 48356.6], [1.9275, 41701.3], [1.9276, 114874.7], [1.9277, 47854.4], [1.9278, 60292.6], [1.9279, 26887.2], [1.928, 23484.3], [1.9281, 32668.9], [1.9282, 46982.1], [1.9283, 23096.0], [1.9284, 31350.3], [1.9285, 36726.1]], "timestamp": "2025-12-17T07:37:08.010634+00:00"}, {"symbol": "XRPUSDT", "bids": [[1.9246, 20938.2], [1.9245, 5044.0], [1.9244, 15567.7], [1.9243, 17962.7], [1.9242, 29553.4], [1.9241, 62475.3], [1.924, 72604.6], [1.9239, 22961.4], [1.9238, 21329.8], [1.9237, 48660.1], [1.9236, 21213.2], [1.9235, 32230.3], [1.9234, 26238.0], [1.9233, 29268.5], [1.9232, 149003.5], [1.9231, 30448.0], [1.923, 45509.9], [1.9229, 37987.6], [1.9228, 33698.5], [1.9227, 49202.5]], "asks": [[1.9247, 3085.2], [1.9248, 11548.4], [1.9249, 30981.2], [1.925, 21552.2], [1.9251, 22562.4], [1.9252, 24155.0], [1.9253, 43811.0], [1.9254, 55511.2], [1.9255, 47639.7], [1.9256, 46912.0], [1.9257, 67776.7], [1.9258, 130789.6], [1.9259, 25333.7], [1.926, 24836.8], [1.9261, 32550.6], [1.9262, 47701.6], [1.9263, 24914.3], [1.9264, 23369.3], [1.9265, 41798.3], [1.9266, 36040.0]], "timestamp": "2025-12-17T07:37:59.571856+00:00"}, {"symbol": "XRPUSDT", "bids": [[1.9249, 14673.8], [1.9248, 11198.7], [1.9247, 17389.2], [1.9246, 22691.0], [1.9245, 18428.6], [1.9244, 63008.0], [1.9243, 31790.5], [1.9242, 16741.8], [1.9241, 22834.5], [1.924, 73298.3], [1.9239, 22934.9], [1.9238, 13317.4], [1.9237, 13676.7], [1.9236, 45266.3], [1.9235, 97915.5], [1.9234, 23968.8], [1.9233, 18583.4], [1.9232, 45245.4], [1.9231, 22848.9], [1.923, 45436.0]], "asks": [[1.925, 14279.6], [1.9251, 25379.3], [1.9252, 15934.8], [1.9253, 6591.0], [1.9254, 35310.6], [1.9255, 28088.8], [1.9256, 18978.2], [1.9257, 52654.4], [1.9258, 50378.5], [1.9259, 98904.2], [1.926, 23689.2], [1.9261, 27457.3], [1.9262, 44756.5], [1.9263, 41122.7], [1.9264, 13860.6], [1.9265, 43261.3], [1.9266, 34281.3], [1.9267, 26721.9], [1.9268, 15070.2], [1.9269, 26739.0]], "timestamp": "2025-12-17T07:38:50.857891+00:00"}, {"symbol": "XRPUSDT", "bids": [[1.9252, 12066.7], [1.9251, 12650.7], [1.925, 31385.8], [1.9249, 38432.5], [1.9248, 72311.0], [1.9247, 52365.6], [1.9246, 88549.8], [1.9245, 36393.2], [1.9244, 72053.0], [1.9243, 39399.8], [1.9242, 30679.3], [1.9241, 21697.3], [1.924, 58439.3], [1.9239, 41425.2], [1.9238, 98808.9], [1.9237, 21406.7], [1.9236, 39687.2], [1.9235, 41216.0], [1.9234, 28980.1], [1.9233, 34299.0]], "asks": [[1.9253, 23824.1], [1.9254, 9996.1], [1.9255, 9852.2], [1.9256, 22390.8], [1.9257, 25836.7], [1.9258, 35205.3], [1.9259, 34411.4], [1.926, 35586.9], [1.9261, 61371.0], [1.9262, 141747.0], [1.9263, 24155.3], [1.9264, 21136.5], [1.9265, 46659.5], [1.9266, 54078.0], [1.9267, 30763.7], [1.9268, 30263.1], [1.9269, 39054.2], [1.927, 50272.8], [1.9271, 31258.9], [1.9272, 17160.6]], "timestamp": "2025-12-17T07:39:43.128405+00:00"}, {"symbol": "XRPUSDT", "bids": [[1.9249, 18955.9], [1.9248, 9133.1], [1.9247, 10643.9], [1.9246, 25419.7], [1.9245, 39414.6], [1.9244, 50018.2], [1.9243, 49431.5], [1.9242, 19758.0], [1.9241, 30475.5], [1.924, 100996.9], [1.9239, 37282.7], [1.9238, 26726.9], [1.9237, 18652.2], [1.9236, 49442.5], [1.9235, 111981.7], [1.9234, 24308.7], [1.9233, 25291.4], [1.9232, 45838.0], [1.9231, 40396.5], [1.923, 92880.1]], "asks": [[1.925, 17910.8], [1.9251, 11074.9], [1.9252, 20518.3], [1.9253, 21648.8], [1.9254, 40815.7], [1.9255, 24183.5], [1.9256, 35217.9], [1.9257, 57210.1], [1.9258, 102599.9], [1.9259, 49526.0], [1.926, 101905.3], [1.9261, 30606.1], [1.9262, 38056.7], [1.9263, 34217.4], [1.9264, 23604.5], [1.9265, 50485.5], [1.9266, 39318.1], [1.9267, 26116.0], [1.9268, 27480.5], [1.9269, 37495.7]], "timestamp": "2025-12-17T07:40:34.565709+00:00"}, {"symbol": "XRPUSDT", "bids": [[1.9255, 18508.5], [1.9254, 3851.9], [1.9253, 12580.0], [1.9252, 17400.5], [1.9251, 29735.4], [1.925, 35186.8], [1.9249, 59719.9], [1.9248, 61652.7], [1.9247, 46987.0], [1.9246, 41450.3], [1.9245, 48520.7], [1.9244, 43961.5], [1.9243, 30960.3], [1.9242, 14004.9], [1.9241, 32668.7], [1.924, 142732.3], [1.9239, 33121.4], [1.9238, 30883.7], [1.9237, 30684.2], [1.9236, 55317.5]], "asks": [[1.9256, 30612.5], [1.9257, 30368.6], [1.9258, 9329.4], [1.9259, 14803.8], [1.926, 21020.6], [1.9261, 44607.2], [1.9262, 53840.0], [1.9263, 33732.3], [1.9264, 42394.7], [1.9265, 119312.3], [1.9266, 42180.0], [1.9267, 23652.5], [1.9268, 29432.9], [1.9269, 50693.3], [1.927, 45337.5], [1.9271, 28690.5], [1.9272, 26321.4], [1.9273, 33811.6], [1.9274, 46671.2], [1.9275, 27913.1]], "timestamp": "2025-12-17T07:41:26.119614+00:00"}, {"symbol": "XRPUSDT", "bids": [[1.9246, 14956.4], [1.9245, 3734.5], [1.9244, 6677.9], [1.9243, 14345.4], [1.9242, 23906.4], [1.9241, 39624.6], [1.924, 80404.1], [1.9239, 49022.0], [1.9238, 23616.3], [1.9237, 49934.5], [1.9236, 39599.5], [1.9235, 32597.0], [1.9234, 25736.5], [1.9233, 37308.9], [1.9232, 122354.1], [1.9231, 29806.0], [1.923, 79753.2], [1.9229, 29366.5], [1.9228, 30949.9], [1.9227, 58248.0]], "asks": [[1.9247, 15279.4], [1.9248, 16085.4], [1.9249, 21972.9], [1.925, 57151.2], [1.9251, 39316.3], [1.9252, 36769.5], [1.9253, 57392.3], [1.9254, 64157.4], [1.9255, 66646.1], [1.9256, 38992.0], [1.9257, 107693.7], [1.9258, 52045.1], [1.9259, 28884.9], [1.926, 25613.2], [1.9261, 48022.9], [1.9262, 38371.1], [1.9263, 19723.6], [1.9264, 16123.0], [1.9265, 40200.7], [1.9266, 36040.1]], "timestamp": "2025-12-17T07:42:18.064067+00:00"}, {"symbol": "XRPUSDT", "bids": [[1.9242, 14877.8], [1.9241, 8396.5], [1.924, 13366.4], [1.9239, 27213.6], [1.9238, 21461.8], [1.9237, 38736.3], [1.9236, 60834.7], [1.9235, 58642.6], [1.9234, 53904.1], [1.9233, 44086.7], [1.9232, 37735.5], [1.9231, 41976.9], [1.923, 27334.5], [1.9229, 29938.5], [1.9228, 109760.7], [1.9227, 53017.1], [1.9226, 31549.8], [1.9225, 23177.4], [1.9224, 33827.2], [1.9223, 105529.9]], "asks": [[1.9243, 8660.7], [1.9244, 12778.3], [1.9245, 17603.0], [1.9246, 17110.7], [1.9247, 25422.4], [1.9248, 33142.2], [1.9249, 58519.0], [1.925, 77099.8], [1.9251, 49279.2], [1.9252, 33343.5], [1.9253, 142550.7], [1.9254, 47641.3], [1.9255, 24620.8], [1.9256, 19728.0], [1.9257, 49385.0], [1.9258, 46084.6], [1.9259, 27622.0], [1.926, 30111.4], [1.9261, 39107.1], [1.9262, 40533.6]], "timestamp": "2025-12-17T07:43:09.330865+00:00"}, {"symbol": "XRPUSDT", "bids": [[1.9252, 21855.0], [1.9251, 4619.5], [1.925, 26124.5], [1.9249, 43872.5], [1.9248, 31294.0], [1.9247, 28125.0], [1.9246, 97949.1], [1.9245, 37267.1], [1.9244, 40329.1], [1.9243, 50896.8], [1.9242, 56120.5], [1.9241, 36548.0], [1.924, 58906.7], [1.9239, 120405.2], [1.9238, 34423.7], [1.9237, 15869.0], [1.9236, 23616.6], [1.9235, 43449.5], [1.9234, 54969.3], [1.9233, 26537.0]], "asks": [[1.9253, 14766.0], [1.9254, 21167.9], [1.9255, 18477.1], [1.9256, 13545.1], [1.9257, 10888.3], [1.9258, 24689.4], [1.9259, 44237.8], [1.926, 60068.6], [1.9261, 64387.9], [1.9262, 111199.2], [1.9263, 47248.0], [1.9264, 48434.6], [1.9265, 34082.9], [1.9266, 24698.4], [1.9267, 30045.5], [1.9268, 37893.7], [1.9269, 29955.9], [1.927, 31427.3], [1.9271, 25352.7], [1.9272, 57838.5]], "timestamp": "2025-12-17T07:44:01.042116+00:00"}, {"symbol": "XRPUSDT", "bids": [[1.9243, 27376.0], [1.9242, 15475.3], [1.9241, 26547.0], [1.924, 28762.6], [1.9239, 48852.1], [1.9238, 37461.6], [1.9237, 68485.0], [1.9236, 44204.1], [1.9235, 46129.0], [1.9234, 68883.7], [1.9233, 33807.1], [1.9232, 27677.6], [1.9231, 44416.7], [1.923, 123518.9], [1.9229, 39698.8], [1.9228, 44906.0], [1.9227, 28227.0], [1.9226, 33791.4], [1.9225, 26864.7], [1.9224, 42077.9]], "asks": [[1.9244, 4406.4], [1.9245, 3157.6], [1.9246, 22487.3], [1.9247, 29468.0], [1.9248, 32850.7], [1.9249, 17722.8], [1.925, 22416.0], [1.9251, 34381.5], [1.9252, 58712.4], [1.9253, 120897.4], [1.9254, 29654.7], [1.9255, 42185.4], [1.9256, 57229.9], [1.9257, 38359.2], [1.9258, 25002.5], [1.9259, 33612.3], [1.926, 57810.3], [1.9261, 27294.6], [1.9262, 20431.8], [1.9263, 55255.9]], "timestamp": "2025-12-17T07:44:53.393845+00:00"}, {"symbol": "XRPUSDT", "bids": [[1.9244, 17812.6], [1.9243, 9694.2], [1.9242, 35365.1], [1.9241, 32172.4], [1.924, 44444.7], [1.9239, 55553.3], [1.9238, 59197.4], [1.9237, 27478.9], [1.9236, 19779.9], [1.9235, 33338.9], [1.9234, 44430.2], [1.9233, 23242.9], [1.9232, 113181.0], [1.9231, 40796.9], [1.923, 24908.3], [1.9229, 33569.4], [1.9228, 44515.3], [1.9227, 27247.2], [1.9226, 40663.3], [1.9225, 66061.2]], "asks": [[1.9245, 33220.0], [1.9246, 29192.1], [1.9247, 24234.6], [1.9248, 11268.3], [1.9249, 15702.8], [1.925, 34843.8], [1.9251, 45337.7], [1.9252, 54451.2], [1.9253, 33285.7], [1.9254, 43560.8], [1.9255, 116857.9], [1.9256, 50090.9], [1.9257, 32948.4], [1.9258, 17502.6], [1.9259, 37845.0], [1.926, 67935.1], [1.9261, 29322.9], [1.9262, 19212.7], [1.9263, 35065.1], [1.9264, 45348.0]], "timestamp": "2025-12-17T07:45:45.388467+00:00"}