[{"id": "708349889", "price": 1.8609, "amount": 43.0, "side": "sell", "timestamp": 1766014867319}, {"id": "708349890", "price": 1.8609, "amount": 10.6, "side": "sell", "timestamp": 1766014867432}, {"id": "708349891", "price": 1.8609, "amount": 1016.3, "side": "sell", "timestamp": 1766014868083}, {"id": "708349892", "price": 1.8608, "amount": 582.7, "side": "sell", "timestamp": 1766014868188}, {"id": "708349893", "price": 1.8607, "amount": 7.5, "side": "sell", "timestamp": 1766014869168}, {"id": "708349894", "price": 1.8607, "amount": 5.0, "side": "sell", "timestamp": 1766014870857}, {"id": "708349895", "price": 1.8607, "amount": 53.3, "side": "sell", "timestamp": 1766014871374}, {"id": "708349896", "price": 1.8607, "amount": 7.5, "side": "sell", "timestamp": 1766014872041}, {"id": "708349897", "price": 1.8607, "amount": 48.2, "side": "sell", "timestamp": 1766014872908}, {"id": "708349898", "price": 1.8608, "amount": 1674.4, "side": "buy", "timestamp": 1766014873075}, {"id": "708349899", "price": 1.8608, "amount": 150.3, "side": "buy", "timestamp": 1766014873198}, {"id": "708349900", "price": 1.8607, "amount": 9.6, "side": "sell", "timestamp": 1766014873261}, {"id": "708349901", "price": 1.8607, "amount": 14.1, "side": "sell", "timestamp": 1766014874096}, {"id": "708349902", "price": 1.8607, "amount": 2386.9, "side": "sell", "timestamp": 1766014874252}, {"id": "708349903", "price": 1.8607, "amount": 1612.2, "side": "sell", "timestamp": 1766014874909}, {"id": "708349904", "price": 1.8608, "amount": 3.0, "side": "buy", "timestamp": 1766014874928}, {"id": "708349905", "price": 1.8607, "amount": 7.5, "side": "sell", "timestamp": 1766014875062}, {"id": "708349906", "price": 1.8607, "amount": 5.7, "side": "sell", "timestamp": 1766014876212}, {"id": "708349907", "price": 1.8608, "amount": 633.1, "side": "buy", "timestamp": 1766014876415}, {"id": "708349908", "price": 1.8607, "amount": 3.9, "side": "sell", "timestamp": 1766014876896}, {"id": "708349909", "price": 1.8608, "amount": 1458.6, "side": "buy", "timestamp": 1766014877219}, {"id": "708349910", "price": 1.8608, "amount": 154.5, "side": "buy", "timestamp": 1766014877574}, {"id": "708349911", "price": 1.8609, "amount": 1040.3, "side": "buy", "timestamp": 1766014877578}, {"id": "708349912", "price": 1.8609, "amount": 4.4, "side": "sell", "timestamp": 1766014877777}, {"id": "708349913", "price": 1.861, "amount": 22.6, "side": "buy", "timestamp": 1766014878031}, {"id": "708349914", "price": 1.8609, "amount": 7.5, "side": "sell", "timestamp": 1766014878078}, {"id": "708349915", "price": 1.8609, "amount": 5.0, "side": "sell", "timestamp": 1766014878528}, {"id": "708349916", "price": 1.861, "amount": 4.2, "side": "buy", "timestamp": 1766014878820}, {"id": "708349917", "price": 1.8609, "amount": 3.9, "side": "sell", "timestamp": 1766014879117}, {"id": "708349918", "price": 1.8609, "amount": 7.6, "side": "sell", "timestamp": 1766014879430}, {"id": "708349919", "price": 1.861, "amount": 3.3, "side": "buy", "timestamp": 1766014880337}, {"id": "708349920", "price": 1.861, "amount": 8.8, "side": "buy", "timestamp": 1766014880462}, {"id": "708349921", "price": 1.861, "amount": 5.5, "side": "buy", "timestamp": 1766014880801}, {"id": "708349922", "price": 1.8609, "amount": 5.5, "side": "sell", "timestamp": 1766014880908}, {"id": "708349923", "price": 1.8609, "amount": 7.5, "side": "sell", "timestamp": 1766014881095}, {"id": "708349924", "price": 1.861, "amount": 891.6, "side": "buy", "timestamp": 1766014881768}, {"id": "708349925", "price": 1.8611, "amount": 6.4, "side": "buy", "timestamp": 1766014883639}, {"id": "708349926", "price": 1.861, "amount": 16.7, "side": "sell", "timestamp": 1766014883756}, {"id": "708349927", "price": 1.861, "amount": 7.6, "side": "sell", "timestamp": 1766014883904}, {"id": "708349928", "price": 1.861, "amount": 7.5, "side": "sell", "timestamp": 1766014884122}, {"id": "708349929", "price": 1.8611, "amount": 406.3, "side": "buy", "timestamp": 1766014884808}, {"id": "708349930", "price": 1.8611, "amount": 5.3, "side": "buy", "timestamp": 1766014885920}, {"id": "708349931", "price": 1.861, "amount": 3.9, "side": "sell", "timestamp": 1766014886895}, {"id": "708349932", "price": 1.8611, "amount": 6.4, "side": "buy", "timestamp": 1766014887020}, {"id": "708349933", "price": 1.861, "amount": 7.5, "side": "sell", "timestamp": 1766014887137}, {"id": "708349934", "price": 1.861, "amount": 145.0, "side": "sell", "timestamp": 1766014888485}, {"id": "708349935", "price": 1.861, "amount": 17.9, "side": "sell", "timestamp": 1766014888855}, {"id": "708349936", "price": 1.8611, "amount": 3.5, "side": "buy", "timestamp": 1766014889692}, {"id": "708349937", "price": 1.861, "amount": 32.2, "side": "sell", "timestamp": 1766014889788}, {"id": "708349938", "price": 1.861, "amount": 15.9, "side": "sell", "timestamp": 1766014890097}, {"id": "708349992", "price": 1.8612, "amount": 64.2, "side": "buy", "timestamp": 1766014921939}, {"id": "708349993", "price": 1.8611, "amount": 12.7, "side": "sell", "timestamp": 1766014923078}, {"id": "708349994", "price": 1.8611, "amount": 10226.5, "side": "sell", "timestamp": 1766014923822}, {"id": "708349995", "price": 1.8612, "amount": 546.4, "side": "buy", "timestamp": 1766014923932}, {"id": "708349996", "price": 1.8611, "amount": 33.8, "side": "sell", "timestamp": 1766014924501}, {"id": "708349997", "price": 1.8612, "amount": 87.4, "side": "buy", "timestamp": 1766014925266}, {"id": "708349998", "price": 1.8611, "amount": 9.6, "side": "sell", "timestamp": 1766014925492}, {"id": "708349999", "price": 1.8612, "amount": 10.8, "side": "buy", "timestamp": 1766014925844}, {"id": "708350000", "price": 1.8611, "amount": 7.5, "side": "sell", "timestamp": 1766014926093}, {"id": "708350001", "price": 1.8611, "amount": 15.3, "side": "sell", "timestamp": 1766014926358}, {"id": "708350002", "price": 1.8612, "amount": 4.6, "side": "buy", "timestamp": 1766014926385}, {"id": "708350003", "price": 1.8611, "amount": 4.9, "side": "sell", "timestamp": 1766014926458}, {"id": "708350004", "price": 1.8612, "amount": 110.8, "side": "buy", "timestamp": 1766014928526}, {"id": "708350005", "price": 1.8612, "amount": 10.4, "side": "buy", "timestamp": 1766014928673}, {"id": "708350006", "price": 1.8611, "amount": 7.5, "side": "sell", "timestamp": 1766014929127}, {"id": "708350007", "price": 1.8612, "amount": 39.8, "side": "buy", "timestamp": 1766014929361}, {"id": "708350008", "price": 1.8612, "amount": 70.0, "side": "buy", "timestamp": 1766014930215}, {"id": "708350009", "price": 1.8612, "amount": 7.9, "side": "buy", "timestamp": 1766014931630}, {"id": "708350010", "price": 1.8611, "amount": 7.5, "side": "sell", "timestamp": 1766014932138}, {"id": "708350011", "price": 1.8612, "amount": 10.0, "side": "buy", "timestamp": 1766014932804}, {"id": "708350012", "price": 1.8612, "amount": 312.8, "side": "buy", "timestamp": 1766014934990}, {"id": "708350013", "price": 1.8611, "amount": 33.1, "side": "sell", "timestamp": 1766014935173}, {"id": "708350014", "price": 1.8611, "amount": 5.6, "side": "sell", "timestamp": 1766014935471}, {"id": "708350015", "price": 1.8611, "amount": 1216.3, "side": "sell", "timestamp": 1766014937163}, {"id": "708350016", "price": 1.861, "amount": 843.9, "side": "sell", "timestamp": 1766014937207}, {"id": "708350017", "price": 1.861, "amount": 150.3, "side": "buy", "timestamp": 1766014937337}, {"id": "708350018", "price": 1.8609, "amount": 7.5, "side": "sell", "timestamp": 1766014938199}, {"id": "708350019", "price": 1.861, "amount": 4.3, "side": "buy", "timestamp": 1766014938772}, {"id": "708350020", "price": 1.8609, "amount": 8.7, "side": "sell", "timestamp": 1766014938896}, {"id": "708350021", "price": 1.861, "amount": 4996.1, "side": "buy", "timestamp": 1766014940356}, {"id": "708350022", "price": 1.8611, "amount": 1846.5, "side": "buy", "timestamp": 1766014940359}, {"id": "708350023", "price": 1.8611, "amount": 7.5, "side": "sell", "timestamp": 1766014941019}, {"id": "708350024", "price": 1.8611, "amount": 1730.6, "side": "sell", "timestamp": 1766014941218}, {"id": "708350025", "price": 1.8612, "amount": 12.0, "side": "buy", "timestamp": 1766014941606}, {"id": "708350026", "price": 1.8611, "amount": 8.5, "side": "sell", "timestamp": 1766014941664}, {"id": "708350027", "price": 1.8611, "amount": 11.1, "side": "sell", "timestamp": 1766014941835}, {"id": "708350028", "price": 1.8611, "amount": 4.4, "side": "sell", "timestamp": 1766014942297}, {"id": "708350029", "price": 1.8612, "amount": 2356.1, "side": "buy", "timestamp": 1766014942377}, {"id": "708350030", "price": 1.8613, "amount": 289.4, "side": "buy", "timestamp": 1766014943092}, {"id": "708350031", "price": 1.8614, "amount": 35.6, "side": "buy", "timestamp": 1766014943092}, {"id": "708350032", "price": 1.8614, "amount": 305.0, "side": "buy", "timestamp": 1766014943458}, {"id": "708350033", "price": 1.8613, "amount": 7.5, "side": "sell", "timestamp": 1766014944073}, {"id": "708350034", "price": 1.8614, "amount": 172.8, "side": "buy", "timestamp": 1766014945554}, {"id": "708350035", "price": 1.8614, "amount": 500.6, "side": "buy", "timestamp": 1766014945806}, {"id": "708350036", "price": 1.8614, "amount": 54565.0, "side": "sell", "timestamp": 1766014946744}, {"id": "708350037", "price": 1.8613, "amount": 15981.0, "side": "sell", "timestamp": 1766014946744}, {"id": "708350038", "price": 1.8612, "amount": 5117.6, "side": "sell", "timestamp": 1766014946745}, {"id": "708350039", "price": 1.8612, "amount": 15.6, "side": "sell", "timestamp": 1766014947115}, {"id": "708350040", "price": 1.8613, "amount": 6.5, "side": "buy", "timestamp": 1766014949258}, {"id": "708350041", "price": 1.8613, "amount": 191.0, "side": "buy", "timestamp": 1766014949450}, {"id": "708350103", "price": 1.8617, "amount": 3.3, "side": "buy", "timestamp": 1766014980833}, {"id": "708350104", "price": 1.8617, "amount": 15.3, "side": "buy", "timestamp": 1766014981029}, {"id": "708350105", "price": 1.8616, "amount": 9.0, "side": "sell", "timestamp": 1766014981075}, {"id": "708350106", "price": 1.8617, "amount": 5.5, "side": "buy", "timestamp": 1766014981276}, {"id": "708350107", "price": 1.8616, "amount": 43.7, "side": "sell", "timestamp": 1766014981578}, {"id": "708350108", "price": 1.8617, "amount": 5.5, "side": "buy", "timestamp": 1766014981656}, {"id": "708350109", "price": 1.8616, "amount": 7.5, "side": "sell", "timestamp": 1766014983031}, {"id": "708350110", "price": 1.8616, "amount": 17.4, "side": "sell", "timestamp": 1766014983643}, {"id": "708350111", "price": 1.8617, "amount": 26.8, "side": "buy", "timestamp": 1766014984081}, {"id": "708350112", "price": 1.8617, "amount": 11.5, "side": "buy", "timestamp": 1766014984319}, {"id": "708350113", "price": 1.8617, "amount": 4.3, "side": "buy", "timestamp": 1766014984481}, {"id": "708350114", "price": 1.8617, "amount": 467.1, "side": "buy", "timestamp": 1766014984625}, {"id": "708350115", "price": 1.8616, "amount": 4.6, "side": "sell", "timestamp": 1766014984833}, {"id": "708350116", "price": 1.8617, "amount": 2.7, "side": "buy", "timestamp": 1766014984932}, {"id": "708350117", "price": 1.8617, "amount": 278.3, "side": "buy", "timestamp": 1766014985347}, {"id": "708350118", "price": 1.8616, "amount": 7.5, "side": "sell", "timestamp": 1766014986075}, {"id": "708350119", "price": 1.8616, "amount": 5.0, "side": "sell", "timestamp": 1766014986576}, {"id": "708350120", "price": 1.8617, "amount": 70.6, "side": "buy", "timestamp": 1766014986835}, {"id": "708350121", "price": 1.8617, "amount": 27.3, "side": "buy", "timestamp": 1766014987283}, {"id": "708350122", "price": 1.8616, "amount": 43.0, "side": "sell", "timestamp": 1766014987299}, {"id": "708350123", "price": 1.8617, "amount": 5.3, "side": "buy", "timestamp": 1766014987867}, {"id": "708350124", "price": 1.8616, "amount": 16.7, "side": "sell", "timestamp": 1766014987951}, {"id": "708350125", "price": 1.8616, "amount": 7.5, "side": "sell", "timestamp": 1766014989139}, {"id": "708350126", "price": 1.8617, "amount": 101.7, "side": "buy", "timestamp": 1766014990359}, {"id": "708350127", "price": 1.8617, "amount": 9.3, "side": "buy", "timestamp": 1766014990706}, {"id": "708350128", "price": 1.8617, "amount": 6.4, "side": "buy", "timestamp": 1766014991639}, {"id": "708350129", "price": 1.8617, "amount": 65.2, "side": "buy", "timestamp": 1766014992061}, {"id": "708350130", "price": 1.8616, "amount": 7.5, "side": "sell", "timestamp": 1766014992154}, {"id": "708350131", "price": 1.8616, "amount": 6.7, "side": "sell", "timestamp": 1766014992680}, {"id": "708350132", "price": 1.8617, "amount": 667.8, "side": "buy", "timestamp": 1766014993208}, {"id": "708350133", "price": 1.8616, "amount": 8.4, "side": "sell", "timestamp": 1766014994464}, {"id": "708350134", "price": 1.8616, "amount": 7.5, "side": "sell", "timestamp": 1766014995084}, {"id": "708350135", "price": 1.8616, "amount": 29.1, "side": "sell", "timestamp": 1766014995445}, {"id": "708350136", "price": 1.8616, "amount": 4.6, "side": "sell", "timestamp": 1766014995845}, {"id": "708350137", "price": 1.8616, "amount": 7.5, "side": "sell", "timestamp": 1766014998096}, {"id": "708350138", "price": 1.8617, "amount": 3.3, "side": "buy", "timestamp": 1766014999620}, {"id": "708350139", "price": 1.8616, "amount": 8.7, "side": "sell", "timestamp": 1766015000039}, {"id": "708350140", "price": 1.8617, "amount": 4.2, "side": "buy", "timestamp": 1766015000106}, {"id": "708350141", "price": 1.8616, "amount": 6.7, "side": "sell", "timestamp": 1766015000117}, {"id": "708350142", "price": 1.8616, "amount": 5.1, "side": "sell", "timestamp": 1766015000950}, {"id": "708350143", "price": 1.8616, "amount": 7.5, "side": "sell", "timestamp": 1766015001123}, {"id": "708350144", "price": 1.8617, "amount": 805.7, "side": "buy", "timestamp": 1766015001922}, {"id": "708350145", "price": 1.8616, "amount": 20.0, "side": "sell", "timestamp": 1766015002528}, {"id": "708350146", "price": 1.8616, "amount": 13.3, "side": "sell", "timestamp": 1766015002965}, {"id": "708350147", "price": 1.8616, "amount": 11.0, "side": "sell", "timestamp": 1766015003124}, {"id": "708350148", "price": 1.8616, "amount": 9.6, "side": "sell", "timestamp": 1766015003852}, {"id": "708350149", "price": 1.8617, "amount": 253.1, "side": "buy", "timestamp": 1766015004004}, {"id": "708350150", "price": 1.8616, "amount": 7.5, "side": "sell", "timestamp": 1766015004146}, {"id": "708350151", "price": 1.8616, "amount": 5.7, "side": "sell", "timestamp": 1766015005644}, {"id": "708350152", "price": 1.8617, "amount": 9.1, "side": "buy", "timestamp": 1766015005880}, {"id": "708350215", "price": 1.8616, "amount": 68.7, "side": "buy", "timestamp": 1766015039446}, {"id": "708350216", "price": 1.8615, "amount": 16.7, "side": "sell", "timestamp": 1766015039489}, {"id": "708350217", "price": 1.8616, "amount": 1796.7, "side": "buy", "timestamp": 1766015039531}, {"id": "708350218", "price": 1.8616, "amount": 1483.9, "side": "buy", "timestamp": 1766015039733}, {"id": "708350219", "price": 1.8615, "amount": 7.5, "side": "sell", "timestamp": 1766015040010}, {"id": "708350220", "price": 1.8616, "amount": 3.6, "side": "buy", "timestamp": 1766015040098}, {"id": "708350221", "price": 1.8616, "amount": 201.0, "side": "buy", "timestamp": 1766015040332}, {"id": "708350222", "price": 1.8617, "amount": 16.2, "side": "buy", "timestamp": 1766015041035}, {"id": "708350223", "price": 1.8617, "amount": 5.8, "side": "buy", "timestamp": 1766015041147}, {"id": "708350224", "price": 1.8616, "amount": 2718.4, "side": "sell", "timestamp": 1766015041729}, {"id": "708350225", "price": 1.8616, "amount": 4.2, "side": "buy", "timestamp": 1766015043029}, {"id": "708350226", "price": 1.8615, "amount": 3708.0, "side": "sell", "timestamp": 1766015043031}, {"id": "708350227", "price": 1.8616, "amount": 10253.4, "side": "buy", "timestamp": 1766015043163}, {"id": "708350228", "price": 1.8615, "amount": 6022.4, "side": "sell", "timestamp": 1766015044121}, {"id": "708350229", "price": 1.8614, "amount": 730.3, "side": "sell", "timestamp": 1766015044121}, {"id": "708350230", "price": 1.8615, "amount": 12.4, "side": "buy", "timestamp": 1766015044139}, {"id": "708350231", "price": 1.8615, "amount": 2.8, "side": "buy", "timestamp": 1766015045236}, {"id": "708350232", "price": 1.8614, "amount": 3.9, "side": "sell", "timestamp": 1766015045699}, {"id": "708350233", "price": 1.8614, "amount": 7.5, "side": "sell", "timestamp": 1766015046104}, {"id": "708350234", "price": 1.8614, "amount": 161.8, "side": "sell", "timestamp": 1766015047136}, {"id": "708350235", "price": 1.8615, "amount": 15.8, "side": "buy", "timestamp": 1766015047139}, {"id": "708350236", "price": 1.8614, "amount": 3.8, "side": "sell", "timestamp": 1766015047439}, {"id": "708350237", "price": 1.8614, "amount": 69.4, "side": "sell", "timestamp": 1766015047751}, {"id": "708350238", "price": 1.8613, "amount": 5.5, "side": "sell", "timestamp": 1766015048156}, {"id": "708350239", "price": 1.8614, "amount": 295.8, "side": "buy", "timestamp": 1766015048755}, {"id": "708350240", "price": 1.8614, "amount": 178.8, "side": "buy", "timestamp": 1766015048930}, {"id": "708350241", "price": 1.8613, "amount": 111.0, "side": "sell", "timestamp": 1766015049000}, {"id": "708350242", "price": 1.8613, "amount": 7.5, "side": "sell", "timestamp": 1766015049193}, {"id": "708350243", "price": 1.8613, "amount": 600.8, "side": "sell", "timestamp": 1766015049296}, {"id": "708350244", "price": 1.8613, "amount": 1047.5, "side": "sell", "timestamp": 1766015049624}, {"id": "708350245", "price": 1.8613, "amount": 13.5, "side": "sell", "timestamp": 1766015049769}, {"id": "708350246", "price": 1.8613, "amount": 19.2, "side": "sell", "timestamp": 1766015049923}, {"id": "708350247", "price": 1.8613, "amount": 122.5, "side": "sell", "timestamp": 1766015051886}, {"id": "708350248", "price": 1.8614, "amount": 246.1, "side": "buy", "timestamp": 1766015051954}, {"id": "708350249", "price": 1.8613, "amount": 14.7, "side": "sell", "timestamp": 1766015052017}, {"id": "708350250", "price": 1.8614, "amount": 7.6, "side": "buy", "timestamp": 1766015052082}, {"id": "708350251", "price": 1.8613, "amount": 5.6, "side": "sell", "timestamp": 1766015052353}, {"id": "708350252", "price": 1.8614, "amount": 53.6, "side": "buy", "timestamp": 1766015052390}, {"id": "708350253", "price": 1.8614, "amount": 11.1, "side": "buy", "timestamp": 1766015053390}, {"id": "708350254", "price": 1.8614, "amount": 422.4, "side": "buy", "timestamp": 1766015054834}, {"id": "708350255", "price": 1.8613, "amount": 7.5, "side": "sell", "timestamp": 1766015055068}, {"id": "708350256", "price": 1.8614, "amount": 1.4, "side": "buy", "timestamp": 1766015055795}, {"id": "708350257", "price": 1.8614, "amount": 4.2, "side": "buy", "timestamp": 1766015055969}, {"id": "708350258", "price": 1.8613, "amount": 4.0, "side": "sell", "timestamp": 1766015056451}, {"id": "708350259", "price": 1.8613, "amount": 323.1, "side": "sell", "timestamp": 1766015056691}, {"id": "708350260", "price": 1.8613, "amount": 687.6, "side": "sell", "timestamp": 1766015057765}, {"id": "708350261", "price": 1.8613, "amount": 7.5, "side": "sell", "timestamp": 1766015058080}, {"id": "708350262", "price": 1.8613, "amount": 384.2, "side": "sell", "timestamp": 1766015058430}, {"id": "708350263", "price": 1.8613, "amount": 3.8, "side": "sell", "timestamp": 1766015060976}, {"id": "708350264", "price": 1.8613, "amount": 78.1, "side": "sell", "timestamp": 1766015061096}, {"id": "708350325", "price": 1.861, "amount": 1.3, "side": "buy", "timestamp": 1766015098205}, {"id": "708350326", "price": 1.861, "amount": 6.9, "side": "buy", "timestamp": 1766015099641}, {"id": "708350327", "price": 1.8609, "amount": 7.5, "side": "sell", "timestamp": 1766015100069}, {"id": "708350328", "price": 1.861, "amount": 16027.9, "side": "buy", "timestamp": 1766015100072}, {"id": "708350329", "price": 1.8611, "amount": 3019.0, "side": "buy", "timestamp": 1766015100104}, {"id": "708350330", "price": 1.8612, "amount": 90.2, "side": "buy", "timestamp": 1766015100118}, {"id": "708350331", "price": 1.8613, "amount": 15.8, "side": "buy", "timestamp": 1766015101065}, {"id": "708350332", "price": 1.8613, "amount": 10.1, "side": "buy", "timestamp": 1766015101204}, {"id": "708350333", "price": 1.8613, "amount": 16.1, "side": "buy", "timestamp": 1766015103011}, {"id": "708350334", "price": 1.8613, "amount": 161.0, "side": "buy", "timestamp": 1766015103175}, {"id": "708350335", "price": 1.8613, "amount": 4.7, "side": "buy", "timestamp": 1766015103468}, {"id": "708350336", "price": 1.8612, "amount": 1885.8, "side": "sell", "timestamp": 1766015103490}, {"id": "708350337", "price": 1.8612, "amount": 2.8, "side": "sell", "timestamp": 1766015104555}, {"id": "708350338", "price": 1.8613, "amount": 246.9, "side": "buy", "timestamp": 1766015104703}, {"id": "708350339", "price": 1.8613, "amount": 872.7, "side": "buy", "timestamp": 1766015104815}, {"id": "708350340", "price": 1.8613, "amount": 7.2, "side": "buy", "timestamp": 1766015105031}, {"id": "708350341", "price": 1.8612, "amount": 2.7, "side": "sell", "timestamp": 1766015105668}, {"id": "708350342", "price": 1.8613, "amount": 2.8, "side": "buy", "timestamp": 1766015106172}, {"id": "708350343", "price": 1.8613, "amount": 1.4, "side": "buy", "timestamp": 1766015107333}, {"id": "708350344", "price": 1.8612, "amount": 21.4, "side": "sell", "timestamp": 1766015107981}, {"id": "708350345", "price": 1.8613, "amount": 78.0, "side": "buy", "timestamp": 1766015108660}, {"id": "708350346", "price": 1.8612, "amount": 17.1, "side": "sell", "timestamp": 1766015109822}, {"id": "708350347", "price": 1.8612, "amount": 42.5, "side": "sell", "timestamp": 1766015110184}, {"id": "708350348", "price": 1.8613, "amount": 10.7, "side": "buy", "timestamp": 1766015110353}, {"id": "708350349", "price": 1.8613, "amount": 132.6, "side": "buy", "timestamp": 1766015110556}, {"id": "708350350", "price": 1.8612, "amount": 4852.7, "side": "sell", "timestamp": 1766015110831}, {"id": "708350351", "price": 1.8612, "amount": 3293.9, "side": "sell", "timestamp": 1766015111841}, {"id": "708350352", "price": 1.8611, "amount": 27.8, "side": "sell", "timestamp": 1766015111853}, {"id": "708350353", "price": 1.861, "amount": 82.9, "side": "sell", "timestamp": 1766015111877}, {"id": "708350354", "price": 1.861, "amount": 81.9, "side": "buy", "timestamp": 1766015112106}, {"id": "708350355", "price": 1.861, "amount": 49.2, "side": "buy", "timestamp": 1766015113582}, {"id": "708350356", "price": 1.8609, "amount": 116.3, "side": "sell", "timestamp": 1766015114008}, {"id": "708350357", "price": 1.8609, "amount": 2941.5, "side": "sell", "timestamp": 1766015114296}, {"id": "708350358", "price": 1.861, "amount": 5.4, "side": "buy", "timestamp": 1766015114308}, {"id": "708350359", "price": 1.861, "amount": 600.0, "side": "buy", "timestamp": 1766015114986}, {"id": "708350360", "price": 1.8609, "amount": 3848.9, "side": "sell", "timestamp": 1766015115842}, {"id": "708350361", "price": 1.8608, "amount": 246.0, "side": "sell", "timestamp": 1766015115852}, {"id": "708350362", "price": 1.8608, "amount": 5.5, "side": "buy", "timestamp": 1766015116815}, {"id": "708350363", "price": 1.8608, "amount": 52.4, "side": "buy", "timestamp": 1766015118189}, {"id": "708350364", "price": 1.8608, "amount": 4.4, "side": "buy", "timestamp": 1766015119020}, {"id": "708350365", "price": 1.8608, "amount": 54.0, "side": "buy", "timestamp": 1766015119182}, {"id": "708350366", "price": 1.8608, "amount": 2216.1, "side": "buy", "timestamp": 1766015119563}, {"id": "708350367", "price": 1.8608, "amount": 3.3, "side": "buy", "timestamp": 1766015119681}, {"id": "708350368", "price": 1.8608, "amount": 2.6, "side": "buy", "timestamp": 1766015120010}, {"id": "708350369", "price": 1.8607, "amount": 12.0, "side": "sell", "timestamp": 1766015120714}, {"id": "708350370", "price": 1.8608, "amount": 762.9, "side": "buy", "timestamp": 1766015120794}, {"id": "708350371", "price": 1.8607, "amount": 10.0, "side": "sell", "timestamp": 1766015121261}, {"id": "708350372", "price": 1.8607, "amount": 10.2, "side": "sell", "timestamp": 1766015121405}, {"id": "708350373", "price": 1.8607, "amount": 3.3, "side": "sell", "timestamp": 1766015121895}, {"id": "708350374", "price": 1.8607, "amount": 495.2, "side": "sell", "timestamp": 1766015122194}, {"id": "708350453", "price": 1.8616, "amount": 300.0, "side": "buy", "timestamp": 1766015152485}, {"id": "708350454", "price": 1.8616, "amount": 36762.0, "side": "buy", "timestamp": 1766015152616}, {"id": "708350455", "price": 1.8617, "amount": 6286.4, "side": "buy", "timestamp": 1766015152616}, {"id": "708350456", "price": 1.8617, "amount": 592.7, "side": "buy", "timestamp": 1766015153575}, {"id": "708350457", "price": 1.8616, "amount": 890.4, "side": "sell", "timestamp": 1766015153968}, {"id": "708350458", "price": 1.8615, "amount": 7.5, "side": "sell", "timestamp": 1766015154121}, {"id": "708350459", "price": 1.8616, "amount": 7.1, "side": "buy", "timestamp": 1766015156808}, {"id": "708350460", "price": 1.8616, "amount": 0.4, "side": "buy", "timestamp": 1766015156968}, {"id": "708350461", "price": 1.8615, "amount": 7.5, "side": "sell", "timestamp": 1766015157200}, {"id": "708350462", "price": 1.8615, "amount": 37.8, "side": "sell", "timestamp": 1766015157351}, {"id": "708350463", "price": 1.8616, "amount": 2.7, "side": "buy", "timestamp": 1766015157655}, {"id": "708350464", "price": 1.8616, "amount": 3.2, "side": "buy", "timestamp": 1766015157823}, {"id": "708350465", "price": 1.8616, "amount": 600.0, "side": "buy", "timestamp": 1766015158229}, {"id": "708350466", "price": 1.8616, "amount": 1.2, "side": "buy", "timestamp": 1766015159104}, {"id": "708350467", "price": 1.8616, "amount": 7.3, "side": "buy", "timestamp": 1766015159252}, {"id": "708350468", "price": 1.8615, "amount": 7.5, "side": "sell", "timestamp": 1766015160052}, {"id": "708350469", "price": 1.8616, "amount": 10.3, "side": "buy", "timestamp": 1766015160843}, {"id": "708350470", "price": 1.8615, "amount": 2094.9, "side": "sell", "timestamp": 1766015160894}, {"id": "708350471", "price": 1.8614, "amount": 3860.7, "side": "sell", "timestamp": 1766015160894}, {"id": "708350472", "price": 1.8614, "amount": 43.1, "side": "buy", "timestamp": 1766015161022}, {"id": "708350473", "price": 1.8614, "amount": 16.1, "side": "buy", "timestamp": 1766015161688}, {"id": "708350474", "price": 1.8614, "amount": 11.8, "side": "buy", "timestamp": 1766015162235}, {"id": "708350475", "price": 1.8613, "amount": 11.4, "side": "sell", "timestamp": 1766015163106}, {"id": "708350476", "price": 1.8614, "amount": 4.2, "side": "buy", "timestamp": 1766015163226}, {"id": "708350477", "price": 1.8614, "amount": 20.0, "side": "buy", "timestamp": 1766015163600}, {"id": "708350478", "price": 1.8614, "amount": 130.0, "side": "buy", "timestamp": 1766015163918}, {"id": "708350479", "price": 1.8614, "amount": 447.1, "side": "buy", "timestamp": 1766015164582}, {"id": "708350480", "price": 1.8614, "amount": 6.4, "side": "buy", "timestamp": 1766015164919}, {"id": "708350481", "price": 1.8614, "amount": 26861.5, "side": "buy", "timestamp": 1766015165195}, {"id": "708350482", "price": 1.8614, "amount": 1.3, "side": "buy", "timestamp": 1766015166111}, {"id": "708350483", "price": 1.8613, "amount": 155.1, "side": "sell", "timestamp": 1766015166209}, {"id": "708350484", "price": 1.8614, "amount": 1.4, "side": "buy", "timestamp": 1766015166535}, {"id": "708350485", "price": 1.8613, "amount": 3096.2, "side": "sell", "timestamp": 1766015166815}, {"id": "708350486", "price": 1.8613, "amount": 2.8, "side": "buy", "timestamp": 1766015166850}, {"id": "708350487", "price": 1.8612, "amount": 3671.7, "side": "sell", "timestamp": 1766015166903}, {"id": "708350488", "price": 1.8611, "amount": 1660.4, "side": "sell", "timestamp": 1766015166918}, {"id": "708350489", "price": 1.861, "amount": 226.2, "side": "sell", "timestamp": 1766015168235}, {"id": "708350490", "price": 1.861, "amount": 56.4, "side": "buy", "timestamp": 1766015168946}, {"id": "708350491", "price": 1.8609, "amount": 7.5, "side": "sell", "timestamp": 1766015169060}, {"id": "708350492", "price": 1.861, "amount": 114.7, "side": "buy", "timestamp": 1766015169495}, {"id": "708350493", "price": 1.861, "amount": 5.1, "side": "buy", "timestamp": 1766015170363}, {"id": "708350494", "price": 1.861, "amount": 6.5, "side": "buy", "timestamp": 1766015171638}, {"id": "708350495", "price": 1.8609, "amount": 7.5, "side": "sell", "timestamp": 1766015172116}, {"id": "708350496", "price": 1.8609, "amount": 7.5, "side": "sell", "timestamp": 1766015175201}, {"id": "708350497", "price": 1.8609, "amount": 516.0, "side": "sell", "timestamp": 1766015175571}, {"id": "708350498", "price": 1.8608, "amount": 68.6, "side": "sell", "timestamp": 1766015176059}, {"id": "708350499", "price": 1.8609, "amount": 20.5, "side": "buy", "timestamp": 1766015177332}, {"id": "708350500", "price": 1.8608, "amount": 158.4, "side": "sell", "timestamp": 1766015177657}, {"id": "708350501", "price": 1.8608, "amount": 7.5, "side": "sell", "timestamp": 1766015178043}, {"id": "708350502", "price": 1.8609, "amount": 47.2, "side": "buy", "timestamp": 1766015178179}, {"id": "708350597", "price": 1.8621, "amount": 7.5, "side": "sell", "timestamp": 1766015214108}, {"id": "708350598", "price": 1.8622, "amount": 111.0, "side": "buy", "timestamp": 1766015214115}, {"id": "708350599", "price": 1.8623, "amount": 3.1, "side": "buy", "timestamp": 1766015214854}, {"id": "708350600", "price": 1.8623, "amount": 3.1, "side": "buy", "timestamp": 1766015216346}, {"id": "708350601", "price": 1.8622, "amount": 0.1, "side": "sell", "timestamp": 1766015216469}, {"id": "708350602", "price": 1.8622, "amount": 500.0, "side": "sell", "timestamp": 1766015216617}, {"id": "708350603", "price": 1.8621, "amount": 54.7, "side": "sell", "timestamp": 1766015216642}, {"id": "708350604", "price": 1.8621, "amount": 6.2, "side": "buy", "timestamp": 1766015216778}, {"id": "708350605", "price": 1.862, "amount": 11.3, "side": "sell", "timestamp": 1766015216831}, {"id": "708350606", "price": 1.8621, "amount": 14.3, "side": "buy", "timestamp": 1766015216868}, {"id": "708350607", "price": 1.8622, "amount": 11.0, "side": "buy", "timestamp": 1766015216959}, {"id": "708350608", "price": 1.8621, "amount": 7.5, "side": "sell", "timestamp": 1766015217137}, {"id": "708350609", "price": 1.8622, "amount": 2.8, "side": "buy", "timestamp": 1766015217264}, {"id": "708350610", "price": 1.8621, "amount": 27.8, "side": "sell", "timestamp": 1766015217409}, {"id": "708350611", "price": 1.8621, "amount": 8.2, "side": "buy", "timestamp": 1766015217566}, {"id": "708350612", "price": 1.8622, "amount": 3.0, "side": "buy", "timestamp": 1766015217920}, {"id": "708350613", "price": 1.8622, "amount": 795.6, "side": "buy", "timestamp": 1766015219367}, {"id": "708350614", "price": 1.8621, "amount": 3.9, "side": "sell", "timestamp": 1766015219948}, {"id": "708350615", "price": 1.8621, "amount": 7.5, "side": "sell", "timestamp": 1766015220170}, {"id": "708350616", "price": 1.8621, "amount": 0.1, "side": "sell", "timestamp": 1766015220449}, {"id": "708350617", "price": 1.8622, "amount": 188.5, "side": "buy", "timestamp": 1766015220574}, {"id": "708350618", "price": 1.8622, "amount": 7.0, "side": "buy", "timestamp": 1766015220794}, {"id": "708350619", "price": 1.8622, "amount": 17.6, "side": "buy", "timestamp": 1766015220966}, {"id": "708350620", "price": 1.8622, "amount": 8.0, "side": "buy", "timestamp": 1766015221090}, {"id": "708350621", "price": 1.8622, "amount": 4.4, "side": "buy", "timestamp": 1766015221255}, {"id": "708350622", "price": 1.8622, "amount": 5.7, "side": "buy", "timestamp": 1766015221868}, {"id": "708350623", "price": 1.8622, "amount": 5.3, "side": "buy", "timestamp": 1766015222842}, {"id": "708350624", "price": 1.8621, "amount": 7.5, "side": "sell", "timestamp": 1766015223016}, {"id": "708350625", "price": 1.8622, "amount": 129.8, "side": "buy", "timestamp": 1766015223205}, {"id": "708350626", "price": 1.8622, "amount": 552.6, "side": "buy", "timestamp": 1766015223598}, {"id": "708350627", "price": 1.8622, "amount": 6944.1, "side": "buy", "timestamp": 1766015224521}, {"id": "708350628", "price": 1.8622, "amount": 3.1, "side": "buy", "timestamp": 1766015224843}, {"id": "708350629", "price": 1.8621, "amount": 3.8, "side": "sell", "timestamp": 1766015224873}, {"id": "708350630", "price": 1.8622, "amount": 11.1, "side": "buy", "timestamp": 1766015225638}, {"id": "708350631", "price": 1.8621, "amount": 0.1, "side": "sell", "timestamp": 1766015225709}, {"id": "708350632", "price": 1.8621, "amount": 7.5, "side": "sell", "timestamp": 1766015226108}, {"id": "708350633", "price": 1.8622, "amount": 5.4, "side": "buy", "timestamp": 1766015226918}, {"id": "708350634", "price": 1.8621, "amount": 7.5, "side": "sell", "timestamp": 1766015229135}, {"id": "708350635", "price": 1.8622, "amount": 250.9, "side": "buy", "timestamp": 1766015229247}, {"id": "708350636", "price": 1.8621, "amount": 156.4, "side": "sell", "timestamp": 1766015229823}, {"id": "708350637", "price": 1.8621, "amount": 3.7, "side": "sell", "timestamp": 1766015230348}, {"id": "708350638", "price": 1.8622, "amount": 7.8, "side": "buy", "timestamp": 1766015230505}, {"id": "708350639", "price": 1.8622, "amount": 2324.1, "side": "buy", "timestamp": 1766015230953}, {"id": "708350640", "price": 1.8621, "amount": 0.1, "side": "sell", "timestamp": 1766015231096}, {"id": "708350641", "price": 1.8621, "amount": 7.5, "side": "sell", "timestamp": 1766015232164}, {"id": "708350642", "price": 1.8621, "amount": 107.4, "side": "sell", "timestamp": 1766015232307}, {"id": "708350643", "price": 1.8622, "amount": 220.3, "side": "buy", "timestamp": 1766015232310}, {"id": "708350644", "price": 1.8621, "amount": 3736.2, "side": "sell", "timestamp": 1766015233405}, {"id": "708350645", "price": 1.862, "amount": 179.2, "side": "sell", "timestamp": 1766015233457}, {"id": "708350646", "price": 1.8619, "amount": 219.2, "side": "sell", "timestamp": 1766015233487}, {"id": "708350721", "price": 1.8616, "amount": 76.5, "side": "sell", "timestamp": 1766015277270}, {"id": "708350722", "price": 1.8617, "amount": 0.1, "side": "buy", "timestamp": 1766015277784}, {"id": "708350723", "price": 1.8616, "amount": 5.3, "side": "sell", "timestamp": 1766015277807}, {"id": "708350724", "price": 1.8617, "amount": 4.2, "side": "buy", "timestamp": 1766015277842}, {"id": "708350725", "price": 1.8617, "amount": 0.1, "side": "buy", "timestamp": 1766015277972}, {"id": "708350726", "price": 1.8617, "amount": 0.1, "side": "buy", "timestamp": 1766015278623}, {"id": "708350727", "price": 1.8617, "amount": 6.4, "side": "buy", "timestamp": 1766015279636}, {"id": "708350728", "price": 1.8617, "amount": 4.7, "side": "buy", "timestamp": 1766015279775}, {"id": "708350729", "price": 1.8617, "amount": 0.1, "side": "buy", "timestamp": 1766015279908}, {"id": "708350730", "price": 1.8616, "amount": 7.5, "side": "sell", "timestamp": 1766015280106}, {"id": "708350731", "price": 1.8617, "amount": 85.3, "side": "buy", "timestamp": 1766015280825}, {"id": "708350732", "price": 1.8616, "amount": 5996.2, "side": "sell", "timestamp": 1766015280884}, {"id": "708350733", "price": 1.8616, "amount": 35.0, "side": "buy", "timestamp": 1766015280958}, {"id": "708350734", "price": 1.8615, "amount": 2517.3, "side": "sell", "timestamp": 1766015281036}, {"id": "708350735", "price": 1.8615, "amount": 0.1, "side": "buy", "timestamp": 1766015281063}, {"id": "708350736", "price": 1.8615, "amount": 209.2, "side": "buy", "timestamp": 1766015281165}, {"id": "708350737", "price": 1.8614, "amount": 856.0, "side": "sell", "timestamp": 1766015281572}, {"id": "708350738", "price": 1.8615, "amount": 0.1, "side": "buy", "timestamp": 1766015281729}, {"id": "708350739", "price": 1.8615, "amount": 0.1, "side": "buy", "timestamp": 1766015281915}, {"id": "708350740", "price": 1.8614, "amount": 443.9, "side": "sell", "timestamp": 1766015281916}, {"id": "708350741", "price": 1.8613, "amount": 268.6, "side": "sell", "timestamp": 1766015282560}, {"id": "708350742", "price": 1.8614, "amount": 0.1, "side": "buy", "timestamp": 1766015283067}, {"id": "708350743", "price": 1.8613, "amount": 7.5, "side": "sell", "timestamp": 1766015283134}, {"id": "708350744", "price": 1.8614, "amount": 0.1, "side": "buy", "timestamp": 1766015283732}, {"id": "708350745", "price": 1.8614, "amount": 0.1, "side": "buy", "timestamp": 1766015284442}, {"id": "708350746", "price": 1.8614, "amount": 4.5, "side": "buy", "timestamp": 1766015285059}, {"id": "708350747", "price": 1.8613, "amount": 762.9, "side": "sell", "timestamp": 1766015285160}, {"id": "708350748", "price": 1.8613, "amount": 16.0, "side": "sell", "timestamp": 1766015285406}, {"id": "708350749", "price": 1.8614, "amount": 0.1, "side": "buy", "timestamp": 1766015285725}, {"id": "708350750", "price": 1.8614, "amount": 0.1, "side": "buy", "timestamp": 1766015285969}, {"id": "708350751", "price": 1.8613, "amount": 7.5, "side": "sell", "timestamp": 1766015286187}, {"id": "708350752", "price": 1.8614, "amount": 0.1, "side": "buy", "timestamp": 1766015287117}, {"id": "708350753", "price": 1.8614, "amount": 2.7, "side": "buy", "timestamp": 1766015287602}, {"id": "708350754", "price": 1.8614, "amount": 1.2, "side": "buy", "timestamp": 1766015288943}, {"id": "708350755", "price": 1.8613, "amount": 7.5, "side": "sell", "timestamp": 1766015289219}, {"id": "708350756", "price": 1.8613, "amount": 38.4, "side": "sell", "timestamp": 1766015289737}, {"id": "708350757", "price": 1.8613, "amount": 15.2, "side": "sell", "timestamp": 1766015289896}, {"id": "708350758", "price": 1.8613, "amount": 20.0, "side": "sell", "timestamp": 1766015290022}, {"id": "708350759", "price": 1.8613, "amount": 139.4, "side": "sell", "timestamp": 1766015290602}, {"id": "708350760", "price": 1.8614, "amount": 1954.0, "side": "buy", "timestamp": 1766015291789}, {"id": "708350761", "price": 1.8613, "amount": 7.5, "side": "sell", "timestamp": 1766015292037}, {"id": "708350762", "price": 1.8613, "amount": 1849.3, "side": "sell", "timestamp": 1766015292295}, {"id": "708350763", "price": 1.8613, "amount": 19.1, "side": "sell", "timestamp": 1766015293222}, {"id": "708350764", "price": 1.8614, "amount": 264.3, "side": "buy", "timestamp": 1766015293679}, {"id": "708350765", "price": 1.8613, "amount": 46.2, "side": "sell", "timestamp": 1766015293698}, {"id": "708350766", "price": 1.8613, "amount": 1069.9, "side": "sell", "timestamp": 1766015294029}, {"id": "708350767", "price": 1.8612, "amount": 601.3, "side": "sell", "timestamp": 1766015294094}, {"id": "708350768", "price": 1.8612, "amount": 163.2, "side": "buy", "timestamp": 1766015294414}, {"id": "708350769", "price": 1.8611, "amount": 383.3, "side": "sell", "timestamp": 1766015294719}, {"id": "708350770", "price": 1.8611, "amount": 10.9, "side": "buy", "timestamp": 1766015294932}, {"id": "708350872", "price": 1.8605, "amount": 0.1, "side": "buy", "timestamp": 1766015331341}, {"id": "708350873", "price": 1.8605, "amount": 104.2, "side": "buy", "timestamp": 1766015331758}, {"id": "708350874", "price": 1.8605, "amount": 0.1, "side": "buy", "timestamp": 1766015332850}, {"id": "708350875", "price": 1.8604, "amount": 19.2, "side": "sell", "timestamp": 1766015333152}, {"id": "708350876", "price": 1.8604, "amount": 3.1, "side": "sell", "timestamp": 1766015333537}, {"id": "708350877", "price": 1.8605, "amount": 145.9, "side": "buy", "timestamp": 1766015333701}, {"id": "708350878", "price": 1.8604, "amount": 7.5, "side": "sell", "timestamp": 1766015334100}, {"id": "708350879", "price": 1.8604, "amount": 8.6, "side": "sell", "timestamp": 1766015335119}, {"id": "708350880", "price": 1.8605, "amount": 42990.2, "side": "buy", "timestamp": 1766015335273}, {"id": "708350881", "price": 1.8606, "amount": 324.3, "side": "buy", "timestamp": 1766015335293}, {"id": "708350882", "price": 1.8606, "amount": 322.5, "side": "sell", "timestamp": 1766015335751}, {"id": "708350883", "price": 1.8606, "amount": 1209.7, "side": "sell", "timestamp": 1766015335903}, {"id": "708350884", "price": 1.8605, "amount": 41.1, "side": "sell", "timestamp": 1766015336090}, {"id": "708350885", "price": 1.8605, "amount": 26.8, "side": "buy", "timestamp": 1766015336368}, {"id": "708350886", "price": 1.8604, "amount": 17.3, "side": "sell", "timestamp": 1766015336681}, {"id": "708350887", "price": 1.8605, "amount": 8.8, "side": "buy", "timestamp": 1766015337113}, {"id": "708350888", "price": 1.8604, "amount": 68.8, "side": "sell", "timestamp": 1766015337141}, {"id": "708350889", "price": 1.8605, "amount": 6240.4, "side": "buy", "timestamp": 1766015337545}, {"id": "708350890", "price": 1.8605, "amount": 1798.4, "side": "buy", "timestamp": 1766015337840}, {"id": "708350891", "price": 1.8605, "amount": 38061.4, "side": "buy", "timestamp": 1766015337959}, {"id": "708350892", "price": 1.8606, "amount": 5885.1, "side": "buy", "timestamp": 1766015338017}, {"id": "708350893", "price": 1.8605, "amount": 26.8, "side": "sell", "timestamp": 1766015339027}, {"id": "708350894", "price": 1.8605, "amount": 1243.5, "side": "sell", "timestamp": 1766015339452}, {"id": "708350895", "price": 1.8605, "amount": 8375.3, "side": "sell", "timestamp": 1766015339821}, {"id": "708350896", "price": 1.8605, "amount": 7.5, "side": "sell", "timestamp": 1766015340098}, {"id": "708350897", "price": 1.8606, "amount": 360.3, "side": "buy", "timestamp": 1766015340434}, {"id": "708350898", "price": 1.8606, "amount": 1.2, "side": "buy", "timestamp": 1766015340696}, {"id": "708350899", "price": 1.8606, "amount": 16.6, "side": "buy", "timestamp": 1766015341115}, {"id": "708350900", "price": 1.8606, "amount": 7.6, "side": "buy", "timestamp": 1766015341220}, {"id": "708350901", "price": 1.8606, "amount": 500.0, "side": "buy", "timestamp": 1766015341684}, {"id": "708350902", "price": 1.8606, "amount": 4.6, "side": "buy", "timestamp": 1766015342699}, {"id": "708350903", "price": 1.8605, "amount": 7.5, "side": "sell", "timestamp": 1766015343129}, {"id": "708350904", "price": 1.8606, "amount": 4.5, "side": "buy", "timestamp": 1766015343162}, {"id": "708350905", "price": 1.8606, "amount": 3.7, "side": "buy", "timestamp": 1766015343719}, {"id": "708350906", "price": 1.8606, "amount": 153.3, "side": "buy", "timestamp": 1766015343829}, {"id": "708350907", "price": 1.8605, "amount": 17.4, "side": "sell", "timestamp": 1766015344038}, {"id": "708350908", "price": 1.8606, "amount": 3.3, "side": "buy", "timestamp": 1766015344554}, {"id": "708350909", "price": 1.8606, "amount": 48.9, "side": "buy", "timestamp": 1766015344867}, {"id": "708350910", "price": 1.8605, "amount": 7.6, "side": "sell", "timestamp": 1766015345382}, {"id": "708350911", "price": 1.8605, "amount": 11.0, "side": "sell", "timestamp": 1766015345786}, {"id": "708350912", "price": 1.8605, "amount": 7.5, "side": "sell", "timestamp": 1766015346160}, {"id": "708350913", "price": 1.8605, "amount": 3.3, "side": "sell", "timestamp": 1766015346894}, {"id": "708350914", "price": 1.8605, "amount": 17.3, "side": "sell", "timestamp": 1766015347054}, {"id": "708350915", "price": 1.8605, "amount": 773.2, "side": "sell", "timestamp": 1766015348298}, {"id": "708350916", "price": 1.8605, "amount": 7.5, "side": "sell", "timestamp": 1766015349060}, {"id": "708350917", "price": 1.8605, "amount": 91.4, "side": "sell", "timestamp": 1766015349202}, {"id": "708350918", "price": 1.8606, "amount": 3.3, "side": "buy", "timestamp": 1766015349720}, {"id": "708350919", "price": 1.8605, "amount": 6.5, "side": "sell", "timestamp": 1766015349871}, {"id": "708350920", "price": 1.8605, "amount": 164.4, "side": "sell", "timestamp": 1766015350182}, {"id": "708350921", "price": 1.8606, "amount": 6.5, "side": "buy", "timestamp": 1766015351641}, {"id": "708351000", "price": 1.8612, "amount": 89.4, "side": "buy", "timestamp": 1766015381028}, {"id": "708351001", "price": 1.8613, "amount": 221.6, "side": "buy", "timestamp": 1766015381950}, {"id": "708351002", "price": 1.8612, "amount": 7.5, "side": "sell", "timestamp": 1766015382020}, {"id": "708351003", "price": 1.8613, "amount": 5.3, "side": "buy", "timestamp": 1766015384091}, {"id": "708351004", "price": 1.8612, "amount": 7.5, "side": "sell", "timestamp": 1766015385062}, {"id": "708351005", "price": 1.8612, "amount": 53.7, "side": "sell", "timestamp": 1766015386341}, {"id": "708351006", "price": 1.8612, "amount": 32.4, "side": "sell", "timestamp": 1766015387221}, {"id": "708351007", "price": 1.8613, "amount": 6.5, "side": "buy", "timestamp": 1766015387644}, {"id": "708351008", "price": 1.8612, "amount": 21.4, "side": "sell", "timestamp": 1766015387986}, {"id": "708351009", "price": 1.8612, "amount": 7.5, "side": "sell", "timestamp": 1766015388090}, {"id": "708351010", "price": 1.8613, "amount": 4.5, "side": "buy", "timestamp": 1766015388655}, {"id": "708351011", "price": 1.8612, "amount": 69.1, "side": "sell", "timestamp": 1766015388820}, {"id": "708351012", "price": 1.8611, "amount": 148.5, "side": "sell", "timestamp": 1766015388833}, {"id": "708351013", "price": 1.8611, "amount": 2.9, "side": "buy", "timestamp": 1766015388915}, {"id": "708351014", "price": 1.8611, "amount": 10.7, "side": "buy", "timestamp": 1766015390567}, {"id": "708351015", "price": 1.861, "amount": 7.5, "side": "sell", "timestamp": 1766015391116}, {"id": "708351016", "price": 1.861, "amount": 17.5, "side": "sell", "timestamp": 1766015391586}, {"id": "708351017", "price": 1.861, "amount": 4.7, "side": "sell", "timestamp": 1766015392650}, {"id": "708351018", "price": 1.8611, "amount": 108.0, "side": "buy", "timestamp": 1766015392690}, {"id": "708351019", "price": 1.8611, "amount": 3.3, "side": "buy", "timestamp": 1766015393892}, {"id": "708351020", "price": 1.861, "amount": 7.5, "side": "sell", "timestamp": 1766015394140}, {"id": "708351021", "price": 1.8611, "amount": 0.9, "side": "buy", "timestamp": 1766015394442}, {"id": "708351022", "price": 1.861, "amount": 16.2, "side": "sell", "timestamp": 1766015395112}, {"id": "708351023", "price": 1.8611, "amount": 10.8, "side": "buy", "timestamp": 1766015395388}, {"id": "708351024", "price": 1.861, "amount": 302.5, "side": "sell", "timestamp": 1766015397098}, {"id": "708351025", "price": 1.8611, "amount": 14.2, "side": "buy", "timestamp": 1766015397258}, {"id": "708351026", "price": 1.8611, "amount": 8.7, "side": "buy", "timestamp": 1766015397745}, {"id": "708351027", "price": 1.861, "amount": 17.3, "side": "sell", "timestamp": 1766015398662}, {"id": "708351028", "price": 1.8611, "amount": 3.6, "side": "buy", "timestamp": 1766015399679}, {"id": "708351029", "price": 1.861, "amount": 12.2, "side": "sell", "timestamp": 1766015400014}, {"id": "708351030", "price": 1.861, "amount": 2.7, "side": "sell", "timestamp": 1766015400284}, {"id": "708351031", "price": 1.8611, "amount": 18.4, "side": "buy", "timestamp": 1766015401048}, {"id": "708351032", "price": 1.861, "amount": 3.1, "side": "sell", "timestamp": 1766015401425}, {"id": "708351033", "price": 1.8611, "amount": 4.8, "side": "buy", "timestamp": 1766015401571}, {"id": "708351034", "price": 1.861, "amount": 243.2, "side": "sell", "timestamp": 1766015401848}, {"id": "708351035", "price": 1.861, "amount": 17.3, "side": "sell", "timestamp": 1766015402233}, {"id": "708351036", "price": 1.8611, "amount": 3.9, "side": "buy", "timestamp": 1766015402282}, {"id": "708351037", "price": 1.8611, "amount": 4.5, "side": "buy", "timestamp": 1766015402594}, {"id": "708351038", "price": 1.8611, "amount": 4.8, "side": "buy", "timestamp": 1766015402921}, {"id": "708351039", "price": 1.861, "amount": 7.5, "side": "sell", "timestamp": 1766015403039}, {"id": "708351040", "price": 1.8611, "amount": 9.8, "side": "buy", "timestamp": 1766015403668}, {"id": "708351041", "price": 1.8611, "amount": 3.7, "side": "buy", "timestamp": 1766015403784}, {"id": "708351042", "price": 1.8611, "amount": 3.8, "side": "buy", "timestamp": 1766015403984}, {"id": "708351043", "price": 1.8611, "amount": 8.8, "side": "buy", "timestamp": 1766015404877}, {"id": "708351044", "price": 1.8611, "amount": 235.9, "side": "buy", "timestamp": 1766015405014}, {"id": "708351045", "price": 1.861, "amount": 7.5, "side": "sell", "timestamp": 1766015406075}, {"id": "708351046", "price": 1.861, "amount": 17.4, "side": "sell", "timestamp": 1766015406375}, {"id": "708351047", "price": 1.8611, "amount": 336.3, "side": "buy", "timestamp": 1766015406463}, {"id": "708351048", "price": 1.861, "amount": 5390.4, "side": "sell", "timestamp": 1766015407831}, {"id": "708351049", "price": 1.861, "amount": 8.8, "side": "buy", "timestamp": 1766015408829}, {"id": "708351146", "price": 1.8616, "amount": 3.5, "side": "sell", "timestamp": 1766015451512}, {"id": "708351147", "price": 1.8617, "amount": 2.7, "side": "buy", "timestamp": 1766015451627}, {"id": "708351148", "price": 1.8616, "amount": 3.6, "side": "sell", "timestamp": 1766015452046}, {"id": "708351149", "price": 1.8616, "amount": 3.7, "side": "sell", "timestamp": 1766015452519}, {"id": "708351150", "price": 1.8617, "amount": 2000.0, "side": "buy", "timestamp": 1766015452685}, {"id": "708351151", "price": 1.8617, "amount": 3.4, "side": "buy", "timestamp": 1766015452815}, {"id": "708351152", "price": 1.8617, "amount": 55.2, "side": "buy", "timestamp": 1766015453544}, {"id": "708351153", "price": 1.8617, "amount": 3.1, "side": "buy", "timestamp": 1766015453877}, {"id": "708351154", "price": 1.8616, "amount": 7.5, "side": "sell", "timestamp": 1766015454029}, {"id": "708351155", "price": 1.8617, "amount": 3512.6, "side": "buy", "timestamp": 1766015454138}, {"id": "708351156", "price": 1.8616, "amount": 2.7, "side": "sell", "timestamp": 1766015454810}, {"id": "708351157", "price": 1.8617, "amount": 5.1, "side": "buy", "timestamp": 1766015454866}, {"id": "708351158", "price": 1.8616, "amount": 48560.3, "side": "sell", "timestamp": 1766015455327}, {"id": "708351159", "price": 1.8615, "amount": 1296.0, "side": "sell", "timestamp": 1766015455331}, {"id": "708351160", "price": 1.8614, "amount": 3.4, "side": "sell", "timestamp": 1766015455357}, {"id": "708351161", "price": 1.8615, "amount": 1276.1, "side": "buy", "timestamp": 1766015455368}, {"id": "708351162", "price": 1.8615, "amount": 8.8, "side": "buy", "timestamp": 1766015455483}, {"id": "708351163", "price": 1.8615, "amount": 3.0, "side": "buy", "timestamp": 1766015455841}, {"id": "708351164", "price": 1.8615, "amount": 107.4, "side": "buy", "timestamp": 1766015455953}, {"id": "708351165", "price": 1.8614, "amount": 7.5, "side": "sell", "timestamp": 1766015457071}, {"id": "708351166", "price": 1.8615, "amount": 500.0, "side": "buy", "timestamp": 1766015457352}, {"id": "708351167", "price": 1.8614, "amount": 1185.5, "side": "sell", "timestamp": 1766015457543}, {"id": "708351168", "price": 1.8613, "amount": 256.4, "side": "sell", "timestamp": 1766015457543}, {"id": "708351169", "price": 1.8612, "amount": 14066.8, "side": "sell", "timestamp": 1766015457543}, {"id": "708351170", "price": 1.8611, "amount": 20761.5, "side": "sell", "timestamp": 1766015457543}, {"id": "708351171", "price": 1.861, "amount": 17904.7, "side": "sell", "timestamp": 1766015457546}, {"id": "708351172", "price": 1.8609, "amount": 11154.6, "side": "sell", "timestamp": 1766015457590}, {"id": "708351173", "price": 1.8608, "amount": 2091.6, "side": "sell", "timestamp": 1766015457730}, {"id": "708351174", "price": 1.8608, "amount": 338.0, "side": "buy", "timestamp": 1766015457773}, {"id": "708351175", "price": 1.8608, "amount": 290.0, "side": "buy", "timestamp": 1766015458205}, {"id": "708351176", "price": 1.8608, "amount": 593.0, "side": "buy", "timestamp": 1766015458364}, {"id": "708351177", "price": 1.8609, "amount": 8458.3, "side": "buy", "timestamp": 1766015458364}, {"id": "708351178", "price": 1.861, "amount": 4.7, "side": "buy", "timestamp": 1766015459084}, {"id": "708351179", "price": 1.861, "amount": 2387.4, "side": "buy", "timestamp": 1766015459647}, {"id": "708351180", "price": 1.861, "amount": 7.5, "side": "sell", "timestamp": 1766015460107}, {"id": "708351181", "price": 1.861, "amount": 104.0, "side": "sell", "timestamp": 1766015460346}, {"id": "708351182", "price": 1.8609, "amount": 202.0, "side": "sell", "timestamp": 1766015460425}, {"id": "708351183", "price": 1.8608, "amount": 22.9, "side": "sell", "timestamp": 1766015460457}, {"id": "708351184", "price": 1.8607, "amount": 678.1, "side": "sell", "timestamp": 1766015460525}, {"id": "708351185", "price": 1.8607, "amount": 198.9, "side": "buy", "timestamp": 1766015460570}, {"id": "708351186", "price": 1.8607, "amount": 13009.3, "side": "buy", "timestamp": 1766015460680}, {"id": "708351187", "price": 1.8608, "amount": 39.5, "side": "buy", "timestamp": 1766015460926}, {"id": "708351188", "price": 1.8608, "amount": 11.0, "side": "buy", "timestamp": 1766015461318}, {"id": "708351189", "price": 1.8608, "amount": 0.3, "side": "buy", "timestamp": 1766015461558}, {"id": "708351190", "price": 1.8608, "amount": 8.4, "side": "buy", "timestamp": 1766015462240}, {"id": "708351191", "price": 1.8607, "amount": 3.4, "side": "sell", "timestamp": 1766015462852}, {"id": "708351192", "price": 1.8607, "amount": 7.5, "side": "sell", "timestamp": 1766015463096}, {"id": "708351193", "price": 1.8608, "amount": 4.5, "side": "buy", "timestamp": 1766015463216}, {"id": "708351194", "price": 1.8607, "amount": 11.8, "side": "sell", "timestamp": 1766015463672}, {"id": "708351195", "price": 1.8608, "amount": 108.5, "side": "buy", "timestamp": 1766015463905}, {"id": "708351266", "price": 1.8605, "amount": 267.0, "side": "buy", "timestamp": 1766015495706}, {"id": "708351267", "price": 1.8606, "amount": 816.9, "side": "buy", "timestamp": 1766015495767}, {"id": "708351268", "price": 1.8607, "amount": 21.9, "side": "buy", "timestamp": 1766015495824}, {"id": "708351269", "price": 1.8607, "amount": 11.1, "side": "sell", "timestamp": 1766015496085}, {"id": "708351270", "price": 1.8608, "amount": 8.1, "side": "buy", "timestamp": 1766015496152}, {"id": "708351271", "price": 1.8608, "amount": 1156.2, "side": "buy", "timestamp": 1766015496705}, {"id": "708351272", "price": 1.8609, "amount": 2204.3, "side": "buy", "timestamp": 1766015496705}, {"id": "708351273", "price": 1.8608, "amount": 5.0, "side": "sell", "timestamp": 1766015496884}, {"id": "708351274", "price": 1.8609, "amount": 12.5, "side": "buy", "timestamp": 1766015497350}, {"id": "708351275", "price": 1.8609, "amount": 1459.1, "side": "buy", "timestamp": 1766015497752}, {"id": "708351276", "price": 1.861, "amount": 1655.6, "side": "buy", "timestamp": 1766015497752}, {"id": "708351277", "price": 1.861, "amount": 792.8, "side": "buy", "timestamp": 1766015498805}, {"id": "708351278", "price": 1.8611, "amount": 1623.1, "side": "buy", "timestamp": 1766015498805}, {"id": "708351279", "price": 1.861, "amount": 26.4, "side": "sell", "timestamp": 1766015499125}, {"id": "708351280", "price": 1.861, "amount": 3.4, "side": "sell", "timestamp": 1766015499250}, {"id": "708351281", "price": 1.861, "amount": 1560.1, "side": "sell", "timestamp": 1766015499479}, {"id": "708351282", "price": 1.8611, "amount": 471.8, "side": "buy", "timestamp": 1766015500188}, {"id": "708351283", "price": 1.861, "amount": 6.0, "side": "sell", "timestamp": 1766015501790}, {"id": "708351284", "price": 1.861, "amount": 7.5, "side": "sell", "timestamp": 1766015502154}, {"id": "708351285", "price": 1.861, "amount": 2.7, "side": "sell", "timestamp": 1766015502622}, {"id": "708351286", "price": 1.8611, "amount": 53.3, "side": "buy", "timestamp": 1766015503707}, {"id": "708351287", "price": 1.861, "amount": 4.7, "side": "sell", "timestamp": 1766015503800}, {"id": "708351288", "price": 1.861, "amount": 5.3, "side": "sell", "timestamp": 1766015504060}, {"id": "708351289", "price": 1.861, "amount": 7.5, "side": "sell", "timestamp": 1766015505180}, {"id": "708351290", "price": 1.8611, "amount": 14.4, "side": "buy", "timestamp": 1766015505969}, {"id": "708351291", "price": 1.8611, "amount": 1030.9, "side": "buy", "timestamp": 1766015506348}, {"id": "708351292", "price": 1.8612, "amount": 834.9, "side": "buy", "timestamp": 1766015506348}, {"id": "708351293", "price": 1.8612, "amount": 11.9, "side": "sell", "timestamp": 1766015506554}, {"id": "708351294", "price": 1.8612, "amount": 107.4, "side": "sell", "timestamp": 1766015506811}, {"id": "708351295", "price": 1.8612, "amount": 3.4, "side": "sell", "timestamp": 1766015507030}, {"id": "708351296", "price": 1.8612, "amount": 7.5, "side": "sell", "timestamp": 1766015508219}, {"id": "708351297", "price": 1.8613, "amount": 15.0, "side": "buy", "timestamp": 1766015510050}, {"id": "708351298", "price": 1.8612, "amount": 3.6, "side": "sell", "timestamp": 1766015510368}, {"id": "708351299", "price": 1.8613, "amount": 2.7, "side": "buy", "timestamp": 1766015510445}, {"id": "708351300", "price": 1.8612, "amount": 7.5, "side": "sell", "timestamp": 1766015511052}, {"id": "708351301", "price": 1.8612, "amount": 4551.7, "side": "sell", "timestamp": 1766015511908}, {"id": "708351302", "price": 1.8613, "amount": 229.0, "side": "buy", "timestamp": 1766015512129}, {"id": "708351303", "price": 1.8613, "amount": 18.9, "side": "sell", "timestamp": 1766015512176}, {"id": "708351304", "price": 1.8613, "amount": 99.7, "side": "buy", "timestamp": 1766015513550}, {"id": "708351305", "price": 1.8612, "amount": 7.5, "side": "sell", "timestamp": 1766015514070}, {"id": "708351306", "price": 1.8613, "amount": 154.8, "side": "buy", "timestamp": 1766015515685}, {"id": "708351307", "price": 1.8612, "amount": 7.5, "side": "sell", "timestamp": 1766015517139}, {"id": "708351308", "price": 1.8613, "amount": 18.6, "side": "buy", "timestamp": 1766015518300}, {"id": "708351309", "price": 1.8612, "amount": 290.0, "side": "sell", "timestamp": 1766015518842}, {"id": "708351310", "price": 1.8612, "amount": 1460.9, "side": "sell", "timestamp": 1766015519236}, {"id": "708351311", "price": 1.8611, "amount": 692.1, "side": "sell", "timestamp": 1766015519243}, {"id": "708351312", "price": 1.8611, "amount": 4.6, "side": "buy", "timestamp": 1766015519467}, {"id": "708351313", "price": 1.861, "amount": 130.0, "side": "sell", "timestamp": 1766015520010}, {"id": "708351314", "price": 1.8611, "amount": 14.6, "side": "buy", "timestamp": 1766015520993}, {"id": "708351315", "price": 1.861, "amount": 1631.4, "side": "sell", "timestamp": 1766015521023}, {"id": "708351372", "price": 1.8606, "amount": 73.8, "side": "sell", "timestamp": 1766015556484}, {"id": "708351373", "price": 1.8606, "amount": 9073.2, "side": "sell", "timestamp": 1766015557148}, {"id": "708351374", "price": 1.8605, "amount": 16015.7, "side": "sell", "timestamp": 1766015557148}, {"id": "708351375", "price": 1.8604, "amount": 35890.1, "side": "sell", "timestamp": 1766015557148}, {"id": "708351376", "price": 1.8603, "amount": 9238.2, "side": "sell", "timestamp": 1766015557148}, {"id": "708351377", "price": 1.8602, "amount": 6672.8, "side": "sell", "timestamp": 1766015557148}, {"id": "708351378", "price": 1.8603, "amount": 16.2, "side": "buy", "timestamp": 1766015557705}, {"id": "708351379", "price": 1.8603, "amount": 17.0, "side": "sell", "timestamp": 1766015558588}, {"id": "708351380", "price": 1.8602, "amount": 10.6, "side": "sell", "timestamp": 1766015559009}, {"id": "708351381", "price": 1.8602, "amount": 6.8, "side": "sell", "timestamp": 1766015560753}, {"id": "708351382", "price": 1.8603, "amount": 10751.5, "side": "buy", "timestamp": 1766015561142}, {"id": "708351383", "price": 1.8602, "amount": 7.4, "side": "sell", "timestamp": 1766015561447}, {"id": "708351384", "price": 1.8602, "amount": 3.3, "side": "sell", "timestamp": 1766015561896}, {"id": "708351385", "price": 1.8602, "amount": 7.5, "side": "sell", "timestamp": 1766015562152}, {"id": "708351386", "price": 1.8603, "amount": 43.2, "side": "buy", "timestamp": 1766015563203}, {"id": "708351387", "price": 1.8603, "amount": 467.7, "side": "buy", "timestamp": 1766015563816}, {"id": "708351388", "price": 1.8603, "amount": 142.5, "side": "buy", "timestamp": 1766015564246}, {"id": "708351389", "price": 1.8603, "amount": 1492.3, "side": "sell", "timestamp": 1766015564456}, {"id": "708351390", "price": 1.8603, "amount": 15.7, "side": "sell", "timestamp": 1766015564751}, {"id": "708351391", "price": 1.8603, "amount": 7.5, "side": "sell", "timestamp": 1766015565174}, {"id": "708351392", "price": 1.8603, "amount": 3.1, "side": "sell", "timestamp": 1766015566048}, {"id": "708351393", "price": 1.8604, "amount": 203.2, "side": "buy", "timestamp": 1766015566240}, {"id": "708351394", "price": 1.8604, "amount": 70.8, "side": "buy", "timestamp": 1766015566794}, {"id": "708351395", "price": 1.8604, "amount": 2934.2, "side": "buy", "timestamp": 1766015567645}, {"id": "708351396", "price": 1.8603, "amount": 7.5, "side": "sell", "timestamp": 1766015568026}, {"id": "708351397", "price": 1.8604, "amount": 3011.7, "side": "buy", "timestamp": 1766015568698}, {"id": "708351398", "price": 1.8604, "amount": 610.6, "side": "buy", "timestamp": 1766015568855}, {"id": "708351399", "price": 1.8604, "amount": 106.0, "side": "buy", "timestamp": 1766015569049}, {"id": "708351400", "price": 1.8604, "amount": 4.5, "side": "buy", "timestamp": 1766015569538}, {"id": "708351401", "price": 1.8604, "amount": 924.5, "side": "buy", "timestamp": 1766015569751}, {"id": "708351402", "price": 1.8604, "amount": 71.3, "side": "buy", "timestamp": 1766015570318}, {"id": "708351403", "price": 1.8604, "amount": 8.1, "side": "sell", "timestamp": 1766015570517}, {"id": "708351404", "price": 1.8603, "amount": 3.6, "side": "sell", "timestamp": 1766015570645}, {"id": "708351405", "price": 1.8603, "amount": 400.9, "side": "sell", "timestamp": 1766015570819}, {"id": "708351406", "price": 1.8603, "amount": 4.1, "side": "sell", "timestamp": 1766015570959}, {"id": "708351407", "price": 1.8603, "amount": 7.5, "side": "sell", "timestamp": 1766015571069}, {"id": "708351408", "price": 1.8603, "amount": 5.3, "side": "sell", "timestamp": 1766015571385}, {"id": "708351409", "price": 1.8603, "amount": 13.4, "side": "sell", "timestamp": 1766015571648}, {"id": "708351410", "price": 1.8603, "amount": 8.9, "side": "sell", "timestamp": 1766015573344}, {"id": "708351411", "price": 1.8604, "amount": 1326.3, "side": "buy", "timestamp": 1766015573538}, {"id": "708351412", "price": 1.8603, "amount": 117.0, "side": "sell", "timestamp": 1766015573740}, {"id": "708351413", "price": 1.8604, "amount": 1328.8, "side": "buy", "timestamp": 1766015574053}, {"id": "708351414", "price": 1.8605, "amount": 898.4, "side": "buy", "timestamp": 1766015574057}, {"id": "708351415", "price": 1.8605, "amount": 7.5, "side": "sell", "timestamp": 1766015574125}, {"id": "708351416", "price": 1.8605, "amount": 4.9, "side": "sell", "timestamp": 1766015574603}, {"id": "708351417", "price": 1.8605, "amount": 7.0, "side": "sell", "timestamp": 1766015575908}, {"id": "708351418", "price": 1.8606, "amount": 11.2, "side": "buy", "timestamp": 1766015576834}, {"id": "708351419", "price": 1.8605, "amount": 433.6, "side": "sell", "timestamp": 1766015577125}, {"id": "708351420", "price": 1.8604, "amount": 7.5, "side": "sell", "timestamp": 1766015577157}, {"id": "708351421", "price": 1.8605, "amount": 2.8, "side": "buy", "timestamp": 1766015577187}, {"id": "708351456", "price": 1.8606, "amount": 7.5, "side": "sell", "timestamp": 1766015604047}, {"id": "708351457", "price": 1.8606, "amount": 1358.2, "side": "sell", "timestamp": 1766015605758}, {"id": "708351458", "price": 1.8606, "amount": 7.5, "side": "sell", "timestamp": 1766015607089}, {"id": "708351459", "price": 1.8606, "amount": 4.7, "side": "sell", "timestamp": 1766015607639}, {"id": "708351460", "price": 1.8606, "amount": 10.7, "side": "sell", "timestamp": 1766015608248}, {"id": "708351461", "price": 1.8607, "amount": 3.4, "side": "buy", "timestamp": 1766015609723}, {"id": "708351462", "price": 1.8606, "amount": 7.5, "side": "sell", "timestamp": 1766015610107}, {"id": "708351463", "price": 1.8607, "amount": 268.7, "side": "buy", "timestamp": 1766015610246}, {"id": "708351464", "price": 1.8607, "amount": 45.4, "side": "buy", "timestamp": 1766015611593}, {"id": "708351465", "price": 1.8607, "amount": 4.4, "side": "buy", "timestamp": 1766015611927}, {"id": "708351466", "price": 1.8607, "amount": 2.9, "side": "buy", "timestamp": 1766015612653}, {"id": "708351467", "price": 1.8606, "amount": 7.8, "side": "sell", "timestamp": 1766015612882}, {"id": "708351468", "price": 1.8607, "amount": 66.2, "side": "buy", "timestamp": 1766015612983}, {"id": "708351469", "price": 1.8606, "amount": 7.5, "side": "sell", "timestamp": 1766015613128}, {"id": "708351470", "price": 1.8607, "amount": 3.0, "side": "buy", "timestamp": 1766015613644}, {"id": "708351471", "price": 1.8607, "amount": 173.5, "side": "buy", "timestamp": 1766015614538}, {"id": "708351472", "price": 1.8607, "amount": 3.2, "side": "buy", "timestamp": 1766015614704}, {"id": "708351473", "price": 1.8606, "amount": 7.5, "side": "sell", "timestamp": 1766015616014}, {"id": "708351474", "price": 1.8607, "amount": 53.0, "side": "buy", "timestamp": 1766015616480}, {"id": "708351475", "price": 1.8607, "amount": 12338.5, "side": "buy", "timestamp": 1766015616857}, {"id": "708351476", "price": 1.8606, "amount": 6.3, "side": "sell", "timestamp": 1766015617080}, {"id": "708351477", "price": 1.8607, "amount": 113.5, "side": "buy", "timestamp": 1766015617175}, {"id": "708351478", "price": 1.8608, "amount": 111.7, "side": "buy", "timestamp": 1766015617633}, {"id": "708351479", "price": 1.8608, "amount": 5.0, "side": "buy", "timestamp": 1766015618181}, {"id": "708351480", "price": 1.8608, "amount": 3.7, "side": "buy", "timestamp": 1766015618892}, {"id": "708351481", "price": 1.8607, "amount": 7.5, "side": "sell", "timestamp": 1766015619042}, {"id": "708351482", "price": 1.8608, "amount": 1612.2, "side": "buy", "timestamp": 1766015620150}, {"id": "708351483", "price": 1.8608, "amount": 549.0, "side": "buy", "timestamp": 1766015621835}, {"id": "708351484", "price": 1.8607, "amount": 7.5, "side": "sell", "timestamp": 1766015622076}, {"id": "708351485", "price": 1.8608, "amount": 17.1, "side": "buy", "timestamp": 1766015622281}, {"id": "708351486", "price": 1.8609, "amount": 1922.3, "side": "buy", "timestamp": 1766015622486}, {"id": "708351487", "price": 1.861, "amount": 29.5, "side": "buy", "timestamp": 1766015622654}, {"id": "708351488", "price": 1.861, "amount": 42.4, "side": "buy", "timestamp": 1766015623957}, {"id": "708351489", "price": 1.861, "amount": 243.6, "side": "buy", "timestamp": 1766015624323}, {"id": "708351490", "price": 1.861, "amount": 135.5, "side": "buy", "timestamp": 1766015625008}, {"id": "708351491", "price": 1.8609, "amount": 7.5, "side": "sell", "timestamp": 1766015625094}, {"id": "708351492", "price": 1.8609, "amount": 3.2, "side": "sell", "timestamp": 1766015627069}, {"id": "708351493", "price": 1.861, "amount": 4.4, "side": "buy", "timestamp": 1766015627659}, {"id": "708351494", "price": 1.861, "amount": 2.9, "side": "buy", "timestamp": 1766015627886}, {"id": "708351495", "price": 1.8609, "amount": 7.5, "side": "sell", "timestamp": 1766015628116}, {"id": "708351496", "price": 1.8609, "amount": 4.3, "side": "sell", "timestamp": 1766015629969}, {"id": "708351497", "price": 1.861, "amount": 3.2, "side": "buy", "timestamp": 1766015630861}, {"id": "708351498", "price": 1.8609, "amount": 12.3, "side": "sell", "timestamp": 1766015630861}, {"id": "708351499", "price": 1.8609, "amount": 7.5, "side": "sell", "timestamp": 1766015631143}, {"id": "708351500", "price": 1.8609, "amount": 3.6, "side": "sell", "timestamp": 1766015631542}, {"id": "708351501", "price": 1.8609, "amount": 3.3, "side": "sell", "timestamp": 1766015631895}, {"id": "708351502", "price": 1.8609, "amount": 4.7, "side": "sell", "timestamp": 1766015633717}, {"id": "708351503", "price": 1.861, "amount": 3.4, "side": "buy", "timestamp": 1766015633872}, {"id": "708351504", "price": 1.8609, "amount": 25.3, "side": "sell", "timestamp": 1766015634172}, {"id": "708351505", "price": 1.8609, "amount": 20.5, "side": "sell", "timestamp": 1766015634361}, {"id": "708351543", "price": 1.8607, "amount": 7.5, "side": "sell", "timestamp": 1766015661183}, {"id": "708351544", "price": 1.8608, "amount": 10257.2, "side": "buy", "timestamp": 1766015661277}, {"id": "708351545", "price": 1.8609, "amount": 3252.2, "side": "buy", "timestamp": 1766015661309}, {"id": "708351546", "price": 1.8609, "amount": 342.2, "side": "sell", "timestamp": 1766015661342}, {"id": "708351547", "price": 1.8609, "amount": 196.5, "side": "sell", "timestamp": 1766015661466}, {"id": "708351548", "price": 1.8609, "amount": 8098.3, "side": "sell", "timestamp": 1766015663618}, {"id": "708351549", "price": 1.8608, "amount": 2029.3, "side": "sell", "timestamp": 1766015663632}, {"id": "708351550", "price": 1.8607, "amount": 521.3, "side": "sell", "timestamp": 1766015663706}, {"id": "708351551", "price": 1.8607, "amount": 1057.5, "side": "sell", "timestamp": 1766015663842}, {"id": "708351552", "price": 1.8606, "amount": 7.5, "side": "sell", "timestamp": 1766015664013}, {"id": "708351553", "price": 1.8607, "amount": 124.5, "side": "buy", "timestamp": 1766015665165}, {"id": "708351554", "price": 1.8608, "amount": 38.1, "side": "buy", "timestamp": 1766015665170}, {"id": "708351555", "price": 1.8607, "amount": 2.9, "side": "sell", "timestamp": 1766015665559}, {"id": "708351556", "price": 1.8607, "amount": 932.6, "side": "sell", "timestamp": 1766015665784}, {"id": "708351557", "price": 1.8607, "amount": 7.5, "side": "sell", "timestamp": 1766015667090}, {"id": "708351558", "price": 1.8607, "amount": 4.3, "side": "sell", "timestamp": 1766015668078}, {"id": "708351559", "price": 1.8607, "amount": 7.5, "side": "sell", "timestamp": 1766015670160}, {"id": "708351560", "price": 1.8607, "amount": 3.8, "side": "sell", "timestamp": 1766015670558}, {"id": "708351561", "price": 1.8607, "amount": 250.2, "side": "sell", "timestamp": 1766015672797}, {"id": "708351562", "price": 1.8607, "amount": 7.5, "side": "sell", "timestamp": 1766015673193}, {"id": "708351563", "price": 1.8608, "amount": 4.4, "side": "buy", "timestamp": 1766015673316}, {"id": "708351564", "price": 1.8607, "amount": 5.2, "side": "sell", "timestamp": 1766015673855}, {"id": "708351565", "price": 1.8607, "amount": 3879.7, "side": "sell", "timestamp": 1766015674111}, {"id": "708351566", "price": 1.8606, "amount": 3.6, "side": "sell", "timestamp": 1766015674648}, {"id": "708351567", "price": 1.8607, "amount": 5.8, "side": "buy", "timestamp": 1766015674681}, {"id": "708351568", "price": 1.8606, "amount": 4.3, "side": "sell", "timestamp": 1766015674717}, {"id": "708351569", "price": 1.8607, "amount": 107.4, "side": "buy", "timestamp": 1766015675787}, {"id": "708351570", "price": 1.8606, "amount": 164.5, "side": "sell", "timestamp": 1766015675860}, {"id": "708351571", "price": 1.8606, "amount": 7.5, "side": "sell", "timestamp": 1766015676022}, {"id": "708351572", "price": 1.8606, "amount": 0.4, "side": "sell", "timestamp": 1766015676144}, {"id": "708351573", "price": 1.8606, "amount": 2.8, "side": "sell", "timestamp": 1766015676539}, {"id": "708351574", "price": 1.8606, "amount": 5.1, "side": "sell", "timestamp": 1766015677097}, {"id": "708351575", "price": 1.8606, "amount": 314.9, "side": "sell", "timestamp": 1766015677911}, {"id": "708351576", "price": 1.8607, "amount": 31.6, "side": "buy", "timestamp": 1766015678653}, {"id": "708351577", "price": 1.8606, "amount": 7.5, "side": "sell", "timestamp": 1766015679054}, {"id": "708351578", "price": 1.8606, "amount": 2.9, "side": "sell", "timestamp": 1766015679684}, {"id": "708351579", "price": 1.8606, "amount": 17.6, "side": "sell", "timestamp": 1766015680879}, {"id": "708351580", "price": 1.8606, "amount": 5.8, "side": "sell", "timestamp": 1766015681396}, {"id": "708351581", "price": 1.8606, "amount": 7.5, "side": "sell", "timestamp": 1766015682083}, {"id": "708351582", "price": 1.8606, "amount": 4367.6, "side": "sell", "timestamp": 1766015683283}, {"id": "708351583", "price": 1.8605, "amount": 7.5, "side": "sell", "timestamp": 1766015685101}, {"id": "708351584", "price": 1.8605, "amount": 6.1, "side": "sell", "timestamp": 1766015685704}, {"id": "708351585", "price": 1.8605, "amount": 3.5, "side": "sell", "timestamp": 1766015686334}, {"id": "708351586", "price": 1.8605, "amount": 626.4, "side": "sell", "timestamp": 1766015687645}, {"id": "708351587", "price": 1.8606, "amount": 4.5, "side": "buy", "timestamp": 1766015687822}, {"id": "708351588", "price": 1.8605, "amount": 2802.2, "side": "sell", "timestamp": 1766015687886}, {"id": "708351589", "price": 1.8604, "amount": 78.2, "side": "sell", "timestamp": 1766015687903}, {"id": "708351590", "price": 1.8603, "amount": 7.5, "side": "sell", "timestamp": 1766015688135}, {"id": "708351591", "price": 1.8604, "amount": 53.3, "side": "buy", "timestamp": 1766015689023}, {"id": "708351592", "price": 1.8603, "amount": 3.6, "side": "sell", "timestamp": 1766015689045}, {"id": "708351661", "price": 1.8608, "amount": 21.0, "side": "sell", "timestamp": 1766015720482}, {"id": "708351662", "price": 1.8609, "amount": 4.1, "side": "buy", "timestamp": 1766015720907}, {"id": "708351663", "price": 1.8608, "amount": 8302.9, "side": "sell", "timestamp": 1766015720931}, {"id": "708351664", "price": 1.8607, "amount": 7.5, "side": "sell", "timestamp": 1766015721159}, {"id": "708351665", "price": 1.8607, "amount": 1215.9, "side": "sell", "timestamp": 1766015721552}, {"id": "708351666", "price": 1.8606, "amount": 1825.9, "side": "sell", "timestamp": 1766015721552}, {"id": "708351667", "price": 1.8605, "amount": 6715.9, "side": "sell", "timestamp": 1766015721557}, {"id": "708351668", "price": 1.8604, "amount": 583.3, "side": "sell", "timestamp": 1766015721652}, {"id": "708351669", "price": 1.8604, "amount": 10.6, "side": "buy", "timestamp": 1766015722112}, {"id": "708351670", "price": 1.8604, "amount": 2687.5, "side": "buy", "timestamp": 1766015722964}, {"id": "708351671", "price": 1.8604, "amount": 6.0, "side": "buy", "timestamp": 1766015723193}, {"id": "708351672", "price": 1.8603, "amount": 3.0, "side": "sell", "timestamp": 1766015723203}, {"id": "708351673", "price": 1.8603, "amount": 5.6, "side": "sell", "timestamp": 1766015723318}, {"id": "708351674", "price": 1.8603, "amount": 39.7, "side": "sell", "timestamp": 1766015723476}, {"id": "708351675", "price": 1.8603, "amount": 7.5, "side": "sell", "timestamp": 1766015724200}, {"id": "708351676", "price": 1.8603, "amount": 268.8, "side": "sell", "timestamp": 1766015724375}, {"id": "708351677", "price": 1.8603, "amount": 4.3, "side": "sell", "timestamp": 1766015724569}, {"id": "708351678", "price": 1.8603, "amount": 7.4, "side": "sell", "timestamp": 1766015725105}, {"id": "708351679", "price": 1.8603, "amount": 38.2, "side": "sell", "timestamp": 1766015725488}, {"id": "708351680", "price": 1.8603, "amount": 83.0, "side": "sell", "timestamp": 1766015725643}, {"id": "708351681", "price": 1.8603, "amount": 7.5, "side": "sell", "timestamp": 1766015727049}, {"id": "708351682", "price": 1.8603, "amount": 6.5, "side": "sell", "timestamp": 1766015727456}, {"id": "708351683", "price": 1.8603, "amount": 3.1, "side": "sell", "timestamp": 1766015729853}, {"id": "708351684", "price": 1.8603, "amount": 2407.9, "side": "sell", "timestamp": 1766015730081}, {"id": "708351685", "price": 1.8602, "amount": 2874.9, "side": "sell", "timestamp": 1766015730739}, {"id": "708351686", "price": 1.8601, "amount": 2533.8, "side": "sell", "timestamp": 1766015730886}, {"id": "708351687", "price": 1.8601, "amount": 991.9, "side": "buy", "timestamp": 1766015730990}, {"id": "708351688", "price": 1.86, "amount": 32.9, "side": "sell", "timestamp": 1766015731010}, {"id": "708351689", "price": 1.86, "amount": 4289.8, "side": "sell", "timestamp": 1766015731639}, {"id": "708351690", "price": 1.8601, "amount": 4.2, "side": "buy", "timestamp": 1766015731921}, {"id": "708351691", "price": 1.86, "amount": 1264.1, "side": "sell", "timestamp": 1766015732050}, {"id": "708351692", "price": 1.86, "amount": 7.5, "side": "sell", "timestamp": 1766015733115}, {"id": "708351693", "price": 1.8601, "amount": 60.4, "side": "buy", "timestamp": 1766015733537}, {"id": "708351694", "price": 1.86, "amount": 3.2, "side": "sell", "timestamp": 1766015734757}, {"id": "708351695", "price": 1.86, "amount": 18.2, "side": "sell", "timestamp": 1766015735635}, {"id": "708351696", "price": 1.86, "amount": 7.5, "side": "sell", "timestamp": 1766015736136}, {"id": "708351697", "price": 1.86, "amount": 6.1, "side": "sell", "timestamp": 1766015737550}, {"id": "708351698", "price": 1.86, "amount": 4.1, "side": "sell", "timestamp": 1766015738965}, {"id": "708351699", "price": 1.86, "amount": 11.0, "side": "sell", "timestamp": 1766015739147}, {"id": "708351700", "price": 1.8601, "amount": 6.0, "side": "buy", "timestamp": 1766015740288}, {"id": "708351701", "price": 1.8601, "amount": 107.4, "side": "buy", "timestamp": 1766015740871}, {"id": "708351702", "price": 1.86, "amount": 4.1, "side": "sell", "timestamp": 1766015741440}, {"id": "708351703", "price": 1.86, "amount": 7.5, "side": "sell", "timestamp": 1766015742192}, {"id": "708351704", "price": 1.86, "amount": 246.0, "side": "sell", "timestamp": 1766015742769}, {"id": "708351705", "price": 1.8601, "amount": 66.1, "side": "buy", "timestamp": 1766015743830}, {"id": "708351706", "price": 1.86, "amount": 23.1, "side": "sell", "timestamp": 1766015744406}, {"id": "708351707", "price": 1.8601, "amount": 5.9, "side": "buy", "timestamp": 1766015744704}, {"id": "708351708", "price": 1.86, "amount": 437.0, "side": "sell", "timestamp": 1766015744738}, {"id": "708351709", "price": 1.86, "amount": 7.5, "side": "sell", "timestamp": 1766015745008}, {"id": "708351710", "price": 1.86, "amount": 3.6, "side": "sell", "timestamp": 1766015745721}, {"id": "708351778", "price": 1.8611, "amount": 3652.1, "side": "buy", "timestamp": 1766015777415}, {"id": "708351779", "price": 1.8612, "amount": 118.7, "side": "buy", "timestamp": 1766015777486}, {"id": "708351780", "price": 1.8611, "amount": 656.1, "side": "sell", "timestamp": 1766015778016}, {"id": "708351781", "price": 1.8611, "amount": 244.6, "side": "buy", "timestamp": 1766015778182}, {"id": "708351782", "price": 1.8611, "amount": 4.2, "side": "buy", "timestamp": 1766015778545}, {"id": "708351783", "price": 1.8611, "amount": 28.3, "side": "buy", "timestamp": 1766015780186}, {"id": "708351784", "price": 1.8611, "amount": 7.5, "side": "sell", "timestamp": 1766015781122}, {"id": "708351785", "price": 1.8612, "amount": 1019.3, "side": "buy", "timestamp": 1766015781749}, {"id": "708351786", "price": 1.8612, "amount": 1.1, "side": "buy", "timestamp": 1766015783370}, {"id": "708351787", "price": 1.8612, "amount": 6.5, "side": "buy", "timestamp": 1766015783640}, {"id": "708351788", "price": 1.8611, "amount": 7.5, "side": "sell", "timestamp": 1766015784195}, {"id": "708351789", "price": 1.8612, "amount": 7.4, "side": "buy", "timestamp": 1766015785439}, {"id": "708351790", "price": 1.8612, "amount": 6.7, "side": "buy", "timestamp": 1766015785629}, {"id": "708351791", "price": 1.8612, "amount": 10.3, "side": "buy", "timestamp": 1766015786684}, {"id": "708351792", "price": 1.8611, "amount": 2.7, "side": "sell", "timestamp": 1766015786848}, {"id": "708351793", "price": 1.8611, "amount": 7.5, "side": "sell", "timestamp": 1766015787039}, {"id": "708351794", "price": 1.8611, "amount": 5.7, "side": "sell", "timestamp": 1766015787955}, {"id": "708351795", "price": 1.8611, "amount": 3313.0, "side": "sell", "timestamp": 1766015788111}, {"id": "708351796", "price": 1.861, "amount": 3.5, "side": "sell", "timestamp": 1766015788933}, {"id": "708351797", "price": 1.8611, "amount": 5918.5, "side": "buy", "timestamp": 1766015789221}, {"id": "708351798", "price": 1.8612, "amount": 5550.2, "side": "buy", "timestamp": 1766015789223}, {"id": "708351799", "price": 1.8613, "amount": 4538.1, "side": "buy", "timestamp": 1766015789234}, {"id": "708351800", "price": 1.8613, "amount": 6.1, "side": "sell", "timestamp": 1766015789733}, {"id": "708351801", "price": 1.8613, "amount": 61.1, "side": "sell", "timestamp": 1766015790091}, {"id": "708351802", "price": 1.8613, "amount": 3.5, "side": "sell", "timestamp": 1766015791306}, {"id": "708351803", "price": 1.8613, "amount": 3.0, "side": "sell", "timestamp": 1766015792229}, {"id": "708351804", "price": 1.8614, "amount": 308.0, "side": "buy", "timestamp": 1766015792468}, {"id": "708351805", "price": 1.8613, "amount": 7.5, "side": "sell", "timestamp": 1766015793114}, {"id": "708351806", "price": 1.8613, "amount": 3.2, "side": "sell", "timestamp": 1766015796019}, {"id": "708351807", "price": 1.8613, "amount": 7.5, "side": "sell", "timestamp": 1766015796152}, {"id": "708351808", "price": 1.8614, "amount": 69.2, "side": "buy", "timestamp": 1766015796273}, {"id": "708351809", "price": 1.8614, "amount": 3.0, "side": "buy", "timestamp": 1766015796389}, {"id": "708351810", "price": 1.8614, "amount": 635.1, "side": "buy", "timestamp": 1766015796688}, {"id": "708351811", "price": 1.8613, "amount": 609.0, "side": "sell", "timestamp": 1766015797885}, {"id": "708351812", "price": 1.8613, "amount": 502.2, "side": "sell", "timestamp": 1766015798105}, {"id": "708351813", "price": 1.8613, "amount": 7396.1, "side": "sell", "timestamp": 1766015798298}, {"id": "708351814", "price": 1.8612, "amount": 1756.9, "side": "sell", "timestamp": 1766015798303}, {"id": "708351815", "price": 1.8612, "amount": 3.0, "side": "buy", "timestamp": 1766015799094}, {"id": "708351816", "price": 1.8611, "amount": 7.5, "side": "sell", "timestamp": 1766015799186}, {"id": "708351817", "price": 1.8612, "amount": 1835.9, "side": "buy", "timestamp": 1766015799303}, {"id": "708351818", "price": 1.8611, "amount": 397.8, "side": "sell", "timestamp": 1766015799399}, {"id": "708351819", "price": 1.861, "amount": 4.5, "side": "sell", "timestamp": 1766015800099}, {"id": "708351820", "price": 1.861, "amount": 4.0, "side": "sell", "timestamp": 1766015800247}, {"id": "708351821", "price": 1.8611, "amount": 98.9, "side": "buy", "timestamp": 1766015801135}, {"id": "708351822", "price": 1.861, "amount": 2.8, "side": "sell", "timestamp": 1766015801339}, {"id": "708351823", "price": 1.861, "amount": 7.5, "side": "sell", "timestamp": 1766015802221}, {"id": "708351824", "price": 1.861, "amount": 4.6, "side": "sell", "timestamp": 1766015802540}, {"id": "708351825", "price": 1.861, "amount": 13.8, "side": "sell", "timestamp": 1766015802741}, {"id": "708351826", "price": 1.8611, "amount": 201.9, "side": "buy", "timestamp": 1766015803500}, {"id": "708351827", "price": 1.861, "amount": 237.2, "side": "sell", "timestamp": 1766015803545}, {"id": "708351881", "price": 1.8612, "amount": 5.6, "side": "sell", "timestamp": 1766015830014}, {"id": "708351882", "price": 1.8612, "amount": 10.3, "side": "sell", "timestamp": 1766015832172}, {"id": "708351883", "price": 1.8612, "amount": 17.9, "side": "sell", "timestamp": 1766015832890}, {"id": "708351884", "price": 1.8613, "amount": 183.0, "side": "buy", "timestamp": 1766015833563}, {"id": "708351885", "price": 1.8612, "amount": 3.1, "side": "sell", "timestamp": 1766015833738}, {"id": "708351886", "price": 1.8612, "amount": 7.5, "side": "sell", "timestamp": 1766015835011}, {"id": "708351887", "price": 1.8612, "amount": 7.5, "side": "sell", "timestamp": 1766015838029}, {"id": "708351888", "price": 1.8613, "amount": 4.2, "side": "buy", "timestamp": 1766015838837}, {"id": "708351889", "price": 1.8613, "amount": 8.9, "side": "buy", "timestamp": 1766015839700}, {"id": "708351890", "price": 1.8612, "amount": 5113.9, "side": "sell", "timestamp": 1766015840900}, {"id": "708351891", "price": 1.8611, "amount": 192.7, "side": "sell", "timestamp": 1766015840923}, {"id": "708351892", "price": 1.861, "amount": 475.7, "side": "sell", "timestamp": 1766015841026}, {"id": "708351893", "price": 1.8609, "amount": 849.3, "side": "sell", "timestamp": 1766015841094}, {"id": "708351894", "price": 1.8608, "amount": 6.1, "side": "sell", "timestamp": 1766015841818}, {"id": "708351895", "price": 1.8608, "amount": 53.7, "side": "sell", "timestamp": 1766015842038}, {"id": "708351896", "price": 1.8608, "amount": 2314.0, "side": "sell", "timestamp": 1766015842865}, {"id": "708351897", "price": 1.8608, "amount": 4.0, "side": "buy", "timestamp": 1766015843007}, {"id": "708351898", "price": 1.8608, "amount": 13.5, "side": "buy", "timestamp": 1766015843537}, {"id": "708351899", "price": 1.8607, "amount": 3.5, "side": "sell", "timestamp": 1766015843564}, {"id": "708351900", "price": 1.8608, "amount": 3.3, "side": "buy", "timestamp": 1766015843893}, {"id": "708351901", "price": 1.8607, "amount": 3188.6, "side": "sell", "timestamp": 1766015844186}, {"id": "708351902", "price": 1.8607, "amount": 413.3, "side": "buy", "timestamp": 1766015844743}, {"id": "708351903", "price": 1.8606, "amount": 3.3, "side": "sell", "timestamp": 1766015846894}, {"id": "708351904", "price": 1.8606, "amount": 7.5, "side": "sell", "timestamp": 1766015847008}, {"id": "708351905", "price": 1.8606, "amount": 2938.7, "side": "sell", "timestamp": 1766015847878}, {"id": "708351906", "price": 1.8605, "amount": 3.2, "side": "sell", "timestamp": 1766015847980}, {"id": "708351907", "price": 1.8605, "amount": 45.2, "side": "sell", "timestamp": 1766015848592}, {"id": "708351908", "price": 1.8605, "amount": 584.7, "side": "sell", "timestamp": 1766015849053}, {"id": "708351909", "price": 1.8605, "amount": 7.5, "side": "sell", "timestamp": 1766015850033}, {"id": "708351910", "price": 1.8605, "amount": 1906.8, "side": "sell", "timestamp": 1766015850229}, {"id": "708351911", "price": 1.8606, "amount": 4.2, "side": "buy", "timestamp": 1766015851607}, {"id": "708351912", "price": 1.8606, "amount": 655.2, "side": "buy", "timestamp": 1766015852052}, {"id": "708351913", "price": 1.8606, "amount": 21.1, "side": "buy", "timestamp": 1766015852657}, {"id": "708351914", "price": 1.8605, "amount": 7.5, "side": "sell", "timestamp": 1766015853070}, {"id": "708351915", "price": 1.8606, "amount": 136.3, "side": "buy", "timestamp": 1766015853323}, {"id": "708351916", "price": 1.8605, "amount": 3.2, "side": "sell", "timestamp": 1766015853823}, {"id": "708351917", "price": 1.8606, "amount": 75.8, "side": "buy", "timestamp": 1766015854514}, {"id": "708351918", "price": 1.8605, "amount": 5276.3, "side": "sell", "timestamp": 1766015854518}, {"id": "708351919", "price": 1.8604, "amount": 1905.2, "side": "sell", "timestamp": 1766015854528}, {"id": "708351920", "price": 1.8604, "amount": 200.0, "side": "buy", "timestamp": 1766015854634}, {"id": "708351921", "price": 1.8604, "amount": 6.5, "side": "buy", "timestamp": 1766015855649}, {"id": "708351922", "price": 1.8603, "amount": 7.5, "side": "sell", "timestamp": 1766015856096}, {"id": "708351923", "price": 1.8603, "amount": 306.8, "side": "sell", "timestamp": 1766015856395}, {"id": "708351924", "price": 1.8602, "amount": 296.1, "side": "sell", "timestamp": 1766015856397}, {"id": "708351925", "price": 1.8601, "amount": 3.2, "side": "sell", "timestamp": 1766015857393}, {"id": "708351926", "price": 1.8601, "amount": 8.0, "side": "sell", "timestamp": 1766015857869}, {"id": "708351927", "price": 1.8602, "amount": 111.2, "side": "buy", "timestamp": 1766015858579}, {"id": "708351928", "price": 1.8601, "amount": 7.5, "side": "sell", "timestamp": 1766015859120}, {"id": "708351929", "price": 1.8601, "amount": 3.0, "side": "sell", "timestamp": 1766015859851}, {"id": "708351930", "price": 1.8601, "amount": 12.9, "side": "sell", "timestamp": 1766015860502}, {"id": "708351985", "price": 1.8603, "amount": 578.7, "side": "buy", "timestamp": 1766015889773}, {"id": "708351986", "price": 1.8602, "amount": 9.5, "side": "sell", "timestamp": 1766015889818}, {"id": "708351987", "price": 1.8602, "amount": 82.5, "side": "sell", "timestamp": 1766015889953}, {"id": "708351988", "price": 1.8602, "amount": 5.7, "side": "sell", "timestamp": 1766015890768}, {"id": "708351989", "price": 1.8602, "amount": 184.2, "side": "sell", "timestamp": 1766015891417}, {"id": "708351990", "price": 1.8603, "amount": 6.5, "side": "buy", "timestamp": 1766015891637}, {"id": "708351991", "price": 1.8602, "amount": 7.5, "side": "sell", "timestamp": 1766015892138}, {"id": "708351992", "price": 1.8603, "amount": 53.7, "side": "buy", "timestamp": 1766015893540}, {"id": "708351993", "price": 1.8603, "amount": 6.0, "side": "buy", "timestamp": 1766015893647}, {"id": "708351994", "price": 1.8603, "amount": 568.7, "side": "buy", "timestamp": 1766015893922}, {"id": "708351995", "price": 1.8602, "amount": 6.1, "side": "sell", "timestamp": 1766015893986}, {"id": "708351996", "price": 1.8602, "amount": 7.5, "side": "sell", "timestamp": 1766015895161}, {"id": "708351997", "price": 1.8602, "amount": 3.5, "side": "sell", "timestamp": 1766015895721}, {"id": "708351998", "price": 1.8602, "amount": 6.2, "side": "sell", "timestamp": 1766015896828}, {"id": "708351999", "price": 1.8602, "amount": 7.5, "side": "sell", "timestamp": 1766015898181}, {"id": "708352000", "price": 1.8603, "amount": 4.2, "side": "buy", "timestamp": 1766015898284}, {"id": "708352001", "price": 1.8603, "amount": 10.6, "side": "buy", "timestamp": 1766015898520}, {"id": "708352002", "price": 1.8603, "amount": 8.5, "side": "buy", "timestamp": 1766015898793}, {"id": "708352003", "price": 1.8602, "amount": 23.6, "side": "sell", "timestamp": 1766015899127}, {"id": "708352004", "price": 1.8602, "amount": 4.3, "side": "sell", "timestamp": 1766015899848}, {"id": "708352005", "price": 1.8602, "amount": 7.5, "side": "sell", "timestamp": 1766015901199}, {"id": "708352006", "price": 1.8603, "amount": 846.5, "side": "buy", "timestamp": 1766015902924}, {"id": "708352007", "price": 1.8602, "amount": 80.1, "side": "sell", "timestamp": 1766015903431}, {"id": "708352008", "price": 1.8602, "amount": 363.4, "side": "sell", "timestamp": 1766015903557}, {"id": "708352009", "price": 1.8602, "amount": 5.4, "side": "sell", "timestamp": 1766015903898}, {"id": "708352010", "price": 1.8602, "amount": 7.5, "side": "sell", "timestamp": 1766015904045}, {"id": "708352011", "price": 1.8603, "amount": 2931.7, "side": "buy", "timestamp": 1766015904476}, {"id": "708352012", "price": 1.8604, "amount": 1043.4, "side": "buy", "timestamp": 1766015904546}, {"id": "708352013", "price": 1.8605, "amount": 10.7, "side": "buy", "timestamp": 1766015905430}, {"id": "708352014", "price": 1.8604, "amount": 46.5, "side": "sell", "timestamp": 1766015905924}, {"id": "708352015", "price": 1.8605, "amount": 2864.2, "side": "buy", "timestamp": 1766015906092}, {"id": "708352016", "price": 1.8605, "amount": 7.5, "side": "sell", "timestamp": 1766015907081}, {"id": "708352017", "price": 1.8606, "amount": 800.0, "side": "buy", "timestamp": 1766015907953}, {"id": "708352018", "price": 1.8606, "amount": 2700.5, "side": "buy", "timestamp": 1766015909211}, {"id": "708352019", "price": 1.8607, "amount": 29.9, "side": "buy", "timestamp": 1766015909275}, {"id": "708352020", "price": 1.8607, "amount": 7.5, "side": "sell", "timestamp": 1766015910107}, {"id": "708352021", "price": 1.8607, "amount": 2.8, "side": "sell", "timestamp": 1766015910901}, {"id": "708352022", "price": 1.8608, "amount": 150.0, "side": "buy", "timestamp": 1766015910913}, {"id": "708352023", "price": 1.8607, "amount": 59.5, "side": "sell", "timestamp": 1766015911151}, {"id": "708352024", "price": 1.8608, "amount": 7.9, "side": "buy", "timestamp": 1766015911703}, {"id": "708352025", "price": 1.8608, "amount": 0.7, "side": "buy", "timestamp": 1766015911820}, {"id": "708352026", "price": 1.8607, "amount": 10.3, "side": "sell", "timestamp": 1766015912282}, {"id": "708352027", "price": 1.8608, "amount": 2.9, "side": "buy", "timestamp": 1766015912688}, {"id": "708352028", "price": 1.8607, "amount": 7.5, "side": "sell", "timestamp": 1766015913146}, {"id": "708352029", "price": 1.8608, "amount": 50.0, "side": "buy", "timestamp": 1766015913278}, {"id": "708352030", "price": 1.8607, "amount": 27.4, "side": "sell", "timestamp": 1766015913463}, {"id": "708352031", "price": 1.8608, "amount": 437.8, "side": "buy", "timestamp": 1766015913511}, {"id": "708352032", "price": 1.8608, "amount": 35.0, "side": "buy", "timestamp": 1766015913889}, {"id": "708352033", "price": 1.8609, "amount": 3.6, "side": "buy", "timestamp": 1766015913898}, {"id": "708352034", "price": 1.8608, "amount": 8.5, "side": "sell", "timestamp": 1766015915347}, {"id": "708352086", "price": 1.8606, "amount": 780.1, "side": "buy", "timestamp": 1766015944409}, {"id": "708352087", "price": 1.8605, "amount": 6.1, "side": "sell", "timestamp": 1766015945328}, {"id": "708352088", "price": 1.8606, "amount": 5776.0, "side": "buy", "timestamp": 1766015945633}, {"id": "708352089", "price": 1.8606, "amount": 7.5, "side": "sell", "timestamp": 1766015946055}, {"id": "708352090", "price": 1.8606, "amount": 6.4, "side": "sell", "timestamp": 1766015946712}, {"id": "708352091", "price": 1.8606, "amount": 16.2, "side": "sell", "timestamp": 1766015947010}, {"id": "708352092", "price": 1.8607, "amount": 101.6, "side": "buy", "timestamp": 1766015947105}, {"id": "708352093", "price": 1.8607, "amount": 24.7, "side": "buy", "timestamp": 1766015947307}, {"id": "708352094", "price": 1.8608, "amount": 13.4, "side": "buy", "timestamp": 1766015948709}, {"id": "708352095", "price": 1.8607, "amount": 7.2, "side": "sell", "timestamp": 1766015948785}, {"id": "708352096", "price": 1.8607, "amount": 7.5, "side": "sell", "timestamp": 1766015949073}, {"id": "708352097", "price": 1.8607, "amount": 15300.5, "side": "sell", "timestamp": 1766015951954}, {"id": "708352098", "price": 1.8607, "amount": 7.5, "side": "sell", "timestamp": 1766015952093}, {"id": "708352099", "price": 1.8608, "amount": 1195.6, "side": "buy", "timestamp": 1766015952351}, {"id": "708352100", "price": 1.8608, "amount": 35.3, "side": "buy", "timestamp": 1766015953258}, {"id": "708352101", "price": 1.8607, "amount": 537.6, "side": "sell", "timestamp": 1766015954292}, {"id": "708352102", "price": 1.8607, "amount": 183.9, "side": "sell", "timestamp": 1766015954807}, {"id": "708352103", "price": 1.8607, "amount": 7.5, "side": "sell", "timestamp": 1766015955179}, {"id": "708352104", "price": 1.8608, "amount": 100.0, "side": "buy", "timestamp": 1766015956502}, {"id": "708352105", "price": 1.8607, "amount": 5.1, "side": "sell", "timestamp": 1766015957727}, {"id": "708352106", "price": 1.8607, "amount": 7.5, "side": "sell", "timestamp": 1766015958009}, {"id": "708352107", "price": 1.8608, "amount": 4.1, "side": "buy", "timestamp": 1766015958050}, {"id": "708352108", "price": 1.8608, "amount": 272.0, "side": "buy", "timestamp": 1766015958277}, {"id": "708352109", "price": 1.8607, "amount": 6.0, "side": "sell", "timestamp": 1766015958467}, {"id": "708352110", "price": 1.8608, "amount": 35.0, "side": "buy", "timestamp": 1766015958927}, {"id": "708352111", "price": 1.8608, "amount": 100.0, "side": "buy", "timestamp": 1766015959655}, {"id": "708352112", "price": 1.8607, "amount": 839.1, "side": "sell", "timestamp": 1766015960025}, {"id": "708352113", "price": 1.8607, "amount": 65.1, "side": "sell", "timestamp": 1766015960145}, {"id": "708352114", "price": 1.8607, "amount": 55.7, "side": "sell", "timestamp": 1766015960252}, {"id": "708352115", "price": 1.8607, "amount": 69.6, "side": "sell", "timestamp": 1766015960445}, {"id": "708352116", "price": 1.8607, "amount": 920.4, "side": "sell", "timestamp": 1766015960970}, {"id": "708352117", "price": 1.8608, "amount": 268.7, "side": "buy", "timestamp": 1766015963264}, {"id": "708352118", "price": 1.8608, "amount": 6.4, "side": "buy", "timestamp": 1766015963640}, {"id": "708352119", "price": 1.8608, "amount": 268.9, "side": "buy", "timestamp": 1766015964022}, {"id": "708352120", "price": 1.8607, "amount": 7.5, "side": "sell", "timestamp": 1766015964089}, {"id": "708352121", "price": 1.8608, "amount": 1896.8, "side": "buy", "timestamp": 1766015964784}, {"id": "708352122", "price": 1.8608, "amount": 8.6, "side": "buy", "timestamp": 1766015965277}, {"id": "708352123", "price": 1.8607, "amount": 3270.3, "side": "sell", "timestamp": 1766015966035}, {"id": "708352124", "price": 1.8606, "amount": 344.5, "side": "sell", "timestamp": 1766015966036}, {"id": "708352125", "price": 1.8605, "amount": 5948.9, "side": "sell", "timestamp": 1766015966036}, {"id": "708352126", "price": 1.8604, "amount": 51.3, "side": "sell", "timestamp": 1766015966784}, {"id": "708352127", "price": 1.8604, "amount": 7.5, "side": "sell", "timestamp": 1766015967007}, {"id": "708352128", "price": 1.8604, "amount": 12.4, "side": "sell", "timestamp": 1766015968166}, {"id": "708352129", "price": 1.8604, "amount": 3.3, "side": "sell", "timestamp": 1766015968340}, {"id": "708352130", "price": 1.8605, "amount": 644.3, "side": "buy", "timestamp": 1766015968636}, {"id": "708352131", "price": 1.8604, "amount": 4712.2, "side": "sell", "timestamp": 1766015968862}, {"id": "708352132", "price": 1.8603, "amount": 5528.7, "side": "sell", "timestamp": 1766015968862}, {"id": "708352133", "price": 1.8602, "amount": 17171.0, "side": "sell", "timestamp": 1766015968862}, {"id": "708352134", "price": 1.8602, "amount": 7.5, "side": "sell", "timestamp": 1766015970075}, {"id": "708352135", "price": 1.8602, "amount": 5.2, "side": "sell", "timestamp": 1766015971411}]