[{"id": "544956479", "price": 0.4144, "amount": 29.0, "side": "sell", "timestamp": 1764999809841}, {"id": "544956480", "price": 0.4145, "amount": 6.0, "side": "buy", "timestamp": 1764999809954}, {"id": "544956481", "price": 0.4145, "amount": 2097.0, "side": "buy", "timestamp": 1764999810206}, {"id": "544956482", "price": 0.4145, "amount": 3.0, "side": "buy", "timestamp": 1764999811154}, {"id": "544956483", "price": 0.4144, "amount": 9.0, "side": "sell", "timestamp": 1764999811432}, {"id": "544956484", "price": 0.4145, "amount": 6.0, "side": "buy", "timestamp": 1764999812489}, {"id": "544956485", "price": 0.4144, "amount": 17069.0, "side": "sell", "timestamp": 1764999812882}, {"id": "544956486", "price": 0.4144, "amount": 3.0, "side": "buy", "timestamp": 1764999813561}, {"id": "544956487", "price": 0.4143, "amount": 1.0, "side": "sell", "timestamp": 1764999814212}, {"id": "544956488", "price": 0.4143, "amount": 5327.0, "side": "sell", "timestamp": 1764999814535}, {"id": "544956489", "price": 0.4143, "amount": 3.0, "side": "buy", "timestamp": 1764999814678}, {"id": "544956490", "price": 0.4142, "amount": 21.0, "side": "sell", "timestamp": 1764999814780}, {"id": "544956491", "price": 0.4142, "amount": 2.0, "side": "sell", "timestamp": 1764999815941}, {"id": "544956492", "price": 0.4143, "amount": 4.0, "side": "buy", "timestamp": 1764999815989}, {"id": "544956493", "price": 0.4143, "amount": 143.0, "side": "buy", "timestamp": 1764999816357}, {"id": "544956494", "price": 0.4143, "amount": 4.0, "side": "buy", "timestamp": 1764999817286}, {"id": "544956495", "price": 0.4143, "amount": 7.0, "side": "buy", "timestamp": 1764999818435}, {"id": "544956496", "price": 0.4143, "amount": 7.0, "side": "buy", "timestamp": 1764999819602}, {"id": "544956497", "price": 0.4142, "amount": 19.0, "side": "sell", "timestamp": 1764999820012}, {"id": "544956498", "price": 0.4142, "amount": 15.0, "side": "sell", "timestamp": 1764999820334}, {"id": "544956499", "price": 0.4143, "amount": 7.0, "side": "buy", "timestamp": 1764999820695}, {"id": "544956500", "price": 0.4143, "amount": 4.0, "side": "buy", "timestamp": 1764999821763}, {"id": "544956501", "price": 0.4142, "amount": 2205.0, "side": "sell", "timestamp": 1764999822730}, {"id": "544956502", "price": 0.4143, "amount": 6.0, "side": "buy", "timestamp": 1764999822894}, {"id": "544956503", "price": 0.4142, "amount": 4.0, "side": "sell", "timestamp": 1764999823429}, {"id": "544956504", "price": 0.4142, "amount": 7.0, "side": "sell", "timestamp": 1764999823584}, {"id": "544956505", "price": 0.4143, "amount": 7.0, "side": "buy", "timestamp": 1764999824085}, {"id": "544956506", "price": 0.4142, "amount": 21.0, "side": "sell", "timestamp": 1764999824765}, {"id": "544956507", "price": 0.4143, "amount": 5.0, "side": "buy", "timestamp": 1764999825333}, {"id": "544956508", "price": 0.4142, "amount": 7.0, "side": "sell", "timestamp": 1764999826147}, {"id": "544956509", "price": 0.4143, "amount": 5.0, "side": "buy", "timestamp": 1764999826384}, {"id": "544956510", "price": 0.4143, "amount": 6.0, "side": "buy", "timestamp": 1764999826931}, {"id": "544956511", "price": 0.4142, "amount": 4.0, "side": "sell", "timestamp": 1764999827149}, {"id": "544956512", "price": 0.4143, "amount": 1.0, "side": "buy", "timestamp": 1764999827545}, {"id": "544956513", "price": 0.4142, "amount": 29.0, "side": "sell", "timestamp": 1764999828115}, {"id": "544956514", "price": 0.4143, "amount": 1.0, "side": "buy", "timestamp": 1764999828684}, {"id": "544956515", "price": 0.4143, "amount": 1.0, "side": "buy", "timestamp": 1764999829911}, {"id": "544956516", "price": 0.4142, "amount": 22.0, "side": "sell", "timestamp": 1764999830008}, {"id": "544956517", "price": 0.4143, "amount": 1.0, "side": "buy", "timestamp": 1764999831065}, {"id": "544956518", "price": 0.4142, "amount": 1.0, "side": "sell", "timestamp": 1764999831231}, {"id": "544956519", "price": 0.4143, "amount": 1.0, "side": "buy", "timestamp": 1764999832022}, {"id": "544956520", "price": 0.4143, "amount": 3926.0, "side": "buy", "timestamp": 1764999832683}, {"id": "544956521", "price": 0.4143, "amount": 1.0, "side": "buy", "timestamp": 1764999833139}, {"id": "544956522", "price": 0.4143, "amount": 1.0, "side": "buy", "timestamp": 1764999834056}, {"id": "544956523", "price": 0.4143, "amount": 1.0, "side": "buy", "timestamp": 1764999835057}, {"id": "544956524", "price": 0.4143, "amount": 1.0, "side": "buy", "timestamp": 1764999836049}, {"id": "544956525", "price": 0.4142, "amount": 3.0, "side": "sell", "timestamp": 1764999836656}, {"id": "544956526", "price": 0.4143, "amount": 1.0, "side": "buy", "timestamp": 1764999837161}, {"id": "544956527", "price": 0.4142, "amount": 1.0, "side": "sell", "timestamp": 1764999837411}, {"id": "544956528", "price": 0.4143, "amount": 1.0, "side": "buy", "timestamp": 1764999838561}, {"id": "544956549", "price": 0.414, "amount": 2.0, "side": "buy", "timestamp": 1764999849573}, {"id": "544956550", "price": 0.4139, "amount": 379.0, "side": "sell", "timestamp": 1764999849978}, {"id": "544956551", "price": 0.414, "amount": 2.0, "side": "buy", "timestamp": 1764999850999}, {"id": "544956552", "price": 0.4139, "amount": 1002.0, "side": "sell", "timestamp": 1764999851245}, {"id": "544956553", "price": 0.414, "amount": 3.0, "side": "buy", "timestamp": 1764999852206}, {"id": "544956554", "price": 0.4139, "amount": 5.0, "side": "sell", "timestamp": 1764999852997}, {"id": "544956555", "price": 0.414, "amount": 94.0, "side": "buy", "timestamp": 1764999853277}, {"id": "544956556", "price": 0.4139, "amount": 150.0, "side": "sell", "timestamp": 1764999853487}, {"id": "544956557", "price": 0.414, "amount": 3.0, "side": "buy", "timestamp": 1764999854529}, {"id": "544956558", "price": 0.4139, "amount": 21.0, "side": "sell", "timestamp": 1764999854772}, {"id": "544956559", "price": 0.414, "amount": 5.0, "side": "buy", "timestamp": 1764999855673}, {"id": "544956560", "price": 0.414, "amount": 4.0, "side": "buy", "timestamp": 1764999856829}, {"id": "544956561", "price": 0.414, "amount": 3.0, "side": "buy", "timestamp": 1764999857794}, {"id": "544956562", "price": 0.414, "amount": 72.0, "side": "buy", "timestamp": 1764999858293}, {"id": "544956563", "price": 0.4139, "amount": 254.0, "side": "sell", "timestamp": 1764999858670}, {"id": "544956564", "price": 0.4139, "amount": 4247.0, "side": "sell", "timestamp": 1764999858893}, {"id": "544956565", "price": 0.414, "amount": 5.0, "side": "buy", "timestamp": 1764999859056}, {"id": "544956566", "price": 0.4139, "amount": 97.0, "side": "sell", "timestamp": 1764999859771}, {"id": "544956567", "price": 0.414, "amount": 6.0, "side": "buy", "timestamp": 1764999860258}, {"id": "544956568", "price": 0.4139, "amount": 7.0, "side": "sell", "timestamp": 1764999860791}, {"id": "544956569", "price": 0.414, "amount": 4.0, "side": "buy", "timestamp": 1764999861493}, {"id": "544956570", "price": 0.4139, "amount": 8.0, "side": "sell", "timestamp": 1764999861722}, {"id": "544956571", "price": 0.4139, "amount": 9.0, "side": "sell", "timestamp": 1764999862303}, {"id": "544956572", "price": 0.414, "amount": 6.0, "side": "buy", "timestamp": 1764999862853}, {"id": "544956573", "price": 0.4139, "amount": 29.0, "side": "sell", "timestamp": 1764999863667}, {"id": "544956574", "price": 0.414, "amount": 6.0, "side": "buy", "timestamp": 1764999863879}, {"id": "544956575", "price": 0.414, "amount": 73.0, "side": "buy", "timestamp": 1764999864309}, {"id": "544956576", "price": 0.4139, "amount": 22.0, "side": "sell", "timestamp": 1764999864864}, {"id": "544956577", "price": 0.414, "amount": 3.0, "side": "buy", "timestamp": 1764999864971}, {"id": "544956578", "price": 0.414, "amount": 1253.0, "side": "buy", "timestamp": 1764999866138}, {"id": "544956579", "price": 0.4139, "amount": 23.0, "side": "sell", "timestamp": 1764999866843}, {"id": "544956580", "price": 0.414, "amount": 4.0, "side": "buy", "timestamp": 1764999867209}, {"id": "544956581", "price": 0.414, "amount": 5.0, "side": "buy", "timestamp": 1764999868362}, {"id": "544956582", "price": 0.414, "amount": 72.0, "side": "buy", "timestamp": 1764999869303}, {"id": "544956583", "price": 0.4139, "amount": 22.0, "side": "sell", "timestamp": 1764999869725}, {"id": "544956584", "price": 0.414, "amount": 18.0, "side": "buy", "timestamp": 1764999869753}, {"id": "544956585", "price": 0.4139, "amount": 7.0, "side": "sell", "timestamp": 1764999870397}, {"id": "544956586", "price": 0.4139, "amount": 21.0, "side": "sell", "timestamp": 1764999874911}, {"id": "544956587", "price": 0.414, "amount": 41.0, "side": "buy", "timestamp": 1764999879935}, {"id": "544956588", "price": 0.4139, "amount": 28.0, "side": "sell", "timestamp": 1764999880055}, {"id": "544956589", "price": 0.414, "amount": 21920.0, "side": "buy", "timestamp": 1764999881784}, {"id": "544956590", "price": 0.414, "amount": 82.0, "side": "sell", "timestamp": 1764999882776}, {"id": "544956591", "price": 0.414, "amount": 5.0, "side": "sell", "timestamp": 1764999884988}, {"id": "544956592", "price": 0.414, "amount": 8.0, "side": "sell", "timestamp": 1764999886322}, {"id": "544956593", "price": 0.414, "amount": 9.0, "side": "sell", "timestamp": 1764999887832}, {"id": "544956594", "price": 0.4141, "amount": 18135.0, "side": "buy", "timestamp": 1764999889573}, {"id": "544956595", "price": 0.4142, "amount": 4762.0, "side": "buy", "timestamp": 1764999889604}, {"id": "544956596", "price": 0.4141, "amount": 2086.0, "side": "sell", "timestamp": 1764999889745}, {"id": "544956597", "price": 0.4141, "amount": 6387.0, "side": "sell", "timestamp": 1764999890439}, {"id": "544956598", "price": 0.414, "amount": 8.0, "side": "sell", "timestamp": 1764999890493}, {"id": "544956590", "price": 0.414, "amount": 82.0, "side": "sell", "timestamp": 1764999882776}, {"id": "544956591", "price": 0.414, "amount": 5.0, "side": "sell", "timestamp": 1764999884988}, {"id": "544956592", "price": 0.414, "amount": 8.0, "side": "sell", "timestamp": 1764999886322}, {"id": "544956593", "price": 0.414, "amount": 9.0, "side": "sell", "timestamp": 1764999887832}, {"id": "544956594", "price": 0.4141, "amount": 18135.0, "side": "buy", "timestamp": 1764999889573}, {"id": "544956595", "price": 0.4142, "amount": 4762.0, "side": "buy", "timestamp": 1764999889604}, {"id": "544956596", "price": 0.4141, "amount": 2086.0, "side": "sell", "timestamp": 1764999889745}, {"id": "544956597", "price": 0.4141, "amount": 6387.0, "side": "sell", "timestamp": 1764999890439}, {"id": "544956598", "price": 0.414, "amount": 8.0, "side": "sell", "timestamp": 1764999890493}, {"id": "544956599", "price": 0.414, "amount": 1000.0, "side": "sell", "timestamp": 1764999891898}, {"id": "544956600", "price": 0.414, "amount": 2498.0, "side": "sell", "timestamp": 1764999893894}, {"id": "544956601", "price": 0.4141, "amount": 19.0, "side": "buy", "timestamp": 1764999895310}, {"id": "544956602", "price": 0.414, "amount": 4.0, "side": "sell", "timestamp": 1764999895605}, {"id": "544956603", "price": 0.414, "amount": 15.0, "side": "sell", "timestamp": 1764999896670}, {"id": "544956604", "price": 0.414, "amount": 2206.0, "side": "sell", "timestamp": 1764999897111}, {"id": "544956605", "price": 0.4139, "amount": 175.0, "side": "sell", "timestamp": 1764999897111}, {"id": "544956606", "price": 0.4139, "amount": 29.0, "side": "sell", "timestamp": 1764999899665}, {"id": "544956607", "price": 0.414, "amount": 78.0, "side": "buy", "timestamp": 1764999900183}, {"id": "544956608", "price": 0.4139, "amount": 4.0, "side": "sell", "timestamp": 1764999901503}, {"id": "544956609", "price": 0.4139, "amount": 5.0, "side": "sell", "timestamp": 1764999901858}, {"id": "544956610", "price": 0.4139, "amount": 5.0, "side": "sell", "timestamp": 1764999903567}, {"id": "544956611", "price": 0.414, "amount": 7992.0, "side": "buy", "timestamp": 1764999904542}, {"id": "544956612", "price": 0.414, "amount": 79.0, "side": "buy", "timestamp": 1764999904898}, {"id": "544956613", "price": 0.4141, "amount": 19.0, "side": "buy", "timestamp": 1764999905252}, {"id": "544956614", "price": 0.414, "amount": 1.0, "side": "sell", "timestamp": 1764999907693}, {"id": "544956615", "price": 0.414, "amount": 764.0, "side": "sell", "timestamp": 1764999908893}, {"id": "544956616", "price": 0.4141, "amount": 25.0, "side": "buy", "timestamp": 1764999913142}, {"id": "544956617", "price": 0.414, "amount": 10.0, "side": "sell", "timestamp": 1764999913381}, {"id": "544956618", "price": 0.414, "amount": 6.0, "side": "sell", "timestamp": 1764999913919}, {"id": "544956619", "price": 0.414, "amount": 35.0, "side": "sell", "timestamp": 1764999917534}, {"id": "544956620", "price": 0.414, "amount": 1.0, "side": "sell", "timestamp": 1764999918445}, {"id": "544956621", "price": 0.414, "amount": 19.0, "side": "sell", "timestamp": 1764999919981}, {"id": "544956622", "price": 0.414, "amount": 6.0, "side": "sell", "timestamp": 1764999920656}, {"id": "544956623", "price": 0.4141, "amount": 241.0, "side": "buy", "timestamp": 1764999920949}, {"id": "544956624", "price": 0.414, "amount": 7.0, "side": "sell", "timestamp": 1764999923076}, {"id": "544956625", "price": 0.414, "amount": 4.0, "side": "sell", "timestamp": 1764999923449}, {"id": "544956626", "price": 0.414, "amount": 19.0, "side": "sell", "timestamp": 1764999925064}, {"id": "544956627", "price": 0.414, "amount": 6.0, "side": "sell", "timestamp": 1764999926502}, {"id": "544956628", "price": 0.414, "amount": 2.0, "side": "sell", "timestamp": 1764999929565}, {"id": "544956629", "price": 0.414, "amount": 6.0, "side": "sell", "timestamp": 1764999929763}, {"id": "544956630", "price": 0.414, "amount": 22.0, "side": "sell", "timestamp": 1764999929975}, {"id": "544956631", "price": 0.4141, "amount": 47.0, "side": "buy", "timestamp": 1764999930083}, {"id": "544956632", "price": 0.414, "amount": 9.0, "side": "sell", "timestamp": 1764999933470}, {"id": "544956633", "price": 0.4141, "amount": 6651.0, "side": "buy", "timestamp": 1764999934337}, {"id": "544956634", "price": 0.4141, "amount": 29.0, "side": "sell", "timestamp": 1764999935666}, {"id": "544956635", "price": 0.4142, "amount": 18.0, "side": "buy", "timestamp": 1764999935697}, {"id": "544956636", "price": 0.4141, "amount": 2.0, "side": "sell", "timestamp": 1764999935927}, {"id": "544956637", "price": 0.4142, "amount": 131.0, "side": "buy", "timestamp": 1764999936275}, {"id": "544956638", "price": 0.4141, "amount": 13.0, "side": "sell", "timestamp": 1764999936464}, {"id": "544956639", "price": 0.4141, "amount": 3.0, "side": "sell", "timestamp": 1764999941571}, {"id": "544956643", "price": 0.4141, "amount": 34.0, "side": "sell", "timestamp": 1764999947691}, {"id": "544956644", "price": 0.4141, "amount": 22.0, "side": "sell", "timestamp": 1764999949739}, {"id": "544956645", "price": 0.4141, "amount": 3.0, "side": "sell", "timestamp": 1764999952664}, {"id": "544956646", "price": 0.4141, "amount": 5.0, "side": "sell", "timestamp": 1764999953644}, {"id": "544956647", "price": 0.4141, "amount": 4999.0, "side": "sell", "timestamp": 1764999954312}, {"id": "544956648", "price": 0.4141, "amount": 54.0, "side": "buy", "timestamp": 1764999955375}, {"id": "544956649", "price": 0.414, "amount": 8140.0, "side": "sell", "timestamp": 1764999957038}, {"id": "544956650", "price": 0.4139, "amount": 10.0, "side": "sell", "timestamp": 1764999958994}, {"id": "544956651", "price": 0.4139, "amount": 1.0, "side": "sell", "timestamp": 1764999959741}, {"id": "544956652", "price": 0.4139, "amount": 119.0, "side": "sell", "timestamp": 1764999959959}, {"id": "544956653", "price": 0.4139, "amount": 3542.0, "side": "sell", "timestamp": 1764999960789}, {"id": "544956654", "price": 0.4138, "amount": 12274.0, "side": "sell", "timestamp": 1764999961973}, {"id": "544956655", "price": 0.4138, "amount": 1252.0, "side": "buy", "timestamp": 1764999962646}, {"id": "544956656", "price": 0.4138, "amount": 2627.0, "side": "sell", "timestamp": 1764999962678}, {"id": "544956657", "price": 0.4138, "amount": 10.0, "side": "sell", "timestamp": 1764999963806}, {"id": "544956658", "price": 0.4139, "amount": 16.0, "side": "buy", "timestamp": 1764999964481}, {"id": "544956659", "price": 0.4139, "amount": 14.0, "side": "buy", "timestamp": 1764999964702}, {"id": "544956660", "price": 0.4139, "amount": 26.0, "side": "buy", "timestamp": 1764999965165}, {"id": "544956661", "price": 0.4138, "amount": 52.0, "side": "sell", "timestamp": 1764999965631}, {"id": "544956662", "price": 0.4138, "amount": 27.0, "side": "sell", "timestamp": 1764999965799}, {"id": "544956663", "price": 0.4138, "amount": 26.0, "side": "sell", "timestamp": 1764999966572}, {"id": "544956664", "price": 0.4139, "amount": 1863.0, "side": "buy", "timestamp": 1764999968434}, {"id": "544956665", "price": 0.4139, "amount": 3512.0, "side": "sell", "timestamp": 1764999968444}, {"id": "544956666", "price": 0.4139, "amount": 13.0, "side": "sell", "timestamp": 1764999970697}, {"id": "544956667", "price": 0.4139, "amount": 12.0, "side": "sell", "timestamp": 1764999971375}, {"id": "544956668", "price": 0.4139, "amount": 29.0, "side": "sell", "timestamp": 1764999971662}, {"id": "544956669", "price": 0.414, "amount": 121.0, "side": "buy", "timestamp": 1764999971744}, {"id": "544956670", "price": 0.4139, "amount": 7.0, "side": "sell", "timestamp": 1764999971794}, {"id": "544956671", "price": 0.4139, "amount": 3.0, "side": "sell", "timestamp": 1764999971967}, {"id": "544956672", "price": 0.414, "amount": 13.0, "side": "buy", "timestamp": 1764999975246}, {"id": "544956673", "price": 0.4139, "amount": 36.0, "side": "sell", "timestamp": 1764999975788}, {"id": "544956674", "price": 0.414, "amount": 1083.0, "side": "buy", "timestamp": 1764999975991}, {"id": "544956675", "price": 0.4139, "amount": 5678.0, "side": "sell", "timestamp": 1764999976471}, {"id": "544956676", "price": 0.4139, "amount": 9.0, "side": "sell", "timestamp": 1764999977801}, {"id": "544956677", "price": 0.4139, "amount": 24.0, "side": "sell", "timestamp": 1764999979910}, {"id": "544956678", "price": 0.4139, "amount": 31.0, "side": "sell", "timestamp": 1764999980011}, {"id": "544956679", "price": 0.4139, "amount": 11410.0, "side": "sell", "timestamp": 1764999980610}, {"id": "544956680", "price": 0.4139, "amount": 652.0, "side": "sell", "timestamp": 1764999981762}, {"id": "544956681", "price": 0.4139, "amount": 4.0, "side": "sell", "timestamp": 1764999983669}, {"id": "544956682", "price": 0.4139, "amount": 9.0, "side": "sell", "timestamp": 1764999984001}, {"id": "544956683", "price": 0.4139, "amount": 9.0, "side": "sell", "timestamp": 1764999984555}, {"id": "544956684", "price": 0.4139, "amount": 25.0, "side": "sell", "timestamp": 1764999984795}, {"id": "544956685", "price": 0.4139, "amount": 127.0, "side": "sell", "timestamp": 1764999984896}, {"id": "544956686", "price": 0.4139, "amount": 13.0, "side": "sell", "timestamp": 1764999985977}, {"id": "544956687", "price": 0.4139, "amount": 11.0, "side": "sell", "timestamp": 1764999987081}, {"id": "544956688", "price": 0.4139, "amount": 9.0, "side": "sell", "timestamp": 1764999989338}, {"id": "544956689", "price": 0.4139, "amount": 26.0, "side": "sell", "timestamp": 1764999989755}, {"id": "544956690", "price": 0.4139, "amount": 34.0, "side": "sell", "timestamp": 1764999989867}, {"id": "544956691", "price": 0.4139, "amount": 2.0, "side": "sell", "timestamp": 1764999990134}, {"id": "544956692", "price": 0.414, "amount": 13.0, "side": "buy", "timestamp": 1764999991575}, {"id": "544956687", "price": 0.4139, "amount": 11.0, "side": "sell", "timestamp": 1764999987081}, {"id": "544956688", "price": 0.4139, "amount": 9.0, "side": "sell", "timestamp": 1764999989338}, {"id": "544956689", "price": 0.4139, "amount": 26.0, "side": "sell", "timestamp": 1764999989755}, {"id": "544956690", "price": 0.4139, "amount": 34.0, "side": "sell", "timestamp": 1764999989867}, {"id": "544956691", "price": 0.4139, "amount": 2.0, "side": "sell", "timestamp": 1764999990134}, {"id": "544956692", "price": 0.414, "amount": 13.0, "side": "buy", "timestamp": 1764999991575}, {"id": "544956693", "price": 0.4139, "amount": 24.0, "side": "sell", "timestamp": 1764999994743}, {"id": "544956694", "price": 0.4139, "amount": 33.0, "side": "sell", "timestamp": 1764999995052}, {"id": "544956695", "price": 0.4139, "amount": 7.0, "side": "sell", "timestamp": 1764999995979}, {"id": "544956696", "price": 0.4139, "amount": 190.0, "side": "sell", "timestamp": 1764999996530}, {"id": "544956697", "price": 0.414, "amount": 13.0, "side": "buy", "timestamp": 1764999997041}, {"id": "544956698", "price": 0.4139, "amount": 17.0, "side": "sell", "timestamp": 1764999998482}, {"id": "544956699", "price": 0.4139, "amount": 31.0, "side": "sell", "timestamp": 1764999999731}, {"id": "544956700", "price": 0.4139, "amount": 22.0, "side": "sell", "timestamp": 1764999999997}, {"id": "544956701", "price": 0.4139, "amount": 4.0, "side": "sell", "timestamp": 1765000002136}, {"id": "544956702", "price": 0.4139, "amount": 34.0, "side": "sell", "timestamp": 1765000004961}, {"id": "544956703", "price": 0.4139, "amount": 23.0, "side": "sell", "timestamp": 1765000005069}, {"id": "544956704", "price": 0.4139, "amount": 6736.0, "side": "sell", "timestamp": 1765000006098}, {"id": "544956705", "price": 0.4139, "amount": 29.0, "side": "sell", "timestamp": 1765000007664}, {"id": "544956706", "price": 0.4139, "amount": 6194.0, "side": "sell", "timestamp": 1765000008512}, {"id": "544956707", "price": 0.4139, "amount": 2893.0, "side": "sell", "timestamp": 1765000009021}, {"id": "544956708", "price": 0.4138, "amount": 59.0, "side": "sell", "timestamp": 1765000009831}, {"id": "544956709", "price": 0.4138, "amount": 8136.0, "side": "sell", "timestamp": 1765000015195}, {"id": "544956710", "price": 0.4138, "amount": 28.0, "side": "buy", "timestamp": 1765000021365}, {"id": "544956711", "price": 0.4137, "amount": 19.0, "side": "sell", "timestamp": 1765000023476}, {"id": "544956712", "price": 0.4137, "amount": 17.0, "side": "sell", "timestamp": 1765000024028}, {"id": "544956713", "price": 0.4138, "amount": 5356.0, "side": "buy", "timestamp": 1765000024124}, {"id": "544956714", "price": 0.4139, "amount": 62.0, "side": "buy", "timestamp": 1765000024435}, {"id": "544956715", "price": 0.4139, "amount": 19.0, "side": "buy", "timestamp": 1765000024699}, {"id": "544956716", "price": 0.4139, "amount": 16.0, "side": "buy", "timestamp": 1765000025463}, {"id": "544956717", "price": 0.4139, "amount": 33.0, "side": "buy", "timestamp": 1765000026046}, {"id": "544956718", "price": 0.4138, "amount": 28678.0, "side": "sell", "timestamp": 1765000026292}, {"id": "544956719", "price": 0.4138, "amount": 3.0, "side": "sell", "timestamp": 1765000026676}, {"id": "544956720", "price": 0.4139, "amount": 6525.0, "side": "buy", "timestamp": 1765000027711}, {"id": "544956721", "price": 0.414, "amount": 7313.0, "side": "buy", "timestamp": 1765000030436}, {"id": "544956722", "price": 0.4139, "amount": 3.0, "side": "sell", "timestamp": 1765000031565}, {"id": "544956723", "price": 0.414, "amount": 9891.0, "side": "buy", "timestamp": 1765000035417}, {"id": "544956724", "price": 0.4141, "amount": 1869.0, "side": "buy", "timestamp": 1765000035436}, {"id": "544956725", "price": 0.414, "amount": 492.0, "side": "sell", "timestamp": 1765000035451}, {"id": "544956726", "price": 0.4141, "amount": 25.0, "side": "buy", "timestamp": 1765000035642}, {"id": "544956727", "price": 0.414, "amount": 61.0, "side": "sell", "timestamp": 1765000036348}, {"id": "544956728", "price": 0.414, "amount": 14.0, "side": "sell", "timestamp": 1765000037327}, {"id": "544956729", "price": 0.414, "amount": 2.0, "side": "sell", "timestamp": 1765000038143}, {"id": "544956730", "price": 0.414, "amount": 3211.0, "side": "sell", "timestamp": 1765000038863}, {"id": "544956731", "price": 0.414, "amount": 10.0, "side": "sell", "timestamp": 1765000040090}, {"id": "544956732", "price": 0.414, "amount": 232.0, "side": "sell", "timestamp": 1765000041795}, {"id": "544956733", "price": 0.414, "amount": 4432.0, "side": "sell", "timestamp": 1765000042691}, {"id": "544956734", "price": 0.4139, "amount": 29.0, "side": "sell", "timestamp": 1765000043666}, {"id": "544956735", "price": 0.4139, "amount": 15.0, "side": "sell", "timestamp": 1765000043877}, {"id": "544956736", "price": 0.4139, "amount": 5.0, "side": "sell", "timestamp": 1765000044568}, {"id": "544956732", "price": 0.414, "amount": 232.0, "side": "sell", "timestamp": 1765000041795}, {"id": "544956733", "price": 0.414, "amount": 4432.0, "side": "sell", "timestamp": 1765000042691}, {"id": "544956734", "price": 0.4139, "amount": 29.0, "side": "sell", "timestamp": 1765000043666}, {"id": "544956735", "price": 0.4139, "amount": 15.0, "side": "sell", "timestamp": 1765000043877}, {"id": "544956736", "price": 0.4139, "amount": 5.0, "side": "sell", "timestamp": 1765000044568}, {"id": "544956737", "price": 0.414, "amount": 12.0, "side": "buy", "timestamp": 1765000046565}, {"id": "544956738", "price": 0.4139, "amount": 12.0, "side": "sell", "timestamp": 1765000046655}, {"id": "544956739", "price": 0.4139, "amount": 199.0, "side": "sell", "timestamp": 1765000047254}, {"id": "544956740", "price": 0.4139, "amount": 5.0, "side": "sell", "timestamp": 1765000047662}, {"id": "544956741", "price": 0.4139, "amount": 26.0, "side": "sell", "timestamp": 1765000050078}, {"id": "544956742", "price": 0.4139, "amount": 2.0, "side": "sell", "timestamp": 1765000050716}, {"id": "544956743", "price": 0.4139, "amount": 23.0, "side": "sell", "timestamp": 1765000055048}, {"id": "544956744", "price": 0.4139, "amount": 5.0, "side": "sell", "timestamp": 1765000057097}, {"id": "544956745", "price": 0.4139, "amount": 23.0, "side": "sell", "timestamp": 1765000059983}, {"id": "544956746", "price": 0.4139, "amount": 25.0, "side": "sell", "timestamp": 1765000060668}, {"id": "544956747", "price": 0.4139, "amount": 8.0, "side": "sell", "timestamp": 1765000060981}, {"id": "544956748", "price": 0.4139, "amount": 152.0, "side": "sell", "timestamp": 1765000062023}, {"id": "544956749", "price": 0.4139, "amount": 6.0, "side": "sell", "timestamp": 1765000062195}, {"id": "544956750", "price": 0.4139, "amount": 25.0, "side": "sell", "timestamp": 1765000062728}, {"id": "544956751", "price": 0.4139, "amount": 25.0, "side": "sell", "timestamp": 1765000064575}, {"id": "544956752", "price": 0.4139, "amount": 24.0, "side": "sell", "timestamp": 1765000064934}, {"id": "544956753", "price": 0.4139, "amount": 10.0, "side": "sell", "timestamp": 1765000065615}, {"id": "544956754", "price": 0.4139, "amount": 9.0, "side": "sell", "timestamp": 1765000066662}, {"id": "544956755", "price": 0.4139, "amount": 9.0, "side": "sell", "timestamp": 1765000069020}, {"id": "544956756", "price": 0.4139, "amount": 26.0, "side": "sell", "timestamp": 1765000069903}, {"id": "544956757", "price": 0.4139, "amount": 135.0, "side": "sell", "timestamp": 1765000071711}, {"id": "544956758", "price": 0.4139, "amount": 25.0, "side": "sell", "timestamp": 1765000071970}, {"id": "544956759", "price": 0.4139, "amount": 29.0, "side": "sell", "timestamp": 1765000074225}, {"id": "544956760", "price": 0.4139, "amount": 17.0, "side": "sell", "timestamp": 1765000074809}, {"id": "544956761", "price": 0.414, "amount": 4708.0, "side": "buy", "timestamp": 1765000076493}, {"id": "544956762", "price": 0.414, "amount": 29.0, "side": "sell", "timestamp": 1765000079651}, {"id": "544956763", "price": 0.414, "amount": 1.0, "side": "sell", "timestamp": 1765000080341}, {"id": "544956764", "price": 0.4141, "amount": 23.0, "side": "buy", "timestamp": 1765000080691}, {"id": "544956765", "price": 0.4141, "amount": 22.0, "side": "buy", "timestamp": 1765000085298}, {"id": "544956766", "price": 0.4141, "amount": 15.0, "side": "buy", "timestamp": 1765000085507}, {"id": "544956767", "price": 0.414, "amount": 9.0, "side": "sell", "timestamp": 1765000086548}, {"id": "544956768", "price": 0.414, "amount": 6390.0, "side": "sell", "timestamp": 1765000089173}, {"id": "544956769", "price": 0.4139, "amount": 25.0, "side": "sell", "timestamp": 1765000089456}, {"id": "544956770", "price": 0.4139, "amount": 16.0, "side": "sell", "timestamp": 1765000089761}, {"id": "544956771", "price": 0.4139, "amount": 112.0, "side": "sell", "timestamp": 1765000089949}, {"id": "544956772", "price": 0.4139, "amount": 18.0, "side": "sell", "timestamp": 1765000090052}, {"id": "544956773", "price": 0.4139, "amount": 75.0, "side": "sell", "timestamp": 1765000090733}, {"id": "544956774", "price": 0.4139, "amount": 10.0, "side": "sell", "timestamp": 1765000091146}, {"id": "544956775", "price": 0.4139, "amount": 9.0, "side": "sell", "timestamp": 1765000092517}, {"id": "544956776", "price": 0.4139, "amount": 6275.0, "side": "sell", "timestamp": 1765000093341}, {"id": "544956777", "price": 0.4139, "amount": 7.0, "side": "sell", "timestamp": 1765000093495}, {"id": "544956778", "price": 0.4139, "amount": 18.0, "side": "sell", "timestamp": 1765000094840}, {"id": "544956779", "price": 0.4139, "amount": 27.0, "side": "sell", "timestamp": 1765000095043}, {"id": "544956780", "price": 0.414, "amount": 465.0, "side": "buy", "timestamp": 1765000096466}, {"id": "544956781", "price": 0.414, "amount": 38.0, "side": "sell", "timestamp": 1765000097321}, {"id": "544956764", "price": 0.4141, "amount": 23.0, "side": "buy", "timestamp": 1765000080691}, {"id": "544956765", "price": 0.4141, "amount": 22.0, "side": "buy", "timestamp": 1765000085298}, {"id": "544956766", "price": 0.4141, "amount": 15.0, "side": "buy", "timestamp": 1765000085507}, {"id": "544956767", "price": 0.414, "amount": 9.0, "side": "sell", "timestamp": 1765000086548}, {"id": "544956768", "price": 0.414, "amount": 6390.0, "side": "sell", "timestamp": 1765000089173}, {"id": "544956769", "price": 0.4139, "amount": 25.0, "side": "sell", "timestamp": 1765000089456}, {"id": "544956770", "price": 0.4139, "amount": 16.0, "side": "sell", "timestamp": 1765000089761}, {"id": "544956771", "price": 0.4139, "amount": 112.0, "side": "sell", "timestamp": 1765000089949}, {"id": "544956772", "price": 0.4139, "amount": 18.0, "side": "sell", "timestamp": 1765000090052}, {"id": "544956773", "price": 0.4139, "amount": 75.0, "side": "sell", "timestamp": 1765000090733}, {"id": "544956774", "price": 0.4139, "amount": 10.0, "side": "sell", "timestamp": 1765000091146}, {"id": "544956775", "price": 0.4139, "amount": 9.0, "side": "sell", "timestamp": 1765000092517}, {"id": "544956776", "price": 0.4139, "amount": 6275.0, "side": "sell", "timestamp": 1765000093341}, {"id": "544956777", "price": 0.4139, "amount": 7.0, "side": "sell", "timestamp": 1765000093495}, {"id": "544956778", "price": 0.4139, "amount": 18.0, "side": "sell", "timestamp": 1765000094840}, {"id": "544956779", "price": 0.4139, "amount": 27.0, "side": "sell", "timestamp": 1765000095043}, {"id": "544956780", "price": 0.414, "amount": 465.0, "side": "buy", "timestamp": 1765000096466}, {"id": "544956781", "price": 0.414, "amount": 38.0, "side": "sell", "timestamp": 1765000097321}, {"id": "544956782", "price": 0.414, "amount": 17.0, "side": "sell", "timestamp": 1765000100345}, {"id": "544956783", "price": 0.414, "amount": 25.0, "side": "sell", "timestamp": 1765000104455}, {"id": "544956784", "price": 0.414, "amount": 9.0, "side": "sell", "timestamp": 1765000105152}, {"id": "544956785", "price": 0.414, "amount": 5.0, "side": "sell", "timestamp": 1765000105395}, {"id": "544956786", "price": 0.414, "amount": 12.0, "side": "sell", "timestamp": 1765000108201}, {"id": "544956787", "price": 0.414, "amount": 15.0, "side": "sell", "timestamp": 1765000109819}, {"id": "544956788", "price": 0.414, "amount": 28.0, "side": "sell", "timestamp": 1765000110088}, {"id": "544956789", "price": 0.414, "amount": 2.0, "side": "sell", "timestamp": 1765000111287}, {"id": "544956790", "price": 0.414, "amount": 5.0, "side": "sell", "timestamp": 1765000111424}, {"id": "544956791", "price": 0.414, "amount": 2415.0, "side": "sell", "timestamp": 1765000112168}, {"id": "544956792", "price": 0.414, "amount": 9.0, "side": "sell", "timestamp": 1765000114591}, {"id": "544956793", "price": 0.4141, "amount": 9619.0, "side": "buy", "timestamp": 1765000114763}, {"id": "544956794", "price": 0.4141, "amount": 2332.0, "side": "sell", "timestamp": 1765000114847}, {"id": "544956795", "price": 0.4141, "amount": 29.0, "side": "sell", "timestamp": 1765000115671}, {"id": "544956796", "price": 0.4141, "amount": 4.0, "side": "sell", "timestamp": 1765000116621}, {"id": "544956797", "price": 0.4141, "amount": 6.0, "side": "sell", "timestamp": 1765000117878}, {"id": "544956798", "price": 0.4141, "amount": 7.0, "side": "sell", "timestamp": 1765000123925}, {"id": "544956799", "price": 0.4141, "amount": 31.0, "side": "sell", "timestamp": 1765000124852}, {"id": "544956800", "price": 0.4141, "amount": 18.0, "side": "sell", "timestamp": 1765000125000}, {"id": "544956801", "price": 0.4141, "amount": 17.0, "side": "sell", "timestamp": 1765000125879}, {"id": "544956802", "price": 0.4141, "amount": 9.0, "side": "sell", "timestamp": 1765000127229}, {"id": "544956803", "price": 0.4141, "amount": 30.0, "side": "sell", "timestamp": 1765000129852}, {"id": "544956804", "price": 0.4141, "amount": 17.0, "side": "sell", "timestamp": 1765000129964}, {"id": "544956805", "price": 0.4141, "amount": 1.0, "side": "sell", "timestamp": 1765000130210}, {"id": "544956806", "price": 0.4141, "amount": 900.0, "side": "sell", "timestamp": 1765000130875}, {"id": "544956807", "price": 0.4142, "amount": 1104.0, "side": "buy", "timestamp": 1765000132379}, {"id": "544956808", "price": 0.4141, "amount": 1446.0, "side": "sell", "timestamp": 1765000134351}, {"id": "544956809", "price": 0.414, "amount": 8.0, "side": "sell", "timestamp": 1765000137398}, {"id": "544956810", "price": 0.414, "amount": 9.0, "side": "sell", "timestamp": 1765000141952}, {"id": "544956811", "price": 0.4141, "amount": 362.0, "side": "buy", "timestamp": 1765000142501}, {"id": "544956812", "price": 0.414, "amount": 60.0, "side": "sell", "timestamp": 1765000143707}, {"id": "544956813", "price": 0.4141, "amount": 29.0, "side": "buy", "timestamp": 1765000145480}, {"id": "544956802", "price": 0.4141, "amount": 9.0, "side": "sell", "timestamp": 1765000127229}, {"id": "544956803", "price": 0.4141, "amount": 30.0, "side": "sell", "timestamp": 1765000129852}, {"id": "544956804", "price": 0.4141, "amount": 17.0, "side": "sell", "timestamp": 1765000129964}, {"id": "544956805", "price": 0.4141, "amount": 1.0, "side": "sell", "timestamp": 1765000130210}, {"id": "544956806", "price": 0.4141, "amount": 900.0, "side": "sell", "timestamp": 1765000130875}, {"id": "544956807", "price": 0.4142, "amount": 1104.0, "side": "buy", "timestamp": 1765000132379}, {"id": "544956808", "price": 0.4141, "amount": 1446.0, "side": "sell", "timestamp": 1765000134351}, {"id": "544956809", "price": 0.414, "amount": 8.0, "side": "sell", "timestamp": 1765000137398}, {"id": "544956810", "price": 0.414, "amount": 9.0, "side": "sell", "timestamp": 1765000141952}, {"id": "544956811", "price": 0.4141, "amount": 362.0, "side": "buy", "timestamp": 1765000142501}, {"id": "544956812", "price": 0.414, "amount": 60.0, "side": "sell", "timestamp": 1765000143707}, {"id": "544956813", "price": 0.4141, "amount": 29.0, "side": "buy", "timestamp": 1765000145480}, {"id": "544956814", "price": 0.4141, "amount": 16.0, "side": "buy", "timestamp": 1765000149939}, {"id": "544956815", "price": 0.414, "amount": 111.0, "side": "sell", "timestamp": 1765000149978}, {"id": "544956816", "price": 0.4141, "amount": 45.0, "side": "buy", "timestamp": 1765000150011}, {"id": "544956817", "price": 0.414, "amount": 10580.0, "side": "sell", "timestamp": 1765000150407}, {"id": "544956818", "price": 0.414, "amount": 2.0, "side": "buy", "timestamp": 1765000150930}, {"id": "544956819", "price": 0.4139, "amount": 2354.0, "side": "sell", "timestamp": 1765000151012}, {"id": "544956820", "price": 0.4139, "amount": 1738.0, "side": "sell", "timestamp": 1765000151115}, {"id": "544956821", "price": 0.4139, "amount": 8803.0, "side": "buy", "timestamp": 1765000151521}, {"id": "544956822", "price": 0.4139, "amount": 560.0, "side": "buy", "timestamp": 1765000151636}, {"id": "544956823", "price": 0.4138, "amount": 29.0, "side": "sell", "timestamp": 1765000151664}, {"id": "544956824", "price": 0.4139, "amount": 38.0, "side": "buy", "timestamp": 1765000151746}, {"id": "544956825", "price": 0.4138, "amount": 2.0, "side": "sell", "timestamp": 1765000152227}, {"id": "544956826", "price": 0.4139, "amount": 3572.0, "side": "buy", "timestamp": 1765000156305}, {"id": "544956827", "price": 0.4139, "amount": 2.0, "side": "sell", "timestamp": 1765000159753}, {"id": "544956828", "price": 0.414, "amount": 5265.0, "side": "buy", "timestamp": 1765000159835}, {"id": "544956829", "price": 0.414, "amount": 18.0, "side": "sell", "timestamp": 1765000160157}, {"id": "544956830", "price": 0.4141, "amount": 260.0, "side": "buy", "timestamp": 1765000160536}, {"id": "544956831", "price": 0.414, "amount": 9.0, "side": "sell", "timestamp": 1765000162942}, {"id": "544956832", "price": 0.414, "amount": 12652.0, "side": "sell", "timestamp": 1765000163968}, {"id": "544956833", "price": 0.4139, "amount": 2790.0, "side": "sell", "timestamp": 1765000163971}, {"id": "544956834", "price": 0.4139, "amount": 9.0, "side": "sell", "timestamp": 1765000165708}, {"id": "544956835", "price": 0.4139, "amount": 13.0, "side": "sell", "timestamp": 1765000166346}, {"id": "544956836", "price": 0.4139, "amount": 10.0, "side": "sell", "timestamp": 1765000167508}, {"id": "544956837", "price": 0.4139, "amount": 11.0, "side": "sell", "timestamp": 1765000168722}, {"id": "544956838", "price": 0.414, "amount": 2597.0, "side": "buy", "timestamp": 1765000170893}, {"id": "544956839", "price": 0.414, "amount": 3.0, "side": "sell", "timestamp": 1765000171838}, {"id": "544956840", "price": 0.414, "amount": 17.0, "side": "sell", "timestamp": 1765000176748}, {"id": "544956841", "price": 0.414, "amount": 4.0, "side": "sell", "timestamp": 1765000177672}, {"id": "544956842", "price": 0.4141, "amount": 60.0, "side": "buy", "timestamp": 1765000179228}, {"id": "544956843", "price": 0.414, "amount": 4.0, "side": "sell", "timestamp": 1765000182863}, {"id": "544956844", "price": 0.4141, "amount": 8127.0, "side": "buy", "timestamp": 1765000183658}, {"id": "544956845", "price": 0.4141, "amount": 29.0, "side": "sell", "timestamp": 1765000187664}, {"id": "544956846", "price": 0.4141, "amount": 9.0, "side": "sell", "timestamp": 1765000187789}, {"id": "544956847", "price": 0.4141, "amount": 8.0, "side": "sell", "timestamp": 1765000188460}, {"id": "544956848", "price": 0.4141, "amount": 10.0, "side": "sell", "timestamp": 1765000193015}, {"id": "544956849", "price": 0.4141, "amount": 6.0, "side": "sell", "timestamp": 1765000194809}, {"id": "544956850", "price": 0.4141, "amount": 142.0, "side": "sell", "timestamp": 1765000197676}, {"id": "544956851", "price": 0.4142, "amount": 20.0, "side": "buy", "timestamp": 1765000199067}, {"id": "544956850", "price": 0.4141, "amount": 142.0, "side": "sell", "timestamp": 1765000197676}, {"id": "544956851", "price": 0.4142, "amount": 20.0, "side": "buy", "timestamp": 1765000199067}, {"id": "544956852", "price": 0.4141, "amount": 1.0, "side": "sell", "timestamp": 1765000200950}, {"id": "544956853", "price": 0.4141, "amount": 32.0, "side": "sell", "timestamp": 1765000202317}, {"id": "544956854", "price": 0.4141, "amount": 6322.0, "side": "sell", "timestamp": 1765000202904}, {"id": "544956855", "price": 0.414, "amount": 1.0, "side": "sell", "timestamp": 1765000203848}, {"id": "544956856", "price": 0.4141, "amount": 391.0, "side": "buy", "timestamp": 1765000203851}, {"id": "544956857", "price": 0.4141, "amount": 16.0, "side": "buy", "timestamp": 1765000204713}, {"id": "544956858", "price": 0.4141, "amount": 19.0, "side": "buy", "timestamp": 1765000205330}, {"id": "544956859", "price": 0.414, "amount": 17.0, "side": "sell", "timestamp": 1765000205695}, {"id": "544956860", "price": 0.414, "amount": 24.0, "side": "sell", "timestamp": 1765000206804}, {"id": "544956861", "price": 0.414, "amount": 14.0, "side": "sell", "timestamp": 1765000207121}, {"id": "544956862", "price": 0.414, "amount": 157.0, "side": "sell", "timestamp": 1765000209727}, {"id": "544956863", "price": 0.414, "amount": 65.0, "side": "sell", "timestamp": 1765000209979}, {"id": "544956864", "price": 0.414, "amount": 2507.0, "side": "sell", "timestamp": 1765000212232}, {"id": "544956865", "price": 0.4141, "amount": 7091.0, "side": "buy", "timestamp": 1765000212340}, {"id": "544956866", "price": 0.4141, "amount": 1664.0, "side": "sell", "timestamp": 1765000212364}, {"id": "544956867", "price": 0.4141, "amount": 10.0, "side": "sell", "timestamp": 1765000213110}, {"id": "544956868", "price": 0.4141, "amount": 2.0, "side": "sell", "timestamp": 1765000213502}, {"id": "544956869", "price": 0.4141, "amount": 8.0, "side": "sell", "timestamp": 1765000213974}, {"id": "544956870", "price": 0.4141, "amount": 82.0, "side": "sell", "timestamp": 1765000215274}, {"id": "544956871", "price": 0.4141, "amount": 15.0, "side": "sell", "timestamp": 1765000215442}, {"id": "544956872", "price": 0.4141, "amount": 24.0, "side": "sell", "timestamp": 1765000216084}, {"id": "544956873", "price": 0.4141, "amount": 8.0, "side": "sell", "timestamp": 1765000218520}, {"id": "544956874", "price": 0.4141, "amount": 29.0, "side": "sell", "timestamp": 1765000223661}, {"id": "544956875", "price": 0.4141, "amount": 25.0, "side": "sell", "timestamp": 1765000225004}, {"id": "544956876", "price": 0.4141, "amount": 8.0, "side": "sell", "timestamp": 1765000226285}, {"id": "544956877", "price": 0.4141, "amount": 6.0, "side": "sell", "timestamp": 1765000227113}, {"id": "544956878", "price": 0.4141, "amount": 10.0, "side": "sell", "timestamp": 1765000229271}, {"id": "544956879", "price": 0.4141, "amount": 25.0, "side": "sell", "timestamp": 1765000229999}, {"id": "544956880", "price": 0.4141, "amount": 43.0, "side": "sell", "timestamp": 1765000231201}, {"id": "544956881", "price": 0.4141, "amount": 2.0, "side": "sell", "timestamp": 1765000232502}, {"id": "544956882", "price": 0.4141, "amount": 2284.0, "side": "sell", "timestamp": 1765000233761}, {"id": "544956883", "price": 0.414, "amount": 7.0, "side": "sell", "timestamp": 1765000233839}, {"id": "544956884", "price": 0.414, "amount": 437.0, "side": "sell", "timestamp": 1765000234338}, {"id": "544956885", "price": 0.414, "amount": 24.0, "side": "sell", "timestamp": 1765000234727}, {"id": "544956886", "price": 0.414, "amount": 5.0, "side": "sell", "timestamp": 1765000237204}, {"id": "544956887", "price": 0.4141, "amount": 2109.0, "side": "buy", "timestamp": 1765000237490}, {"id": "544956888", "price": 0.414, "amount": 14.0, "side": "sell", "timestamp": 1765000237898}, {"id": "544956889", "price": 0.414, "amount": 7.0, "side": "sell", "timestamp": 1765000239518}, {"id": "544956890", "price": 0.414, "amount": 37.0, "side": "sell", "timestamp": 1765000239779}, {"id": "544956891", "price": 0.414, "amount": 6.0, "side": "sell", "timestamp": 1765000242916}, {"id": "544956892", "price": 0.414, "amount": 8.0, "side": "sell", "timestamp": 1765000244578}, {"id": "544956893", "price": 0.414, "amount": 27.0, "side": "sell", "timestamp": 1765000244968}, {"id": "544956894", "price": 0.414, "amount": 7.0, "side": "sell", "timestamp": 1765000245831}, {"id": "544956895", "price": 0.4141, "amount": 3512.0, "side": "buy", "timestamp": 1765000246960}, {"id": "544956896", "price": 0.4142, "amount": 3351.0, "side": "buy", "timestamp": 1765000247007}, {"id": "544956897", "price": 0.4141, "amount": 8.0, "side": "sell", "timestamp": 1765000248566}, {"id": "544956898", "price": 0.4141, "amount": 7.0, "side": "sell", "timestamp": 1765000251253}, {"id": "544956899", "price": 0.4141, "amount": 2.0, "side": "sell", "timestamp": 1765000251904}, {"id": "544956896", "price": 0.4142, "amount": 3351.0, "side": "buy", "timestamp": 1765000247007}, {"id": "544956897", "price": 0.4141, "amount": 8.0, "side": "sell", "timestamp": 1765000248566}, {"id": "544956898", "price": 0.4141, "amount": 7.0, "side": "sell", "timestamp": 1765000251253}, {"id": "544956899", "price": 0.4141, "amount": 2.0, "side": "sell", "timestamp": 1765000251904}, {"id": "544956900", "price": 0.4142, "amount": 4346.0, "side": "buy", "timestamp": 1765000252869}, {"id": "544956901", "price": 0.4141, "amount": 14.0, "side": "sell", "timestamp": 1765000253139}, {"id": "544956902", "price": 0.4141, "amount": 24.0, "side": "sell", "timestamp": 1765000258617}, {"id": "544956903", "price": 0.4141, "amount": 3921.0, "side": "sell", "timestamp": 1765000259450}, {"id": "544956904", "price": 0.4141, "amount": 29.0, "side": "sell", "timestamp": 1765000259659}, {"id": "544956905", "price": 0.4141, "amount": 115.0, "side": "sell", "timestamp": 1765000261486}, {"id": "544956906", "price": 0.4141, "amount": 21.0, "side": "sell", "timestamp": 1765000262042}, {"id": "544956907", "price": 0.4141, "amount": 1600.0, "side": "sell", "timestamp": 1765000262576}, {"id": "544956908", "price": 0.4141, "amount": 8967.0, "side": "buy", "timestamp": 1765000263963}, {"id": "544956909", "price": 0.4142, "amount": 13.0, "side": "buy", "timestamp": 1765000264291}, {"id": "544956910", "price": 0.4142, "amount": 14.0, "side": "buy", "timestamp": 1765000265104}, {"id": "544956911", "price": 0.4142, "amount": 38.0, "side": "buy", "timestamp": 1765000265333}, {"id": "544956912", "price": 0.4142, "amount": 13.0, "side": "buy", "timestamp": 1765000266089}, {"id": "544956913", "price": 0.4141, "amount": 6.0, "side": "sell", "timestamp": 1765000266932}, {"id": "544956914", "price": 0.4141, "amount": 7.0, "side": "sell", "timestamp": 1765000269322}, {"id": "544956915", "price": 0.4141, "amount": 8.0, "side": "sell", "timestamp": 1765000270095}, {"id": "544956916", "price": 0.4141, "amount": 7.0, "side": "sell", "timestamp": 1765000272853}, {"id": "544956917", "price": 0.4141, "amount": 4.0, "side": "sell", "timestamp": 1765000277713}, {"id": "544956918", "price": 0.4141, "amount": 14.0, "side": "sell", "timestamp": 1765000278673}, {"id": "544956919", "price": 0.4141, "amount": 16.0, "side": "sell", "timestamp": 1765000279077}, {"id": "544956920", "price": 0.4141, "amount": 1.0, "side": "sell", "timestamp": 1765000280372}, {"id": "544956921", "price": 0.4142, "amount": 11931.0, "side": "buy", "timestamp": 1765000280394}, {"id": "544956922", "price": 0.4142, "amount": 14013.0, "side": "buy", "timestamp": 1765000281151}, {"id": "544956923", "price": 0.4143, "amount": 5048.0, "side": "buy", "timestamp": 1765000281159}, {"id": "544956924", "price": 0.4142, "amount": 1789.0, "side": "sell", "timestamp": 1765000281222}, {"id": "544956925", "price": 0.4143, "amount": 24.0, "side": "buy", "timestamp": 1765000281254}, {"id": "544956926", "price": 0.4142, "amount": 18.0, "side": "sell", "timestamp": 1765000282127}, {"id": "544956927", "price": 0.4143, "amount": 115.0, "side": "buy", "timestamp": 1765000283126}, {"id": "544956928", "price": 0.4142, "amount": 7.0, "side": "sell", "timestamp": 1765000286863}, {"id": "544956929", "price": 0.4143, "amount": 49.0, "side": "buy", "timestamp": 1765000289178}, {"id": "544956930", "price": 0.4142, "amount": 10.0, "side": "sell", "timestamp": 1765000289855}, {"id": "544956931", "price": 0.4142, "amount": 7.0, "side": "sell", "timestamp": 1765000290415}, {"id": "544956932", "price": 0.4142, "amount": 3.0, "side": "sell", "timestamp": 1765000293050}, {"id": "544956933", "price": 0.4142, "amount": 82.0, "side": "sell", "timestamp": 1765000294281}, {"id": "544956934", "price": 0.4142, "amount": 3983.0, "side": "sell", "timestamp": 1765000294977}, {"id": "544956935", "price": 0.4143, "amount": 118.0, "side": "buy", "timestamp": 1765000295533}, {"id": "544956936", "price": 0.4142, "amount": 29.0, "side": "sell", "timestamp": 1765000295666}, {"id": "544956937", "price": 0.4142, "amount": 75.0, "side": "sell", "timestamp": 1765000296147}, {"id": "544956938", "price": 0.4142, "amount": 8.0, "side": "sell", "timestamp": 1765000296817}, {"id": "544956939", "price": 0.4142, "amount": 4.0, "side": "sell", "timestamp": 1765000298275}, {"id": "544956940", "price": 0.4143, "amount": 83.0, "side": "buy", "timestamp": 1765000298580}, {"id": "544956941", "price": 0.4143, "amount": 13.0, "side": "buy", "timestamp": 1765000300631}, {"id": "544956942", "price": 0.4142, "amount": 21685.0, "side": "sell", "timestamp": 1765000302241}, {"id": "544956943", "price": 0.4141, "amount": 7673.0, "side": "sell", "timestamp": 1765000302241}, {"id": "544956944", "price": 0.4141, "amount": 482.0, "side": "sell", "timestamp": 1765000302536}, {"id": "544956945", "price": 0.4141, "amount": 6.0, "side": "sell", "timestamp": 1765000303456}, {"id": "544956945", "price": 0.4141, "amount": 6.0, "side": "sell", "timestamp": 1765000303456}, {"id": "544956946", "price": 0.4141, "amount": 496.0, "side": "sell", "timestamp": 1765000304203}, {"id": "544956947", "price": 0.4141, "amount": 13.0, "side": "sell", "timestamp": 1765000304400}, {"id": "544956948", "price": 0.4141, "amount": 3105.0, "side": "sell", "timestamp": 1765000308747}, {"id": "544956949", "price": 0.414, "amount": 7.0, "side": "sell", "timestamp": 1765000309148}, {"id": "544956950", "price": 0.4141, "amount": 678.0, "side": "buy", "timestamp": 1765000309559}, {"id": "544956951", "price": 0.4141, "amount": 36.0, "side": "buy", "timestamp": 1765000312818}, {"id": "544956952", "price": 0.414, "amount": 6314.0, "side": "sell", "timestamp": 1765000313030}, {"id": "544956953", "price": 0.414, "amount": 570.0, "side": "sell", "timestamp": 1765000313220}, {"id": "544956954", "price": 0.4139, "amount": 5.0, "side": "sell", "timestamp": 1765000315416}, {"id": "544956955", "price": 0.414, "amount": 14.0, "side": "buy", "timestamp": 1765000315659}, {"id": "544956956", "price": 0.4139, "amount": 7.0, "side": "sell", "timestamp": 1765000315932}, {"id": "544956957", "price": 0.414, "amount": 2614.0, "side": "buy", "timestamp": 1765000316553}, {"id": "544956958", "price": 0.4141, "amount": 724.0, "side": "buy", "timestamp": 1765000317643}, {"id": "544956959", "price": 0.414, "amount": 9.0, "side": "sell", "timestamp": 1765000320965}, {"id": "544956960", "price": 0.414, "amount": 61.0, "side": "sell", "timestamp": 1765000321103}, {"id": "544956961", "price": 0.414, "amount": 2976.0, "side": "sell", "timestamp": 1765000321668}, {"id": "544956962", "price": 0.414, "amount": 6.0, "side": "sell", "timestamp": 1765000321832}, {"id": "544956963", "price": 0.4141, "amount": 14.0, "side": "buy", "timestamp": 1765000324346}, {"id": "544956964", "price": 0.4141, "amount": 13.0, "side": "buy", "timestamp": 1765000325022}, {"id": "544956965", "price": 0.4141, "amount": 34.0, "side": "buy", "timestamp": 1765000325487}, {"id": "544956966", "price": 0.4141, "amount": 15.0, "side": "buy", "timestamp": 1765000325722}, {"id": "544956967", "price": 0.414, "amount": 25.0, "side": "sell", "timestamp": 1765000328120}, {"id": "544956968", "price": 0.414, "amount": 82.0, "side": "sell", "timestamp": 1765000329777}, {"id": "544956969", "price": 0.414, "amount": 29.0, "side": "sell", "timestamp": 1765000331662}, {"id": "544956970", "price": 0.414, "amount": 6.0, "side": "sell", "timestamp": 1765000333719}, {"id": "544956971", "price": 0.414, "amount": 23.0, "side": "sell", "timestamp": 1765000335076}, {"id": "544956972", "price": 0.414, "amount": 5.0, "side": "sell", "timestamp": 1765000337030}, {"id": "544956973", "price": 0.414, "amount": 4.0, "side": "sell", "timestamp": 1765000339148}, {"id": "544956974", "price": 0.414, "amount": 24.0, "side": "sell", "timestamp": 1765000339995}, {"id": "544956975", "price": 0.414, "amount": 236.0, "side": "sell", "timestamp": 1765000341368}, {"id": "544956976", "price": 0.414, "amount": 7.0, "side": "sell", "timestamp": 1765000341523}, {"id": "544956977", "price": 0.414, "amount": 15.0, "side": "sell", "timestamp": 1765000342422}, {"id": "544956978", "price": 0.414, "amount": 21.0, "side": "sell", "timestamp": 1765000345098}, {"id": "544956979", "price": 0.414, "amount": 35918.0, "side": "sell", "timestamp": 1765000345542}, {"id": "544956980", "price": 0.4139, "amount": 8.0, "side": "sell", "timestamp": 1765000346568}, {"id": "544956981", "price": 0.4139, "amount": 8.0, "side": "sell", "timestamp": 1765000347465}, {"id": "544956982", "price": 0.4139, "amount": 482.0, "side": "sell", "timestamp": 1765000347894}, {"id": "544956983", "price": 0.4139, "amount": 7.0, "side": "sell", "timestamp": 1765000348277}, {"id": "544956984", "price": 0.414, "amount": 663.0, "side": "buy", "timestamp": 1765000348530}, {"id": "544956985", "price": 0.4139, "amount": 6.0, "side": "sell", "timestamp": 1765000348618}, {"id": "544956986", "price": 0.414, "amount": 13.0, "side": "buy", "timestamp": 1765000348767}, {"id": "544956987", "price": 0.4139, "amount": 22.0, "side": "sell", "timestamp": 1765000349877}, {"id": "544956988", "price": 0.4139, "amount": 9.0, "side": "sell", "timestamp": 1765000350426}, {"id": "544956989", "price": 0.414, "amount": 212.0, "side": "buy", "timestamp": 1765000350549}, {"id": "544956990", "price": 0.414, "amount": 209.0, "side": "buy", "timestamp": 1765000351134}, {"id": "544956991", "price": 0.414, "amount": 14.0, "side": "buy", "timestamp": 1765000351338}, {"id": "544956992", "price": 0.414, "amount": 1825.0, "side": "buy", "timestamp": 1765000353589}, {"id": "544956993", "price": 0.414, "amount": 2.0, "side": "sell", "timestamp": 1765000353630}, {"id": "544956994", "price": 0.414, "amount": 14.0, "side": "sell", "timestamp": 1765000355087}, {"id": "544956996", "price": 0.414, "amount": 226.0, "side": "sell", "timestamp": 1765000356624}, {"id": "544956997", "price": 0.414, "amount": 6062.0, "side": "sell", "timestamp": 1765000357318}, {"id": "544956998", "price": 0.414, "amount": 3.0, "side": "sell", "timestamp": 1765000357832}, {"id": "544956999", "price": 0.414, "amount": 5.0, "side": "sell", "timestamp": 1765000361189}, {"id": "544957000", "price": 0.4141, "amount": 6241.0, "side": "buy", "timestamp": 1765000363780}, {"id": "544957001", "price": 0.4142, "amount": 36284.0, "side": "buy", "timestamp": 1765000363813}, {"id": "544957002", "price": 0.4142, "amount": 968.0, "side": "buy", "timestamp": 1765000363918}, {"id": "544957003", "price": 0.4142, "amount": 800.0, "side": "buy", "timestamp": 1765000364057}, {"id": "544957004", "price": 0.4141, "amount": 23.0, "side": "sell", "timestamp": 1765000367288}, {"id": "544957005", "price": 0.4141, "amount": 29.0, "side": "sell", "timestamp": 1765000367665}, {"id": "544957006", "price": 0.4141, "amount": 2620.0, "side": "sell", "timestamp": 1765000368352}, {"id": "544957007", "price": 0.4141, "amount": 4.0, "side": "sell", "timestamp": 1765000369709}, {"id": "544957008", "price": 0.4141, "amount": 39.0, "side": "sell", "timestamp": 1765000370570}, {"id": "544957009", "price": 0.4141, "amount": 9049.0, "side": "sell", "timestamp": 1765000371357}, {"id": "544957010", "price": 0.414, "amount": 482.0, "side": "sell", "timestamp": 1765000371595}, {"id": "544957011", "price": 0.414, "amount": 115.0, "side": "sell", "timestamp": 1765000372732}, {"id": "544957012", "price": 0.414, "amount": 2.0, "side": "sell", "timestamp": 1765000373224}, {"id": "544957013", "price": 0.414, "amount": 14.0, "side": "sell", "timestamp": 1765000373570}, {"id": "544957014", "price": 0.414, "amount": 6.0, "side": "sell", "timestamp": 1765000374780}, {"id": "544957015", "price": 0.4141, "amount": 14.0, "side": "buy", "timestamp": 1765000378770}, {"id": "544957016", "price": 0.4141, "amount": 2713.0, "side": "buy", "timestamp": 1765000378985}, {"id": "544957017", "price": 0.4141, "amount": 69.0, "side": "sell", "timestamp": 1765000379085}, {"id": "544957018", "price": 0.4141, "amount": 33.0, "side": "sell", "timestamp": 1765000379507}, {"id": "544957019", "price": 0.4141, "amount": 6.0, "side": "sell", "timestamp": 1765000380403}, {"id": "544957020", "price": 0.4141, "amount": 15.0, "side": "sell", "timestamp": 1765000380659}, {"id": "544957021", "price": 0.4141, "amount": 6.0, "side": "sell", "timestamp": 1765000383661}, {"id": "544957022", "price": 0.4142, "amount": 13.0, "side": "buy", "timestamp": 1765000384603}, {"id": "544957023", "price": 0.4141, "amount": 14.0, "side": "sell", "timestamp": 1765000385078}, {"id": "544957024", "price": 0.4142, "amount": 15.0, "side": "buy", "timestamp": 1765000385352}, {"id": "544957025", "price": 0.4141, "amount": 2401.0, "side": "sell", "timestamp": 1765000387600}, {"id": "544957026", "price": 0.414, "amount": 8.0, "side": "sell", "timestamp": 1765000387979}, {"id": "544957027", "price": 0.414, "amount": 3.0, "side": "sell", "timestamp": 1765000388378}, {"id": "544957028", "price": 0.4141, "amount": 280.0, "side": "buy", "timestamp": 1765000388709}, {"id": "544957029", "price": 0.414, "amount": 66.0, "side": "sell", "timestamp": 1765000389973}, {"id": "544957030", "price": 0.414, "amount": 61.0, "side": "sell", "timestamp": 1765000391300}, {"id": "544957031", "price": 0.414, "amount": 7.0, "side": "sell", "timestamp": 1765000392441}, {"id": "544957032", "price": 0.4141, "amount": 3873.0, "side": "buy", "timestamp": 1765000393058}, {"id": "544957033", "price": 0.4141, "amount": 1.0, "side": "sell", "timestamp": 1765000393442}, {"id": "544957034", "price": 0.4141, "amount": 1.0, "side": "sell", "timestamp": 1765000394459}, {"id": "544957035", "price": 0.4141, "amount": 15.0, "side": "sell", "timestamp": 1765000395343}, {"id": "544957036", "price": 0.4141, "amount": 8.0, "side": "sell", "timestamp": 1765000397442}, {"id": "544957037", "price": 0.4141, "amount": 83.0, "side": "sell", "timestamp": 1765000398693}, {"id": "544957038", "price": 0.4141, "amount": 18.0, "side": "sell", "timestamp": 1765000399186}, {"id": "544957039", "price": 0.4141, "amount": 113.0, "side": "sell", "timestamp": 1765000400328}, {"id": "544957040", "price": 0.4141, "amount": 6.0, "side": "sell", "timestamp": 1765000400674}, {"id": "544957041", "price": 0.4141, "amount": 1.0, "side": "sell", "timestamp": 1765000401018}, {"id": "544957042", "price": 0.4141, "amount": 29.0, "side": "sell", "timestamp": 1765000403674}, {"id": "544957043", "price": 0.4141, "amount": 22.0, "side": "sell", "timestamp": 1765000404731}, {"id": "544957044", "price": 0.4142, "amount": 193.0, "side": "buy", "timestamp": 1765000405320}, {"id": "544957045", "price": 0.4141, "amount": 14.0, "side": "sell", "timestamp": 1765000406169}, {"id": "544957044", "price": 0.4142, "amount": 193.0, "side": "buy", "timestamp": 1765000405320}, {"id": "544957045", "price": 0.4141, "amount": 14.0, "side": "sell", "timestamp": 1765000406169}, {"id": "544957046", "price": 0.4141, "amount": 7.0, "side": "sell", "timestamp": 1765000408043}, {"id": "544957047", "price": 0.4141, "amount": 17.0, "side": "sell", "timestamp": 1765000409813}, {"id": "544957048", "price": 0.4141, "amount": 25.0, "side": "sell", "timestamp": 1765000409991}, {"id": "544957049", "price": 0.4141, "amount": 9.0, "side": "sell", "timestamp": 1765000410994}, {"id": "544957050", "price": 0.4141, "amount": 2.0, "side": "sell", "timestamp": 1765000414545}, {"id": "544957051", "price": 0.4141, "amount": 25.0, "side": "sell", "timestamp": 1765000415044}, {"id": "544957052", "price": 0.4142, "amount": 193.0, "side": "buy", "timestamp": 1765000416320}, {"id": "544957053", "price": 0.4141, "amount": 3181.0, "side": "sell", "timestamp": 1765000417953}, {"id": "544957054", "price": 0.4141, "amount": 4.0, "side": "sell", "timestamp": 1765000418869}, {"id": "544957055", "price": 0.4141, "amount": 22.0, "side": "sell", "timestamp": 1765000419711}, {"id": "544957056", "price": 0.4141, "amount": 8.0, "side": "sell", "timestamp": 1765000422960}, {"id": "544957057", "price": 0.4141, "amount": 4.0, "side": "sell", "timestamp": 1765000424070}, {"id": "544957058", "price": 0.4141, "amount": 22.0, "side": "sell", "timestamp": 1765000425021}, {"id": "544957059", "price": 0.4142, "amount": 2449.0, "side": "buy", "timestamp": 1765000425432}, {"id": "544957060", "price": 0.4142, "amount": 61.0, "side": "buy", "timestamp": 1765000426165}, {"id": "544957061", "price": 0.4141, "amount": 7.0, "side": "sell", "timestamp": 1765000427503}, {"id": "544957062", "price": 0.4142, "amount": 94.0, "side": "buy", "timestamp": 1765000429728}, {"id": "544957063", "price": 0.4141, "amount": 22.0, "side": "sell", "timestamp": 1765000429944}, {"id": "544957064", "price": 0.4141, "amount": 7.0, "side": "sell", "timestamp": 1765000430262}, {"id": "544957065", "price": 0.4141, "amount": 7511.0, "side": "sell", "timestamp": 1765000430959}, {"id": "544957066", "price": 0.4141, "amount": 7.0, "side": "sell", "timestamp": 1765000433522}, {"id": "544957067", "price": 0.4142, "amount": 1498.0, "side": "buy", "timestamp": 1765000435160}, {"id": "544957068", "price": 0.4141, "amount": 4.0, "side": "sell", "timestamp": 1765000436007}, {"id": "544957069", "price": 0.4141, "amount": 142.0, "side": "sell", "timestamp": 1765000438850}, {"id": "544957070", "price": 0.4141, "amount": 29.0, "side": "sell", "timestamp": 1765000439663}, {"id": "544957071", "price": 0.4141, "amount": 24.0, "side": "sell", "timestamp": 1765000439811}, {"id": "544957072", "price": 0.4142, "amount": 111.0, "side": "buy", "timestamp": 1765000440621}, {"id": "544957073", "price": 0.4141, "amount": 1.0, "side": "sell", "timestamp": 1765000442271}, {"id": "544957074", "price": 0.4141, "amount": 7.0, "side": "sell", "timestamp": 1765000443470}, {"id": "544957075", "price": 0.4142, "amount": 29.0, "side": "buy", "timestamp": 1765000444510}, {"id": "544957076", "price": 0.4142, "amount": 17.0, "side": "buy", "timestamp": 1765000444719}, {"id": "544957077", "price": 0.4142, "amount": 17.0, "side": "buy", "timestamp": 1765000445361}, {"id": "544957078", "price": 0.4142, "amount": 19.0, "side": "buy", "timestamp": 1765000445726}, {"id": "544957079", "price": 0.4142, "amount": 39.0, "side": "buy", "timestamp": 1765000446118}, {"id": "544957080", "price": 0.4141, "amount": 25.0, "side": "sell", "timestamp": 1765000446145}, {"id": "544957081", "price": 0.4142, "amount": 241.0, "side": "buy", "timestamp": 1765000446374}, {"id": "544957082", "price": 0.4142, "amount": 5287.0, "side": "buy", "timestamp": 1765000447717}, {"id": "544957083", "price": 0.4141, "amount": 8.0, "side": "sell", "timestamp": 1765000448541}, {"id": "544957084", "price": 0.4141, "amount": 61.0, "side": "sell", "timestamp": 1765000449724}, {"id": "544957085", "price": 0.4141, "amount": 66.0, "side": "sell", "timestamp": 1765000450008}, {"id": "544957086", "price": 0.4141, "amount": 6.0, "side": "sell", "timestamp": 1765000454083}, {"id": "544957087", "price": 0.4141, "amount": 8.0, "side": "sell", "timestamp": 1765000454325}, {"id": "544957088", "price": 0.4141, "amount": 24.0, "side": "sell", "timestamp": 1765000454828}, {"id": "544957089", "price": 0.4142, "amount": 12.0, "side": "buy", "timestamp": 1765000456937}, {"id": "544957090", "price": 0.4141, "amount": 14.0, "side": "sell", "timestamp": 1765000457109}, {"id": "544957091", "price": 0.4142, "amount": 9.0, "side": "buy", "timestamp": 1765000457153}, {"id": "544957092", "price": 0.4141, "amount": 22.0, "side": "sell", "timestamp": 1765000457273}, {"id": "544957093", "price": 0.4141, "amount": 5.0, "side": "sell", "timestamp": 1765000458643}, {"id": "544957093", "price": 0.4141, "amount": 5.0, "side": "sell", "timestamp": 1765000458643}, {"id": "544957094", "price": 0.4141, "amount": 23.0, "side": "sell", "timestamp": 1765000459945}, {"id": "544957095", "price": 0.4141, "amount": 63.0, "side": "sell", "timestamp": 1765000461840}, {"id": "544957096", "price": 0.4141, "amount": 39.0, "side": "sell", "timestamp": 1765000462182}, {"id": "544957097", "price": 0.4141, "amount": 4.0, "side": "sell", "timestamp": 1765000462328}, {"id": "544957098", "price": 0.4141, "amount": 71.0, "side": "sell", "timestamp": 1765000464554}, {"id": "544957099", "price": 0.4141, "amount": 41.0, "side": "sell", "timestamp": 1765000464816}, {"id": "544957100", "price": 0.4141, "amount": 4.0, "side": "sell", "timestamp": 1765000468691}, {"id": "544957101", "price": 0.4141, "amount": 25.0, "side": "sell", "timestamp": 1765000470004}, {"id": "544957102", "price": 0.4141, "amount": 5.0, "side": "sell", "timestamp": 1765000471560}, {"id": "544957103", "price": 0.4141, "amount": 8.0, "side": "sell", "timestamp": 1765000474040}, {"id": "544957104", "price": 0.4141, "amount": 22.0, "side": "sell", "timestamp": 1765000474930}, {"id": "544957105", "price": 0.4141, "amount": 2.0, "side": "sell", "timestamp": 1765000475096}, {"id": "544957106", "price": 0.4141, "amount": 29.0, "side": "sell", "timestamp": 1765000475673}, {"id": "544957107", "price": 0.4141, "amount": 5.0, "side": "sell", "timestamp": 1765000476977}, {"id": "544957108", "price": 0.4141, "amount": 253.0, "side": "sell", "timestamp": 1765000477288}, {"id": "544957109", "price": 0.4141, "amount": 4.0, "side": "sell", "timestamp": 1765000478426}, {"id": "544957110", "price": 0.4141, "amount": 16.0, "side": "sell", "timestamp": 1765000479070}, {"id": "544957111", "price": 0.4141, "amount": 21.0, "side": "sell", "timestamp": 1765000479999}, {"id": "544957112", "price": 0.4141, "amount": 7.0, "side": "sell", "timestamp": 1765000480489}, {"id": "544957113", "price": 0.4142, "amount": 26.0, "side": "buy", "timestamp": 1765000480600}, {"id": "544957114", "price": 0.4141, "amount": 20.0, "side": "sell", "timestamp": 1765000482599}, {"id": "544957115", "price": 0.4141, "amount": 25.0, "side": "sell", "timestamp": 1765000485015}, {"id": "544957116", "price": 0.4142, "amount": 82.0, "side": "buy", "timestamp": 1765000486744}, {"id": "544957117", "price": 0.4141, "amount": 7.0, "side": "sell", "timestamp": 1765000488801}, {"id": "544957118", "price": 0.4142, "amount": 82.0, "side": "buy", "timestamp": 1765000488968}, {"id": "544957119", "price": 0.4141, "amount": 25.0, "side": "sell", "timestamp": 1765000489808}, {"id": "544957120", "price": 0.4141, "amount": 12.0, "side": "sell", "timestamp": 1765000490829}, {"id": "544957121", "price": 0.4142, "amount": 82.0, "side": "buy", "timestamp": 1765000492983}, {"id": "544957122", "price": 0.4141, "amount": 149.0, "side": "sell", "timestamp": 1765000494316}, {"id": "544957123", "price": 0.4141, "amount": 1.0, "side": "sell", "timestamp": 1765000494748}, {"id": "544957124", "price": 0.4142, "amount": 82.0, "side": "buy", "timestamp": 1765000495039}, {"id": "544957125", "price": 0.4142, "amount": 36.0, "side": "buy", "timestamp": 1765000497614}, {"id": "544957126", "price": 0.4141, "amount": 35.0, "side": "sell", "timestamp": 1765000499109}, {"id": "544957127", "price": 0.4141, "amount": 9.0, "side": "sell", "timestamp": 1765000499558}, {"id": "544957128", "price": 0.4142, "amount": 59.0, "side": "buy", "timestamp": 1765000501493}, {"id": "544957129", "price": 0.4142, "amount": 16.0, "side": "buy", "timestamp": 1765000501630}, {"id": "544957130", "price": 0.4141, "amount": 77.0, "side": "sell", "timestamp": 1765000501895}, {"id": "544957131", "price": 0.4142, "amount": 23.0, "side": "buy", "timestamp": 1765000502081}, {"id": "544957132", "price": 0.4141, "amount": 7.0, "side": "sell", "timestamp": 1765000502143}, {"id": "544957133", "price": 0.4142, "amount": 230.0, "side": "buy", "timestamp": 1765000502189}, {"id": "544957134", "price": 0.4142, "amount": 18.0, "side": "buy", "timestamp": 1765000502526}, {"id": "544957135", "price": 0.4141, "amount": 5.0, "side": "sell", "timestamp": 1765000505219}, {"id": "544957136", "price": 0.4142, "amount": 14.0, "side": "buy", "timestamp": 1765000505523}, {"id": "544957137", "price": 0.4141, "amount": 7.0, "side": "sell", "timestamp": 1765000507007}, {"id": "544957138", "price": 0.4141, "amount": 14.0, "side": "sell", "timestamp": 1765000507148}, {"id": "544957139", "price": 0.4141, "amount": 16.0, "side": "sell", "timestamp": 1765000507453}, {"id": "544957140", "price": 0.4141, "amount": 16.0, "side": "sell", "timestamp": 1765000508139}, {"id": "544957141", "price": 0.4141, "amount": 67.0, "side": "sell", "timestamp": 1765000509731}, {"id": "544957142", "price": 0.4141, "amount": 78.0, "side": "sell", "timestamp": 1765000510083}, {"id": "544957146", "price": 0.4141, "amount": 24.0, "side": "sell", "timestamp": 1765000514723}, {"id": "544957147", "price": 0.4141, "amount": 2.0, "side": "sell", "timestamp": 1765000515970}, {"id": "544957148", "price": 0.4141, "amount": 27.0, "side": "sell", "timestamp": 1765000520059}, {"id": "544957149", "price": 0.4141, "amount": 2.0, "side": "sell", "timestamp": 1765000521598}, {"id": "544957150", "price": 0.4141, "amount": 4.0, "side": "sell", "timestamp": 1765000522244}, {"id": "544957151", "price": 0.4141, "amount": 4.0, "side": "sell", "timestamp": 1765000523803}, {"id": "544957152", "price": 0.4141, "amount": 16.0, "side": "sell", "timestamp": 1765000524612}, {"id": "544957153", "price": 0.4141, "amount": 28.0, "side": "sell", "timestamp": 1765000524720}, {"id": "544957154", "price": 0.4142, "amount": 31397.0, "side": "buy", "timestamp": 1765000525039}, {"id": "544957155", "price": 0.4143, "amount": 721.0, "side": "buy", "timestamp": 1765000525077}, {"id": "544957156", "price": 0.4142, "amount": 9.0, "side": "sell", "timestamp": 1765000525081}, {"id": "544957157", "price": 0.4143, "amount": 19.0, "side": "buy", "timestamp": 1765000525086}, {"id": "544957158", "price": 0.4142, "amount": 1938.0, "side": "sell", "timestamp": 1765000525103}, {"id": "544957159", "price": 0.4142, "amount": 16.0, "side": "sell", "timestamp": 1765000526394}, {"id": "544957160", "price": 0.4143, "amount": 120.0, "side": "buy", "timestamp": 1765000526428}, {"id": "544957161", "price": 0.4142, "amount": 5811.0, "side": "sell", "timestamp": 1765000527025}, {"id": "544957162", "price": 0.4142, "amount": 7995.0, "side": "sell", "timestamp": 1765000529583}, {"id": "544957163", "price": 0.4141, "amount": 15.0, "side": "sell", "timestamp": 1765000532110}, {"id": "544957164", "price": 0.4141, "amount": 896.0, "side": "sell", "timestamp": 1765000533194}, {"id": "544957165", "price": 0.4141, "amount": 7.0, "side": "sell", "timestamp": 1765000533494}, {"id": "544957166", "price": 0.4141, "amount": 15.0, "side": "sell", "timestamp": 1765000534607}, {"id": "544957167", "price": 0.4142, "amount": 4589.0, "side": "buy", "timestamp": 1765000535239}, {"id": "544957168", "price": 0.4143, "amount": 335.0, "side": "buy", "timestamp": 1765000535239}, {"id": "544957169", "price": 0.4142, "amount": 217.0, "side": "sell", "timestamp": 1765000536029}, {"id": "544957170", "price": 0.4141, "amount": 3.0, "side": "sell", "timestamp": 1765000536685}, {"id": "544957171", "price": 0.4141, "amount": 76.0, "side": "sell", "timestamp": 1765000538447}, {"id": "544957172", "price": 0.4142, "amount": 25.0, "side": "buy", "timestamp": 1765000539330}, {"id": "544957173", "price": 0.4142, "amount": 5.0, "side": "sell", "timestamp": 1765000539590}, {"id": "544957174", "price": 0.4142, "amount": 204.0, "side": "sell", "timestamp": 1765000540116}, {"id": "544957175", "price": 0.4142, "amount": 50.0, "side": "buy", "timestamp": 1765000541562}, {"id": "544957176", "price": 0.4143, "amount": 15.0, "side": "buy", "timestamp": 1765000541784}, {"id": "544957177", "price": 0.4143, "amount": 20.0, "side": "buy", "timestamp": 1765000541944}, {"id": "544957178", "price": 0.4143, "amount": 77.0, "side": "buy", "timestamp": 1765000542785}, {"id": "544957179", "price": 0.4142, "amount": 5.0, "side": "sell", "timestamp": 1765000544677}, {"id": "544957180", "price": 0.4142, "amount": 8.0, "side": "sell", "timestamp": 1765000545134}, {"id": "544957181", "price": 0.4143, "amount": 12.0, "side": "buy", "timestamp": 1765000547452}, {"id": "544957182", "price": 0.4143, "amount": 29.0, "side": "buy", "timestamp": 1765000547666}, {"id": "544957183", "price": 0.4142, "amount": 26.0, "side": "sell", "timestamp": 1765000550054}, {"id": "544957184", "price": 0.4142, "amount": 4.0, "side": "sell", "timestamp": 1765000551408}, {"id": "544957185", "price": 0.4143, "amount": 18.0, "side": "buy", "timestamp": 1765000552222}, {"id": "544957186", "price": 0.4143, "amount": 13.0, "side": "buy", "timestamp": 1765000552467}, {"id": "544957187", "price": 0.4142, "amount": 5.0, "side": "sell", "timestamp": 1765000556613}, {"id": "544957188", "price": 0.4143, "amount": 3564.0, "side": "buy", "timestamp": 1765000557074}, {"id": "544957189", "price": 0.4143, "amount": 240.0, "side": "buy", "timestamp": 1765000558613}, {"id": "544957190", "price": 0.4142, "amount": 19.0, "side": "sell", "timestamp": 1765000558952}, {"id": "544957191", "price": 0.4142, "amount": 7.0, "side": "sell", "timestamp": 1765000559903}, {"id": "544957192", "price": 0.4142, "amount": 16.0, "side": "sell", "timestamp": 1765000560154}, {"id": "544957193", "price": 0.4143, "amount": 13487.0, "side": "buy", "timestamp": 1765000560794}, {"id": "544957194", "price": 0.4143, "amount": 14.0, "side": "sell", "timestamp": 1765000562348}, {"id": "544957195", "price": 0.4143, "amount": 16.0, "side": "sell", "timestamp": 1765000562936}, {"id": "544957198", "price": 0.4144, "amount": 30.0, "side": "buy", "timestamp": 1765000565380}, {"id": "544957199", "price": 0.4143, "amount": 1.0, "side": "sell", "timestamp": 1765000565463}, {"id": "544957200", "price": 0.4144, "amount": 13.0, "side": "buy", "timestamp": 1765000565506}, {"id": "544957201", "price": 0.4144, "amount": 4314.0, "side": "buy", "timestamp": 1765000565652}, {"id": "544957202", "price": 0.4143, "amount": 21848.0, "side": "sell", "timestamp": 1765000568418}, {"id": "544957203", "price": 0.4143, "amount": 240.0, "side": "buy", "timestamp": 1765000568909}, {"id": "544957204", "price": 0.4142, "amount": 20.0, "side": "sell", "timestamp": 1765000569754}, {"id": "544957205", "price": 0.4142, "amount": 24.0, "side": "sell", "timestamp": 1765000570097}, {"id": "544957206", "price": 0.4142, "amount": 7.0, "side": "sell", "timestamp": 1765000570653}, {"id": "544957207", "price": 0.4142, "amount": 29.0, "side": "sell", "timestamp": 1765000574936}, {"id": "544957208", "price": 0.4143, "amount": 37.0, "side": "buy", "timestamp": 1765000575443}, {"id": "544957209", "price": 0.4142, "amount": 9.0, "side": "sell", "timestamp": 1765000575988}, {"id": "544957210", "price": 0.4142, "amount": 20100.0, "side": "sell", "timestamp": 1765000576736}, {"id": "544957211", "price": 0.4142, "amount": 3392.0, "side": "buy", "timestamp": 1765000579534}, {"id": "544957212", "price": 0.4142, "amount": 23.0, "side": "sell", "timestamp": 1765000579738}, {"id": "544957213", "price": 0.4142, "amount": 6.0, "side": "sell", "timestamp": 1765000580124}, {"id": "544957214", "price": 0.4142, "amount": 240.0, "side": "sell", "timestamp": 1765000580410}, {"id": "544957215", "price": 0.4142, "amount": 29.0, "side": "sell", "timestamp": 1765000583666}, {"id": "544957216", "price": 0.4142, "amount": 5.0, "side": "sell", "timestamp": 1765000585280}, {"id": "544957217", "price": 0.4142, "amount": 13.0, "side": "sell", "timestamp": 1765000588119}, {"id": "544957218", "price": 0.4142, "amount": 22.0, "side": "sell", "timestamp": 1765000589881}, {"id": "544957219", "price": 0.4142, "amount": 4.0, "side": "sell", "timestamp": 1765000590174}, {"id": "544957220", "price": 0.4142, "amount": 230.0, "side": "sell", "timestamp": 1765000590516}, {"id": "544957221", "price": 0.4141, "amount": 6.0, "side": "sell", "timestamp": 1765000591629}, {"id": "544957222", "price": 0.4141, "amount": 5.0, "side": "sell", "timestamp": 1765000592680}, {"id": "544957223", "price": 0.4141, "amount": 13.0, "side": "sell", "timestamp": 1765000594462}, {"id": "544957224", "price": 0.4141, "amount": 20.0, "side": "sell", "timestamp": 1765000595075}, {"id": "544957225", "price": 0.4141, "amount": 22.0, "side": "sell", "timestamp": 1765000595480}, {"id": "544957226", "price": 0.4141, "amount": 8.0, "side": "sell", "timestamp": 1765000596450}, {"id": "544957227", "price": 0.4141, "amount": 157.0, "side": "sell", "timestamp": 1765000596778}, {"id": "544957228", "price": 0.4141, "amount": 2.0, "side": "sell", "timestamp": 1765000597259}, {"id": "544957229", "price": 0.4141, "amount": 193.0, "side": "sell", "timestamp": 1765000597719}, {"id": "544957230", "price": 0.4141, "amount": 6.0, "side": "sell", "timestamp": 1765000598538}, {"id": "544957231", "price": 0.4141, "amount": 197.0, "side": "sell", "timestamp": 1765000599019}, {"id": "544957232", "price": 0.4141, "amount": 13.0, "side": "sell", "timestamp": 1765000599464}, {"id": "544957233", "price": 0.4142, "amount": 310.0, "side": "buy", "timestamp": 1765000599767}, {"id": "544957234", "price": 0.4141, "amount": 46.0, "side": "sell", "timestamp": 1765000599915}, {"id": "544957235", "price": 0.4142, "amount": 13.0, "side": "buy", "timestamp": 1765000601334}, {"id": "544957236", "price": 0.4141, "amount": 9.0, "side": "sell", "timestamp": 1765000601762}, {"id": "544957237", "price": 0.4141, "amount": 7.0, "side": "sell", "timestamp": 1765000604166}, {"id": "544957238", "price": 0.4141, "amount": 23.0, "side": "sell", "timestamp": 1765000605046}, {"id": "544957239", "price": 0.4141, "amount": 98.0, "side": "sell", "timestamp": 1765000605745}, {"id": "544957240", "price": 0.4142, "amount": 6770.0, "side": "buy", "timestamp": 1765000606689}, {"id": "544957241", "price": 0.4142, "amount": 241.0, "side": "buy", "timestamp": 1765000607938}, {"id": "544957242", "price": 0.4141, "amount": 25.0, "side": "sell", "timestamp": 1765000609720}, {"id": "544957243", "price": 0.4141, "amount": 7.0, "side": "sell", "timestamp": 1765000610231}, {"id": "544957244", "price": 0.4141, "amount": 16.0, "side": "sell", "timestamp": 1765000611231}, {"id": "544957245", "price": 0.4141, "amount": 8.0, "side": "sell", "timestamp": 1765000611966}, {"id": "544957246", "price": 0.4141, "amount": 7.0, "side": "sell", "timestamp": 1765000612447}, {"id": "544957247", "price": 0.4142, "amount": 4605.0, "side": "buy", "timestamp": 1765000614487}, {"id": "544957241", "price": 0.4142, "amount": 241.0, "side": "buy", "timestamp": 1765000607938}, {"id": "544957242", "price": 0.4141, "amount": 25.0, "side": "sell", "timestamp": 1765000609720}, {"id": "544957243", "price": 0.4141, "amount": 7.0, "side": "sell", "timestamp": 1765000610231}, {"id": "544957244", "price": 0.4141, "amount": 16.0, "side": "sell", "timestamp": 1765000611231}, {"id": "544957245", "price": 0.4141, "amount": 8.0, "side": "sell", "timestamp": 1765000611966}, {"id": "544957246", "price": 0.4141, "amount": 7.0, "side": "sell", "timestamp": 1765000612447}, {"id": "544957247", "price": 0.4142, "amount": 4605.0, "side": "buy", "timestamp": 1765000614487}, {"id": "544957248", "price": 0.4142, "amount": 8.0, "side": "sell", "timestamp": 1765000615733}, {"id": "544957249", "price": 0.4142, "amount": 2.0, "side": "sell", "timestamp": 1765000616266}, {"id": "544957250", "price": 0.4142, "amount": 29.0, "side": "sell", "timestamp": 1765000619665}, {"id": "544957251", "price": 0.4142, "amount": 5.0, "side": "sell", "timestamp": 1765000623665}, {"id": "544957252", "price": 0.4142, "amount": 7682.0, "side": "sell", "timestamp": 1765000625588}, {"id": "544957253", "price": 0.4142, "amount": 14.0, "side": "buy", "timestamp": 1765000625730}, {"id": "544957254", "price": 0.4141, "amount": 5.0, "side": "sell", "timestamp": 1765000626717}, {"id": "544957255", "price": 0.4142, "amount": 576.0, "side": "buy", "timestamp": 1765000628359}, {"id": "544957256", "price": 0.4141, "amount": 13.0, "side": "sell", "timestamp": 1765000628542}, {"id": "544957257", "price": 0.4141, "amount": 59.0, "side": "sell", "timestamp": 1765000629931}, {"id": "544957258", "price": 0.4142, "amount": 306.0, "side": "buy", "timestamp": 1765000630724}, {"id": "544957259", "price": 0.4141, "amount": 3.0, "side": "sell", "timestamp": 1765000631242}, {"id": "544957260", "price": 0.4142, "amount": 180.0, "side": "buy", "timestamp": 1765000633486}, {"id": "544957261", "price": 0.4141, "amount": 2.0, "side": "sell", "timestamp": 1765000634615}, {"id": "544957262", "price": 0.4141, "amount": 21.0, "side": "sell", "timestamp": 1765000634838}, {"id": "544957263", "price": 0.4141, "amount": 20.0, "side": "sell", "timestamp": 1765000635246}, {"id": "544957264", "price": 0.4141, "amount": 15.0, "side": "sell", "timestamp": 1765000636754}, {"id": "544957265", "price": 0.4141, "amount": 1.0, "side": "sell", "timestamp": 1765000637579}, {"id": "544957266", "price": 0.4141, "amount": 7.0, "side": "sell", "timestamp": 1765000639129}, {"id": "544957267", "price": 0.4141, "amount": 24.0, "side": "sell", "timestamp": 1765000640051}, {"id": "544957268", "price": 0.4141, "amount": 2.0, "side": "sell", "timestamp": 1765000642207}, {"id": "544957269", "price": 0.4141, "amount": 5.0, "side": "sell", "timestamp": 1765000643754}, {"id": "544957270", "price": 0.4141, "amount": 23.0, "side": "sell", "timestamp": 1765000644900}, {"id": "544957271", "price": 0.4141, "amount": 4.0, "side": "sell", "timestamp": 1765000646753}, {"id": "544957272", "price": 0.4141, "amount": 8.0, "side": "sell", "timestamp": 1765000647365}, {"id": "544957273", "price": 0.4141, "amount": 127.0, "side": "sell", "timestamp": 1765000647929}, {"id": "544957274", "price": 0.4141, "amount": 48965.0, "side": "sell", "timestamp": 1765000648781}, {"id": "544957275", "price": 0.414, "amount": 22.0, "side": "sell", "timestamp": 1765000649936}, {"id": "544957276", "price": 0.414, "amount": 8.0, "side": "sell", "timestamp": 1765000650983}, {"id": "544957277", "price": 0.4141, "amount": 583.0, "side": "buy", "timestamp": 1765000651134}, {"id": "544957278", "price": 0.414, "amount": 9.0, "side": "sell", "timestamp": 1765000652620}, {"id": "544957279", "price": 0.414, "amount": 11.0, "side": "sell", "timestamp": 1765000653528}, {"id": "544957280", "price": 0.414, "amount": 180.0, "side": "sell", "timestamp": 1765000654582}, {"id": "544957281", "price": 0.414, "amount": 21.0, "side": "sell", "timestamp": 1765000655029}, {"id": "544957282", "price": 0.414, "amount": 29.0, "side": "sell", "timestamp": 1765000655668}, {"id": "544957283", "price": 0.414, "amount": 1.0, "side": "sell", "timestamp": 1765000658028}, {"id": "544957284", "price": 0.414, "amount": 23.0, "side": "sell", "timestamp": 1765000659858}, {"id": "544957285", "price": 0.414, "amount": 3.0, "side": "sell", "timestamp": 1765000660181}, {"id": "544957286", "price": 0.414, "amount": 8.0, "side": "sell", "timestamp": 1765000661551}, {"id": "544957287", "price": 0.414, "amount": 62.0, "side": "sell", "timestamp": 1765000661713}, {"id": "544957288", "price": 0.414, "amount": 22.0, "side": "sell", "timestamp": 1765000664982}, {"id": "544957289", "price": 0.414, "amount": 5.0, "side": "sell", "timestamp": 1765000665277}, {"id": "544957290", "price": 0.414, "amount": 7.0, "side": "sell", "timestamp": 1765000665635}, {"id": "544957286", "price": 0.414, "amount": 8.0, "side": "sell", "timestamp": 1765000661551}, {"id": "544957287", "price": 0.414, "amount": 62.0, "side": "sell", "timestamp": 1765000661713}, {"id": "544957288", "price": 0.414, "amount": 22.0, "side": "sell", "timestamp": 1765000664982}, {"id": "544957289", "price": 0.414, "amount": 5.0, "side": "sell", "timestamp": 1765000665277}, {"id": "544957290", "price": 0.414, "amount": 7.0, "side": "sell", "timestamp": 1765000665635}, {"id": "544957291", "price": 0.414, "amount": 19.0, "side": "sell", "timestamp": 1765000666934}, {"id": "544957292", "price": 0.414, "amount": 167.0, "side": "sell", "timestamp": 1765000668080}, {"id": "544957293", "price": 0.414, "amount": 21.0, "side": "sell", "timestamp": 1765000669834}, {"id": "544957294", "price": 0.414, "amount": 18.0, "side": "sell", "timestamp": 1765000670878}, {"id": "544957295", "price": 0.414, "amount": 17.0, "side": "sell", "timestamp": 1765000671415}, {"id": "544957296", "price": 0.414, "amount": 13.0, "side": "sell", "timestamp": 1765000671625}, {"id": "544957297", "price": 0.414, "amount": 53394.0, "side": "sell", "timestamp": 1765000672397}, {"id": "544957298", "price": 0.414, "amount": 16.0, "side": "sell", "timestamp": 1765000672851}, {"id": "544957299", "price": 0.414, "amount": 6.0, "side": "sell", "timestamp": 1765000677249}, {"id": "544957300", "price": 0.414, "amount": 9.0, "side": "sell", "timestamp": 1765000678141}, {"id": "544957301", "price": 0.414, "amount": 14.0, "side": "sell", "timestamp": 1765000678363}, {"id": "544957302", "price": 0.414, "amount": 142.0, "side": "sell", "timestamp": 1765000679973}, {"id": "544957303", "price": 0.414, "amount": 20.0, "side": "sell", "timestamp": 1765000680153}, {"id": "544957304", "price": 0.414, "amount": 53.0, "side": "sell", "timestamp": 1765000680876}, {"id": "544957305", "price": 0.414, "amount": 113.0, "side": "sell", "timestamp": 1765000683023}, {"id": "544957306", "price": 0.414, "amount": 1.0, "side": "sell", "timestamp": 1765000683390}, {"id": "544957307", "price": 0.4141, "amount": 14.0, "side": "buy", "timestamp": 1765000685515}, {"id": "544957308", "price": 0.414, "amount": 240.0, "side": "sell", "timestamp": 1765000686533}, {"id": "544957309", "price": 0.414, "amount": 6455.0, "side": "sell", "timestamp": 1765000686807}, {"id": "544957310", "price": 0.4139, "amount": 16.0, "side": "sell", "timestamp": 1765000687623}, {"id": "544957311", "price": 0.414, "amount": 49.0, "side": "buy", "timestamp": 1765000688605}, {"id": "544957312", "price": 0.4139, "amount": 40.0, "side": "sell", "timestamp": 1765000689836}, {"id": "544957313", "price": 0.4139, "amount": 20.0, "side": "sell", "timestamp": 1765000690002}, {"id": "544957314", "price": 0.414, "amount": 55.0, "side": "buy", "timestamp": 1765000690914}, {"id": "544957315", "price": 0.4139, "amount": 29.0, "side": "sell", "timestamp": 1765000691664}, {"id": "544957316", "price": 0.4139, "amount": 335.0, "side": "sell", "timestamp": 1765000691832}, {"id": "544957317", "price": 0.4139, "amount": 24.0, "side": "sell", "timestamp": 1765000695069}, {"id": "544957318", "price": 0.4139, "amount": 266.0, "side": "sell", "timestamp": 1765000695533}, {"id": "544957319", "price": 0.4139, "amount": 7.0, "side": "sell", "timestamp": 1765000695640}, {"id": "544957320", "price": 0.4139, "amount": 8.0, "side": "sell", "timestamp": 1765000698532}, {"id": "544957321", "price": 0.4139, "amount": 21.0, "side": "sell", "timestamp": 1765000699837}, {"id": "544957322", "price": 0.4139, "amount": 7.0, "side": "sell", "timestamp": 1765000701697}, {"id": "544957323", "price": 0.4139, "amount": 9.0, "side": "sell", "timestamp": 1765000703665}, {"id": "544957324", "price": 0.4139, "amount": 24.0, "side": "sell", "timestamp": 1765000704974}, {"id": "544957325", "price": 0.4139, "amount": 17.0, "side": "sell", "timestamp": 1765000707571}, {"id": "544957326", "price": 0.4139, "amount": 5.0, "side": "sell", "timestamp": 1765000708384}, {"id": "544957327", "price": 0.4139, "amount": 20.0, "side": "sell", "timestamp": 1765000710076}, {"id": "544957328", "price": 0.414, "amount": 565.0, "side": "buy", "timestamp": 1765000711655}, {"id": "544957329", "price": 0.4139, "amount": 8.0, "side": "sell", "timestamp": 1765000711675}, {"id": "544957330", "price": 0.4139, "amount": 7.0, "side": "sell", "timestamp": 1765000713192}, {"id": "544957331", "price": 0.4139, "amount": 15.0, "side": "sell", "timestamp": 1765000713566}, {"id": "544957332", "price": 0.4139, "amount": 10.0, "side": "sell", "timestamp": 1765000714050}, {"id": "544957333", "price": 0.4139, "amount": 24.0, "side": "sell", "timestamp": 1765000714715}, {"id": "544957334", "price": 0.414, "amount": 16373.0, "side": "buy", "timestamp": 1765000715150}, {"id": "544957335", "price": 0.414, "amount": 152.0, "side": "buy", "timestamp": 1765000715533}, {"id": "544957335", "price": 0.414, "amount": 152.0, "side": "buy", "timestamp": 1765000715533}, {"id": "544957336", "price": 0.4139, "amount": 3.0, "side": "sell", "timestamp": 1765000718548}, {"id": "544957337", "price": 0.4139, "amount": 7.0, "side": "sell", "timestamp": 1765000719424}, {"id": "544957338", "price": 0.4139, "amount": 3.0, "side": "sell", "timestamp": 1765000719630}, {"id": "544957339", "price": 0.4139, "amount": 22.0, "side": "sell", "timestamp": 1765000719779}, {"id": "544957340", "price": 0.4139, "amount": 5.0, "side": "sell", "timestamp": 1765000720128}, {"id": "544957341", "price": 0.4139, "amount": 21.0, "side": "sell", "timestamp": 1765000725064}, {"id": "544957342", "price": 0.4139, "amount": 6.0, "side": "sell", "timestamp": 1765000725709}, {"id": "544957343", "price": 0.4139, "amount": 29.0, "side": "sell", "timestamp": 1765000727659}, {"id": "544957344", "price": 0.4139, "amount": 23.0, "side": "sell", "timestamp": 1765000729734}, {"id": "544957345", "price": 0.4139, "amount": 12.0, "side": "sell", "timestamp": 1765000730843}, {"id": "544957346", "price": 0.4139, "amount": 7.0, "side": "sell", "timestamp": 1765000731733}, {"id": "544957347", "price": 0.4139, "amount": 16.0, "side": "sell", "timestamp": 1765000732119}, {"id": "544957348", "price": 0.4139, "amount": 9.0, "side": "sell", "timestamp": 1765000733488}, {"id": "544957349", "price": 0.4139, "amount": 7.0, "side": "sell", "timestamp": 1765000736810}, {"id": "544957350", "price": 0.4139, "amount": 1.0, "side": "sell", "timestamp": 1765000737779}, {"id": "544957351", "price": 0.4139, "amount": 16.0, "side": "sell", "timestamp": 1765000739096}, {"id": "544957352", "price": 0.414, "amount": 14.0, "side": "buy", "timestamp": 1765000744976}, {"id": "544957353", "price": 0.4139, "amount": 7.0, "side": "sell", "timestamp": 1765000745192}, {"id": "544957354", "price": 0.414, "amount": 16.0, "side": "buy", "timestamp": 1765000745419}, {"id": "544957355", "price": 0.414, "amount": 132.0, "side": "buy", "timestamp": 1765000745746}, {"id": "544957356", "price": 0.4139, "amount": 8.0, "side": "sell", "timestamp": 1765000746124}, {"id": "544957357", "price": 0.4139, "amount": 270.0, "side": "sell", "timestamp": 1765000746470}, {"id": "544957358", "price": 0.4139, "amount": 53.0, "side": "sell", "timestamp": 1765000746902}, {"id": "544957359", "price": 0.4139, "amount": 6.0, "side": "sell", "timestamp": 1765000748429}, {"id": "544957360", "price": 0.414, "amount": 11212.0, "side": "buy", "timestamp": 1765000748725}, {"id": "544957361", "price": 0.4139, "amount": 5.0, "side": "sell", "timestamp": 1765000749178}, {"id": "544957362", "price": 0.4139, "amount": 8.0, "side": "sell", "timestamp": 1765000749404}, {"id": "544957363", "price": 0.4139, "amount": 21.0, "side": "sell", "timestamp": 1765000749851}, {"id": "544957364", "price": 0.4139, "amount": 118.0, "side": "sell", "timestamp": 1765000749984}, {"id": "544957365", "price": 0.4139, "amount": 27.0, "side": "sell", "timestamp": 1765000752545}, {"id": "544957366", "price": 0.4139, "amount": 19.0, "side": "sell", "timestamp": 1765000752806}, {"id": "544957367", "price": 0.414, "amount": 26.0, "side": "buy", "timestamp": 1765000752843}, {"id": "544957368", "price": 0.4139, "amount": 2.0, "side": "sell", "timestamp": 1765000752866}, {"id": "544957369", "price": 0.4139, "amount": 51608.0, "side": "sell", "timestamp": 1765000753078}, {"id": "544957370", "price": 0.4138, "amount": 35.0, "side": "sell", "timestamp": 1765000753156}, {"id": "544957371", "price": 0.4138, "amount": 22.0, "side": "sell", "timestamp": 1765000753277}, {"id": "544957372", "price": 0.4139, "amount": 5576.0, "side": "buy", "timestamp": 1765000753791}, {"id": "544957373", "price": 0.4139, "amount": 240.0, "side": "sell", "timestamp": 1765000754176}, {"id": "544957374", "price": 0.4139, "amount": 9.0, "side": "sell", "timestamp": 1765000754585}, {"id": "544957375", "price": 0.4139, "amount": 24.0, "side": "sell", "timestamp": 1765000755081}, {"id": "544957376", "price": 0.4139, "amount": 1.0, "side": "sell", "timestamp": 1765000755428}, {"id": "544957377", "price": 0.4139, "amount": 72.0, "side": "sell", "timestamp": 1765000757075}, {"id": "544957378", "price": 0.4139, "amount": 2.0, "side": "sell", "timestamp": 1765000759052}, {"id": "544957379", "price": 0.4139, "amount": 240.0, "side": "sell", "timestamp": 1765000760870}, {"id": "544957380", "price": 0.4139, "amount": 1.0, "side": "sell", "timestamp": 1765000763034}, {"id": "544957381", "price": 0.4139, "amount": 29.0, "side": "sell", "timestamp": 1765000763671}, {"id": "544957382", "price": 0.4139, "amount": 16.0, "side": "sell", "timestamp": 1765000764619}, {"id": "544957383", "price": 0.4139, "amount": 14459.0, "side": "sell", "timestamp": 1765000765012}, {"id": "544957384", "price": 0.4138, "amount": 5.0, "side": "sell", "timestamp": 1765000765269}, {"id": "544957408", "price": 0.4138, "amount": 6.0, "side": "sell", "timestamp": 1765000799014}, {"id": "544957409", "price": 0.4139, "amount": 15127.0, "side": "buy", "timestamp": 1765000799018}, {"id": "544957410", "price": 0.414, "amount": 129182.0, "side": "buy", "timestamp": 1765000799018}, {"id": "544957411", "price": 0.414, "amount": 29.0, "side": "sell", "timestamp": 1765000799657}, {"id": "544957412", "price": 0.4141, "amount": 483.0, "side": "buy", "timestamp": 1765000799737}, {"id": "544957413", "price": 0.4141, "amount": 83.0, "side": "buy", "timestamp": 1765000800191}, {"id": "544957414", "price": 0.414, "amount": 7.0, "side": "sell", "timestamp": 1765000801081}, {"id": "544957415", "price": 0.414, "amount": 51.0, "side": "sell", "timestamp": 1765000803165}, {"id": "544957416", "price": 0.414, "amount": 17476.0, "side": "sell", "timestamp": 1765000803464}, {"id": "544957417", "price": 0.4139, "amount": 1258.0, "side": "sell", "timestamp": 1765000803702}, {"id": "544957418", "price": 0.4138, "amount": 1.0, "side": "sell", "timestamp": 1765000804447}, {"id": "544957419", "price": 0.4138, "amount": 12507.0, "side": "sell", "timestamp": 1765000804820}, {"id": "544957420", "price": 0.4138, "amount": 36340.0, "side": "sell", "timestamp": 1765000805294}, {"id": "544957421", "price": 0.4137, "amount": 5928.0, "side": "sell", "timestamp": 1765000805314}, {"id": "544957422", "price": 0.4138, "amount": 54.0, "side": "buy", "timestamp": 1765000805506}, {"id": "544957423", "price": 0.4138, "amount": 55.0, "side": "buy", "timestamp": 1765000805813}, {"id": "544957424", "price": 0.4137, "amount": 8.0, "side": "sell", "timestamp": 1765000805866}, {"id": "544957425", "price": 0.4137, "amount": 7292.0, "side": "sell", "timestamp": 1765000806515}, {"id": "544957426", "price": 0.4137, "amount": 13.0, "side": "buy", "timestamp": 1765000806562}, {"id": "544957427", "price": 0.4136, "amount": 19849.0, "side": "sell", "timestamp": 1765000807048}, {"id": "544957428", "price": 0.4136, "amount": 11494.0, "side": "sell", "timestamp": 1765000807194}, {"id": "544957429", "price": 0.4135, "amount": 887.0, "side": "sell", "timestamp": 1765000808330}, {"id": "544957430", "price": 0.4136, "amount": 81.0, "side": "buy", "timestamp": 1765000808805}, {"id": "544957431", "price": 0.4136, "amount": 86.0, "side": "buy", "timestamp": 1765000809066}, {"id": "544957432", "price": 0.4136, "amount": 61.0, "side": "buy", "timestamp": 1765000809269}, {"id": "544957433", "price": 0.4136, "amount": 124.0, "side": "buy", "timestamp": 1765000809616}, {"id": "544957434", "price": 0.4135, "amount": 102.0, "side": "sell", "timestamp": 1765000809891}, {"id": "544957435", "price": 0.4135, "amount": 65.0, "side": "sell", "timestamp": 1765000810033}, {"id": "544957436", "price": 0.4136, "amount": 2002.0, "side": "buy", "timestamp": 1765000810038}, {"id": "544957437", "price": 0.4136, "amount": 113.0, "side": "buy", "timestamp": 1765000810199}, {"id": "544957438", "price": 0.4135, "amount": 96.0, "side": "sell", "timestamp": 1765000810253}, {"id": "544957439", "price": 0.4135, "amount": 80.0, "side": "sell", "timestamp": 1765000812137}, {"id": "544957440", "price": 0.4135, "amount": 151.0, "side": "sell", "timestamp": 1765000813222}, {"id": "544957441", "price": 0.4135, "amount": 86.0, "side": "sell", "timestamp": 1765000813889}, {"id": "544957442", "price": 0.4135, "amount": 60.0, "side": "sell", "timestamp": 1765000814410}, {"id": "544957443", "price": 0.4135, "amount": 667.0, "side": "sell", "timestamp": 1765000814657}, {"id": "544957444", "price": 0.4135, "amount": 26.0, "side": "sell", "timestamp": 1765000814885}, {"id": "544957445", "price": 0.4135, "amount": 1019.0, "side": "sell", "timestamp": 1765000815027}, {"id": "544957446", "price": 0.4135, "amount": 609.0, "side": "sell", "timestamp": 1765000815426}, {"id": "544957447", "price": 0.4135, "amount": 582.0, "side": "sell", "timestamp": 1765000816447}, {"id": "544957448", "price": 0.4135, "amount": 412.0, "side": "sell", "timestamp": 1765000816558}, {"id": "544957449", "price": 0.4136, "amount": 20.0, "side": "buy", "timestamp": 1765000816564}, {"id": "544957450", "price": 0.4135, "amount": 8.0, "side": "sell", "timestamp": 1765000816767}, {"id": "544957451", "price": 0.4135, "amount": 69.0, "side": "sell", "timestamp": 1765000817646}, {"id": "544957452", "price": 0.4136, "amount": 132.0, "side": "buy", "timestamp": 1765000818027}, {"id": "544957453", "price": 0.4136, "amount": 46.0, "side": "buy", "timestamp": 1765000818611}, {"id": "544957454", "price": 0.4135, "amount": 463.0, "side": "sell", "timestamp": 1765000818992}, {"id": "544957455", "price": 0.4135, "amount": 1110.0, "side": "sell", "timestamp": 1765000819129}, {"id": "544957456", "price": 0.4135, "amount": 60.0, "side": "sell", "timestamp": 1765000819875}, {"id": "544957457", "price": 0.4135, "amount": 181.0, "side": "sell", "timestamp": 1765000820625}]