[{"symbol": "XRPUSDT", "bids": [[1.8882, 3137.0], [1.8881, 9535.4], [1.888, 9904.9], [1.8879, 12631.7], [1.8878, 35428.8], [1.8877, 17265.7], [1.8876, 38368.8], [1.8875, 68292.6], [1.8874, 47928.3], [1.8873, 19334.9], [1.8872, 21494.0], [1.8871, 35745.5], [1.887, 56046.0], [1.8869, 47726.2], [1.8868, 26330.6], [1.8867, 23816.7], [1.8866, 31342.9], [1.8865, 10326.1], [1.8864, 17475.8], [1.8863, 38610.3]], "asks": [[1.8883, 34060.0], [1.8884, 10862.8], [1.8885, 12887.3], [1.8886, 20000.0], [1.8887, 43612.2], [1.8888, 20117.1], [1.8889, 23152.4], [1.889, 56655.1], [1.8891, 45323.9], [1.8892, 31964.1], [1.8893, 34078.5], [1.8894, 28727.5], [1.8895, 35148.0], [1.8896, 24647.9], [1.8897, 33674.5], [1.8898, 54212.0], [1.8899, 58402.5], [1.89, 30004.6], [1.8901, 15407.7], [1.8902, 31679.2]], "timestamp": "2025-12-19T17:38:19.028327+00:00"}, {"symbol": "XRPUSDT", "bids": [[1.8864, 8901.3], [1.8863, 8078.0], [1.8862, 17869.6], [1.8861, 19667.5], [1.886, 31157.9], [1.8859, 63459.0], [1.8858, 53795.7], [1.8857, 50323.7], [1.8856, 35541.6], [1.8855, 27917.8], [1.8854, 51080.7], [1.8853, 30101.7], [1.8852, 25347.8], [1.8851, 46590.2], [1.885, 62624.4], [1.8849, 17744.1], [1.8848, 13775.8], [1.8847, 16599.2], [1.8846, 35478.3], [1.8845, 34994.7]], "asks": [[1.8865, 32895.2], [1.8866, 15398.8], [1.8867, 26460.9], [1.8868, 8634.0], [1.8869, 16223.2], [1.887, 14116.6], [1.8871, 21545.7], [1.8872, 38830.3], [1.8873, 44629.1], [1.8874, 73343.2], [1.8875, 17813.3], [1.8876, 26474.9], [1.8877, 22765.6], [1.8878, 21405.9], [1.8879, 55624.3], [1.888, 39069.6], [1.8881, 35789.5], [1.8882, 21978.1], [1.8883, 48206.8], [1.8884, 26883.2]], "timestamp": "2025-12-19T17:39:12.542496+00:00"}, {"symbol": "XRPUSDT", "bids": [[1.8854, 2533.1], [1.8853, 3205.4], [1.8852, 27671.6], [1.8851, 12665.0], [1.885, 16268.1], [1.8849, 16132.9], [1.8848, 11483.9], [1.8847, 26978.6], [1.8846, 46138.7], [1.8845, 51881.3], [1.8844, 32531.6], [1.8843, 32794.0], [1.8842, 38979.7], [1.8841, 22688.0], [1.884, 28348.2], [1.8839, 51665.8], [1.8838, 41307.5], [1.8837, 23102.0], [1.8836, 12287.8], [1.8835, 18239.4]], "asks": [[1.8855, 18924.3], [1.8856, 15942.4], [1.8857, 24386.5], [1.8858, 22675.6], [1.8859, 32654.6], [1.886, 31576.5], [1.8861, 45928.2], [1.8862, 51274.1], [1.8863, 51027.9], [1.8864, 25847.6], [1.8865, 17268.2], [1.8866, 21991.8], [1.8867, 48896.7], [1.8868, 58121.7], [1.8869, 52805.9], [1.887, 77198.6], [1.8871, 35131.1], [1.8872, 32261.9], [1.8873, 16679.3], [1.8874, 38175.6]], "timestamp": "2025-12-19T17:40:05.322476+00:00"}, {"symbol": "XRPUSDT", "bids": [[1.8848, 13889.4], [1.8847, 7916.1], [1.8846, 10375.3], [1.8845, 24576.2], [1.8844, 26040.4], [1.8843, 37222.7], [1.8842, 59850.3], [1.8841, 46145.2], [1.884, 28421.1], [1.8839, 33201.5], [1.8838, 46892.3], [1.8837, 45761.5], [1.8836, 42144.9], [1.8835, 45898.8], [1.8834, 40092.7], [1.8833, 18650.5], [1.8832, 13320.1], [1.8831, 17347.1], [1.883, 55069.5], [1.8829, 28487.8]], "asks": [[1.8849, 28695.5], [1.885, 13665.7], [1.8851, 9234.7], [1.8852, 6864.5], [1.8853, 15255.4], [1.8854, 19731.6], [1.8855, 30713.2], [1.8856, 41288.4], [1.8857, 37867.4], [1.8858, 24155.7], [1.8859, 57000.3], [1.886, 15883.2], [1.8861, 20027.6], [1.8862, 31975.4], [1.8863, 48745.6], [1.8864, 26985.9], [1.8865, 45932.0], [1.8866, 39579.0], [1.8867, 67885.4], [1.8868, 81671.1]], "timestamp": "2025-12-19T17:40:58.304000+00:00"}, {"symbol": "XRPUSDT", "bids": [[1.8812, 6854.8], [1.8811, 2602.4], [1.881, 2898.1], [1.8809, 9559.9], [1.8808, 11087.4], [1.8807, 17401.4], [1.8806, 49936.3], [1.8805, 31273.8], [1.8804, 35014.5], [1.8803, 44520.7], [1.8802, 45423.4], [1.8801, 45857.1], [1.88, 60712.9], [1.8799, 23748.7], [1.8798, 32989.5], [1.8797, 37351.7], [1.8796, 30101.7], [1.8795, 36686.6], [1.8794, 19055.2], [1.8793, 41738.9]], "asks": [[1.8813, 22877.7], [1.8814, 10285.5], [1.8815, 19768.5], [1.8816, 26014.2], [1.8817, 34952.7], [1.8818, 35278.9], [1.8819, 45234.7], [1.882, 79948.0], [1.8821, 33799.3], [1.8822, 49174.4], [1.8823, 35331.8], [1.8824, 43675.3], [1.8825, 43620.4], [1.8826, 21995.7], [1.8827, 21313.2], [1.8828, 38333.9], [1.8829, 33197.5], [1.883, 99836.2], [1.8831, 27241.6], [1.8832, 81349.7]], "timestamp": "2025-12-19T17:41:50.911998+00:00"}, {"symbol": "XRPUSDT", "bids": [[1.8838, 27282.9], [1.8837, 13746.6], [1.8836, 19978.4], [1.8835, 13480.7], [1.8834, 32115.6], [1.8833, 30117.9], [1.8832, 10711.5], [1.8831, 23013.2], [1.883, 56390.7], [1.8829, 30127.3], [1.8828, 31461.4], [1.8827, 46641.9], [1.8826, 41061.6], [1.8825, 31974.9], [1.8824, 22464.0], [1.8823, 42721.9], [1.8822, 39592.3], [1.8821, 10605.2], [1.882, 23022.4], [1.8819, 29523.2]], "asks": [[1.8839, 8149.4], [1.884, 7610.2], [1.8841, 12088.7], [1.8842, 28326.1], [1.8843, 22821.9], [1.8844, 34446.9], [1.8845, 47486.4], [1.8846, 40118.4], [1.8847, 47555.6], [1.8848, 33515.2], [1.8849, 21907.6], [1.885, 42466.3], [1.8851, 46145.4], [1.8852, 14698.6], [1.8853, 31936.9], [1.8854, 25454.9], [1.8855, 46347.4], [1.8856, 29579.0], [1.8857, 50396.6], [1.8858, 47005.7]], "timestamp": "2025-12-19T17:42:43.838677+00:00"}, {"symbol": "XRPUSDT", "bids": [[1.8833, 12281.5], [1.8832, 3648.9], [1.8831, 17014.8], [1.883, 28417.1], [1.8829, 34209.1], [1.8828, 26987.7], [1.8827, 36122.0], [1.8826, 74280.4], [1.8825, 36033.8], [1.8824, 27389.4], [1.8823, 35371.2], [1.8822, 55744.1], [1.8821, 23714.1], [1.882, 33187.9], [1.8819, 41637.5], [1.8818, 54051.6], [1.8817, 27800.8], [1.8816, 40931.8], [1.8815, 20577.4], [1.8814, 43684.6]], "asks": [[1.8834, 22500.0], [1.8835, 20981.1], [1.8836, 23149.2], [1.8837, 51863.9], [1.8838, 35242.3], [1.8839, 63208.9], [1.884, 106002.3], [1.8841, 42232.6], [1.8842, 20078.9], [1.8843, 43987.6], [1.8844, 38816.6], [1.8845, 39908.9], [1.8846, 21431.9], [1.8847, 31385.1], [1.8848, 22691.8], [1.8849, 27963.3], [1.885, 81486.9], [1.8851, 45893.7], [1.8852, 13526.5], [1.8853, 42245.7]], "timestamp": "2025-12-19T17:43:36.576510+00:00"}, {"symbol": "XRPUSDT", "bids": [[1.8836, 4317.1], [1.8835, 7249.1], [1.8834, 17890.7], [1.8833, 14222.8], [1.8832, 16045.5], [1.8831, 29625.0], [1.883, 31495.1], [1.8829, 29472.8], [1.8828, 33361.4], [1.8827, 35774.9], [1.8826, 47703.0], [1.8825, 44886.7], [1.8824, 28016.5], [1.8823, 43520.1], [1.8822, 51012.5], [1.8821, 26156.1], [1.882, 33424.6], [1.8819, 42485.3], [1.8818, 42403.1], [1.8817, 35334.7]], "asks": [[1.8837, 23616.3], [1.8838, 17611.1], [1.8839, 42777.8], [1.884, 134381.6], [1.8841, 12754.1], [1.8842, 14783.7], [1.8843, 40041.4], [1.8844, 56121.1], [1.8845, 43850.8], [1.8846, 29437.9], [1.8847, 32745.0], [1.8848, 20516.8], [1.8849, 30160.3], [1.885, 78772.5], [1.8851, 46668.7], [1.8852, 20266.8], [1.8853, 21084.5], [1.8854, 18853.6], [1.8855, 62347.9], [1.8856, 110244.1]], "timestamp": "2025-12-19T17:44:29.519379+00:00"}, {"symbol": "XRPUSDT", "bids": [[1.8783, 1683.5], [1.8782, 2362.1], [1.8781, 8464.1], [1.878, 9360.4], [1.8779, 8903.4], [1.8778, 15214.1], [1.8777, 46321.5], [1.8776, 27792.8], [1.8775, 29993.7], [1.8774, 46160.8], [1.8773, 41345.7], [1.8772, 21089.4], [1.8771, 37645.8], [1.877, 61666.2], [1.8769, 51618.0], [1.8768, 30076.0], [1.8767, 29544.7], [1.8766, 32519.0], [1.8765, 16199.0], [1.8764, 27739.7]], "asks": [[1.8784, 31940.1], [1.8785, 18735.1], [1.8786, 36320.1], [1.8787, 37855.2], [1.8788, 57766.4], [1.8789, 100657.5], [1.879, 47498.1], [1.8791, 77955.7], [1.8792, 36118.3], [1.8793, 20466.4], [1.8794, 26795.8], [1.8795, 43231.1], [1.8796, 36049.8], [1.8797, 21538.9], [1.8798, 17987.4], [1.8799, 28268.9], [1.88, 61720.1], [1.8801, 42115.3], [1.8802, 23031.8], [1.8803, 31833.1]], "timestamp": "2025-12-19T17:45:22.151441+00:00"}, {"symbol": "XRPUSDT", "bids": [[1.8784, 20044.8], [1.8783, 9305.6], [1.8782, 19902.9], [1.8781, 29022.0], [1.878, 42164.4], [1.8779, 23781.1], [1.8778, 39577.3], [1.8777, 27075.4], [1.8776, 32998.5], [1.8775, 48270.7], [1.8774, 50344.5], [1.8773, 28424.6], [1.8772, 30235.3], [1.8771, 32294.4], [1.877, 46463.3], [1.8769, 44696.4], [1.8768, 34568.7], [1.8767, 18631.1], [1.8766, 54682.8], [1.8765, 15080.5]], "asks": [[1.8785, 14994.9], [1.8786, 4445.6], [1.8787, 10162.6], [1.8788, 37966.2], [1.8789, 27671.9], [1.879, 20077.5], [1.8791, 37974.7], [1.8792, 63242.0], [1.8793, 18671.3], [1.8794, 30644.6], [1.8795, 57731.9], [1.8796, 38885.1], [1.8797, 23078.5], [1.8798, 27302.6], [1.8799, 48163.3], [1.88, 67990.5], [1.8801, 49056.5], [1.8802, 32472.4], [1.8803, 38700.5], [1.8804, 56339.9]], "timestamp": "2025-12-19T17:46:15.605394+00:00"}, {"symbol": "XRPUSDT", "bids": [[1.8774, 6841.6], [1.8773, 7638.3], [1.8772, 9156.2], [1.8771, 17079.9], [1.877, 24069.4], [1.8769, 8966.1], [1.8768, 30431.4], [1.8767, 56175.7], [1.8766, 16750.4], [1.8765, 23457.6], [1.8764, 33967.1], [1.8763, 47005.5], [1.8762, 16026.3], [1.8761, 14288.5], [1.876, 27518.2], [1.8759, 24737.4], [1.8758, 54936.5], [1.8757, 24075.5], [1.8756, 21794.4], [1.8755, 30247.5]], "asks": [[1.8775, 28296.8], [1.8776, 17714.3], [1.8777, 22532.8], [1.8778, 38203.7], [1.8779, 22196.2], [1.878, 41774.9], [1.8781, 44236.9], [1.8782, 59713.6], [1.8783, 64290.6], [1.8784, 30503.0], [1.8785, 42382.5], [1.8786, 30540.2], [1.8787, 24754.7], [1.8788, 53781.7], [1.8789, 47051.1], [1.879, 37182.5], [1.8791, 20777.1], [1.8792, 63018.1], [1.8793, 17169.5], [1.8794, 31910.0]], "timestamp": "2025-12-19T17:47:08.753274+00:00"}, {"symbol": "XRPUSDT", "bids": [[1.8814, 60122.0], [1.8813, 3106.3], [1.8812, 9012.9], [1.8811, 31105.3], [1.881, 42317.1], [1.8809, 26039.3], [1.8808, 60632.3], [1.8807, 67222.6], [1.8806, 50244.2], [1.8805, 44739.9], [1.8804, 29632.9], [1.8803, 30251.3], [1.8802, 40124.2], [1.8801, 39949.7], [1.88, 38766.2], [1.8799, 36295.5], [1.8798, 47452.2], [1.8797, 12321.9], [1.8796, 13410.0], [1.8795, 32982.7]], "asks": [[1.8815, 44794.5], [1.8816, 15730.6], [1.8817, 7431.7], [1.8818, 8152.8], [1.8819, 7227.4], [1.882, 23840.5], [1.8821, 27148.8], [1.8822, 33941.9], [1.8823, 28179.5], [1.8824, 19347.2], [1.8825, 37022.9], [1.8826, 58468.0], [1.8827, 24604.3], [1.8828, 15905.5], [1.8829, 27127.5], [1.883, 34267.3], [1.8831, 47847.0], [1.8832, 32147.4], [1.8833, 39684.0], [1.8834, 43448.8]], "timestamp": "2025-12-19T17:48:02.002542+00:00"}, {"symbol": "XRPUSDT", "bids": [[1.8846, 11151.9], [1.8845, 15335.4], [1.8844, 23068.8], [1.8843, 27776.8], [1.8842, 65242.6], [1.8841, 42955.0], [1.884, 54375.4], [1.8839, 73824.9], [1.8838, 41863.8], [1.8837, 36473.2], [1.8836, 46678.5], [1.8835, 34515.4], [1.8834, 38095.6], [1.8833, 20481.8], [1.8832, 35155.7], [1.8831, 25761.7], [1.883, 35311.4], [1.8829, 28590.7], [1.8828, 27131.1], [1.8827, 39689.1]], "asks": [[1.8847, 5815.8], [1.8848, 30770.6], [1.8849, 26175.7], [1.885, 13244.7], [1.8851, 9162.4], [1.8852, 33988.0], [1.8853, 40085.5], [1.8854, 40699.6], [1.8855, 43739.6], [1.8856, 31108.2], [1.8857, 56828.3], [1.8858, 25502.8], [1.8859, 43865.3], [1.886, 18562.0], [1.8861, 23444.0], [1.8862, 29473.5], [1.8863, 36817.9], [1.8864, 21474.2], [1.8865, 41420.6], [1.8866, 37365.8]], "timestamp": "2025-12-19T17:48:55.352048+00:00"}, {"symbol": "XRPUSDT", "bids": [[1.8856, 2182.8], [1.8855, 5009.1], [1.8854, 14469.6], [1.8853, 8856.2], [1.8852, 18824.1], [1.8851, 31215.8], [1.885, 43712.1], [1.8849, 52246.1], [1.8848, 47645.0], [1.8847, 34788.9], [1.8846, 42564.9], [1.8845, 30835.8], [1.8844, 43641.3], [1.8843, 32359.4], [1.8842, 52704.6], [1.8841, 16499.0], [1.884, 21534.4], [1.8839, 21842.0], [1.8838, 41959.9], [1.8837, 18232.8]], "asks": [[1.8857, 87250.2], [1.8858, 17203.8], [1.8859, 23898.3], [1.886, 34540.7], [1.8861, 11343.9], [1.8862, 30368.9], [1.8863, 50412.0], [1.8864, 72111.2], [1.8865, 94900.5], [1.8866, 41429.3], [1.8867, 20294.9], [1.8868, 19486.4], [1.8869, 40815.7], [1.887, 33674.9], [1.8871, 20529.9], [1.8872, 37106.3], [1.8873, 18085.6], [1.8874, 34482.3], [1.8875, 39990.7], [1.8876, 63108.6]], "timestamp": "2025-12-19T17:49:48.295251+00:00"}, {"symbol": "XRPUSDT", "bids": [[1.8855, 6208.7], [1.8854, 7045.0], [1.8853, 28104.3], [1.8852, 16506.9], [1.8851, 19522.1], [1.885, 42282.2], [1.8849, 45011.9], [1.8848, 43586.7], [1.8847, 27992.0], [1.8846, 43695.3], [1.8845, 41257.0], [1.8844, 27487.9], [1.8843, 35190.8], [1.8842, 60889.4], [1.8841, 22221.8], [1.884, 27383.7], [1.8839, 45263.7], [1.8838, 35113.9], [1.8837, 18302.8], [1.8836, 38607.8]], "asks": [[1.8856, 24034.5], [1.8857, 48742.0], [1.8858, 2069.3], [1.8859, 15535.9], [1.886, 23109.4], [1.8861, 32359.8], [1.8862, 26765.8], [1.8863, 30211.6], [1.8864, 44991.2], [1.8865, 34204.1], [1.8866, 51879.1], [1.8867, 32388.2], [1.8868, 21474.0], [1.8869, 36461.6], [1.887, 40376.7], [1.8871, 45853.7], [1.8872, 44373.3], [1.8873, 35506.4], [1.8874, 19289.8], [1.8875, 36064.0]], "timestamp": "2025-12-19T17:50:41.336684+00:00"}, {"symbol": "XRPUSDT", "bids": [[1.8887, 6528.4], [1.8886, 10468.2], [1.8885, 16922.0], [1.8884, 10417.6], [1.8883, 8769.4], [1.8882, 27512.8], [1.8881, 39843.0], [1.888, 46912.1], [1.8879, 43916.7], [1.8878, 24759.8], [1.8877, 43358.8], [1.8876, 27492.4], [1.8875, 16986.6], [1.8874, 34123.7], [1.8873, 32152.1], [1.8872, 18066.4], [1.8871, 39994.0], [1.887, 24707.4], [1.8869, 32730.9], [1.8868, 54124.6]], "asks": [[1.8888, 16154.3], [1.8889, 21565.4], [1.889, 35149.6], [1.8891, 75061.6], [1.8892, 39286.1], [1.8893, 29138.5], [1.8894, 13097.4], [1.8895, 42957.7], [1.8896, 69982.2], [1.8897, 51500.9], [1.8898, 70252.6], [1.8899, 51342.8], [1.89, 46486.0], [1.8901, 17591.2], [1.8902, 19138.7], [1.8903, 25105.8], [1.8904, 65871.7], [1.8905, 25957.7], [1.8906, 25829.1], [1.8907, 41247.2]], "timestamp": "2025-12-19T17:51:34.688857+00:00"}, {"symbol": "XRPUSDT", "bids": [[1.8877, 43146.4], [1.8876, 18438.8], [1.8875, 25605.4], [1.8874, 15167.0], [1.8873, 33102.2], [1.8872, 37517.2], [1.8871, 42179.0], [1.887, 61581.3], [1.8869, 36934.6], [1.8868, 26335.5], [1.8867, 56416.5], [1.8866, 41540.8], [1.8865, 33560.9], [1.8864, 39634.6], [1.8863, 34822.6], [1.8862, 35137.9], [1.8861, 20578.5], [1.886, 23586.4], [1.8859, 41946.9], [1.8858, 68299.6]], "asks": [[1.8878, 4928.6], [1.8879, 7633.9], [1.888, 7363.3], [1.8881, 15483.0], [1.8882, 27203.3], [1.8883, 13467.5], [1.8884, 37520.1], [1.8885, 26673.4], [1.8886, 47285.5], [1.8887, 37733.6], [1.8888, 30182.6], [1.8889, 25713.8], [1.889, 28417.0], [1.8891, 39925.8], [1.8892, 42223.2], [1.8893, 22090.8], [1.8894, 21110.3], [1.8895, 46479.4], [1.8896, 23796.5], [1.8897, 25334.0]], "timestamp": "2025-12-19T17:52:27.939468+00:00"}, {"symbol": "XRPUSDT", "bids": [[1.8816, 6108.2], [1.8815, 8572.3], [1.8814, 10406.5], [1.8813, 10577.8], [1.8812, 17968.2], [1.8811, 23813.0], [1.881, 25448.4], [1.8809, 27348.8], [1.8808, 36152.1], [1.8807, 40548.9], [1.8806, 33162.0], [1.8805, 46780.8], [1.8804, 38513.7], [1.8803, 40607.6], [1.8802, 36375.7], [1.8801, 20427.7], [1.88, 32529.1], [1.8799, 32258.0], [1.8798, 32437.4], [1.8797, 36987.5]], "asks": [[1.8817, 17381.2], [1.8818, 14121.7], [1.8819, 26958.2], [1.882, 21285.7], [1.8821, 30687.3], [1.8822, 37713.8], [1.8823, 61700.7], [1.8824, 37361.7], [1.8825, 51637.3], [1.8826, 51027.6], [1.8827, 41236.1], [1.8828, 25437.5], [1.8829, 23997.5], [1.883, 29649.0], [1.8831, 41532.0], [1.8832, 49028.9], [1.8833, 36144.9], [1.8834, 37175.0], [1.8835, 31417.2], [1.8836, 53917.8]], "timestamp": "2025-12-19T17:53:21.392632+00:00"}, {"symbol": "XRPUSDT", "bids": [[1.882, 40894.5], [1.8819, 38747.3], [1.8818, 34645.8], [1.8817, 16722.7], [1.8816, 13034.7], [1.8815, 11670.5], [1.8814, 9662.4], [1.8813, 43437.7], [1.8812, 21472.4], [1.8811, 27249.5], [1.881, 39328.2], [1.8809, 41682.7], [1.8808, 24910.0], [1.8807, 32340.4], [1.8806, 25681.2], [1.8805, 54953.5], [1.8804, 44293.7], [1.8803, 23506.6], [1.8802, 34343.0], [1.8801, 45498.1]], "asks": [[1.8821, 6331.5], [1.8822, 237.3], [1.8823, 1195.9], [1.8824, 1277.2], [1.8825, 14415.6], [1.8826, 13217.1], [1.8827, 46363.4], [1.8828, 45344.0], [1.8829, 49908.3], [1.883, 43003.5], [1.8831, 49468.7], [1.8832, 60648.2], [1.8833, 34795.1], [1.8834, 28490.9], [1.8835, 32332.6], [1.8836, 53052.2], [1.8837, 19237.4], [1.8838, 40559.8], [1.8839, 21634.1], [1.884, 44689.5]], "timestamp": "2025-12-19T17:54:15.153386+00:00"}, {"symbol": "XRPUSDT", "bids": [[1.8821, 1040.5], [1.882, 5938.4], [1.8819, 11824.7], [1.8818, 10365.0], [1.8817, 13498.8], [1.8816, 18857.3], [1.8815, 27941.4], [1.8814, 31894.0], [1.8813, 45218.8], [1.8812, 26931.5], [1.8811, 34994.6], [1.881, 36669.9], [1.8809, 29318.7], [1.8808, 26156.5], [1.8807, 19913.3], [1.8806, 25708.9], [1.8805, 39415.0], [1.8804, 45539.2], [1.8803, 24775.7], [1.8802, 18836.1]], "asks": [[1.8822, 38530.5], [1.8823, 29129.5], [1.8824, 13213.9], [1.8825, 14866.2], [1.8826, 29500.9], [1.8827, 28613.5], [1.8828, 58287.2], [1.8829, 74415.1], [1.883, 41219.5], [1.8831, 43145.0], [1.8832, 46043.0], [1.8833, 26891.3], [1.8834, 32145.8], [1.8835, 36492.5], [1.8836, 52081.0], [1.8837, 41262.0], [1.8838, 42105.7], [1.8839, 21201.9], [1.884, 40042.6], [1.8841, 20442.6]], "timestamp": "2025-12-19T17:55:08.607037+00:00"}, {"symbol": "XRPUSDT", "bids": [[1.8817, 14576.0], [1.8816, 8214.7], [1.8815, 6805.6], [1.8814, 16161.8], [1.8813, 34151.6], [1.8812, 18957.5], [1.8811, 17473.7], [1.881, 34586.0], [1.8809, 32708.5], [1.8808, 24947.3], [1.8807, 25105.7], [1.8806, 23887.9], [1.8805, 42825.1], [1.8804, 35121.0], [1.8803, 15463.4], [1.8802, 34908.3], [1.8801, 40577.2], [1.88, 32228.7], [1.8799, 28980.4], [1.8798, 33413.1]], "asks": [[1.8818, 8413.9], [1.8819, 12582.2], [1.882, 19378.6], [1.8821, 18815.4], [1.8822, 23201.3], [1.8823, 38579.1], [1.8824, 61624.4], [1.8825, 44396.6], [1.8826, 48011.1], [1.8827, 38570.4], [1.8828, 41426.9], [1.8829, 26479.5], [1.883, 54155.5], [1.8831, 30169.7], [1.8832, 50714.0], [1.8833, 29173.1], [1.8834, 15706.1], [1.8835, 33538.0], [1.8836, 45423.8], [1.8837, 25165.7]], "timestamp": "2025-12-19T17:56:01.548645+00:00"}, {"symbol": "XRPUSDT", "bids": [[1.8831, 20582.4], [1.883, 24896.9], [1.8829, 18048.4], [1.8828, 7507.7], [1.8827, 21545.4], [1.8826, 23594.2], [1.8825, 32260.9], [1.8824, 36703.6], [1.8823, 31887.3], [1.8822, 31943.3], [1.8821, 45073.7], [1.882, 26117.6], [1.8819, 26422.4], [1.8818, 24344.8], [1.8817, 34768.2], [1.8816, 39148.2], [1.8815, 28875.2], [1.8814, 19957.6], [1.8813, 34073.7], [1.8812, 20116.5]], "asks": [[1.8832, 10340.3], [1.8833, 9903.7], [1.8834, 12307.1], [1.8835, 22959.5], [1.8836, 26031.7], [1.8837, 20913.1], [1.8838, 27814.9], [1.8839, 62626.5], [1.884, 43494.1], [1.8841, 18456.2], [1.8842, 22788.4], [1.8843, 34442.3], [1.8844, 43337.9], [1.8845, 35002.0], [1.8846, 29408.0], [1.8847, 25477.6], [1.8848, 34191.4], [1.8849, 41408.0], [1.885, 31049.9], [1.8851, 37630.6]], "timestamp": "2025-12-19T17:56:54.590388+00:00"}, {"symbol": "XRPUSDT", "bids": [[1.8831, 6492.8], [1.883, 5146.9], [1.8829, 10880.6], [1.8828, 6979.3], [1.8827, 29523.7], [1.8826, 19090.5], [1.8825, 38456.3], [1.8824, 34791.4], [1.8823, 36833.4], [1.8822, 37956.5], [1.8821, 53616.3], [1.882, 21037.1], [1.8819, 20943.2], [1.8818, 25881.4], [1.8817, 34705.8], [1.8816, 52227.6], [1.8815, 24845.6], [1.8814, 20386.2], [1.8813, 36407.3], [1.8812, 22495.9]], "asks": [[1.8832, 34739.1], [1.8833, 31713.8], [1.8834, 18178.9], [1.8835, 12665.2], [1.8836, 31638.8], [1.8837, 20782.0], [1.8838, 36064.1], [1.8839, 66871.1], [1.884, 50944.6], [1.8841, 21379.0], [1.8842, 22926.8], [1.8843, 38960.6], [1.8844, 69040.3], [1.8845, 55696.3], [1.8846, 25203.1], [1.8847, 26553.4], [1.8848, 21321.7], [1.8849, 34299.4], [1.885, 35718.1], [1.8851, 33540.4]], "timestamp": "2025-12-19T17:57:47.617643+00:00"}, {"symbol": "XRPUSDT", "bids": [[1.882, 33111.1], [1.8819, 7105.1], [1.8818, 25652.5], [1.8817, 14897.0], [1.8816, 16897.6], [1.8815, 35209.0], [1.8814, 23771.4], [1.8813, 39369.1], [1.8812, 35847.5], [1.8811, 28051.7], [1.881, 42147.1], [1.8809, 36811.4], [1.8808, 25011.2], [1.8807, 21411.9], [1.8806, 29372.3], [1.8805, 33836.5], [1.8804, 46898.4], [1.8803, 15909.2], [1.8802, 18224.5], [1.8801, 49108.0]], "asks": [[1.8821, 28958.1], [1.8822, 13136.9], [1.8823, 21265.7], [1.8824, 8358.0], [1.8825, 17057.5], [1.8826, 23851.2], [1.8827, 57978.6], [1.8828, 55407.3], [1.8829, 43744.7], [1.883, 26780.3], [1.8831, 27523.3], [1.8832, 48365.8], [1.8833, 27446.5], [1.8834, 16903.8], [1.8835, 27088.5], [1.8836, 56193.7], [1.8837, 27166.3], [1.8838, 33027.1], [1.8839, 36752.5], [1.884, 56966.7]], "timestamp": "2025-12-19T17:58:40.678516+00:00"}, {"symbol": "XRPUSDT", "bids": [[1.8745, 37099.9], [1.8744, 6849.8], [1.8743, 12007.4], [1.8742, 10034.6], [1.8741, 33423.1], [1.874, 16603.8], [1.8739, 34887.0], [1.8738, 13686.4], [1.8737, 24967.1], [1.8736, 11327.1], [1.8735, 13227.1], [1.8734, 20811.8], [1.8733, 34092.8], [1.8732, 14008.8], [1.8731, 14084.7], [1.873, 42019.7], [1.8729, 52968.1], [1.8728, 28354.1], [1.8727, 16115.1], [1.8726, 28226.1]], "asks": [[1.8746, 21201.8], [1.8747, 11587.9], [1.8748, 37716.0], [1.8749, 23191.9], [1.875, 22441.3], [1.8751, 7685.6], [1.8752, 37611.9], [1.8753, 23996.1], [1.8754, 33105.1], [1.8755, 23224.5], [1.8756, 45650.3], [1.8757, 21948.6], [1.8758, 20616.2], [1.8759, 9221.9], [1.876, 34739.6], [1.8761, 44566.5], [1.8762, 61111.6], [1.8763, 11539.3], [1.8764, 25019.6], [1.8765, 27317.1]], "timestamp": "2025-12-19T17:59:33.620837+00:00"}, {"symbol": "XRPUSDT", "bids": [[1.8758, 13881.3], [1.8757, 21309.7], [1.8756, 29744.5], [1.8755, 22776.1], [1.8754, 39566.0], [1.8753, 26365.0], [1.8752, 23089.8], [1.8751, 21238.0], [1.875, 49671.4], [1.8749, 23187.0], [1.8748, 12907.6], [1.8747, 20303.0], [1.8746, 34081.0], [1.8745, 37053.7], [1.8744, 34389.6], [1.8743, 18044.4], [1.8742, 29565.2], [1.8741, 20279.0], [1.874, 14532.9], [1.8739, 33221.1]], "asks": [[1.8759, 17209.8], [1.876, 16170.5], [1.8761, 19880.9], [1.8762, 46953.9], [1.8763, 12358.1], [1.8764, 15324.8], [1.8765, 24242.9], [1.8766, 68841.5], [1.8767, 24694.1], [1.8768, 23863.8], [1.8769, 30675.0], [1.877, 68011.6], [1.8771, 40835.9], [1.8772, 37051.2], [1.8773, 16246.2], [1.8774, 26282.5], [1.8775, 35394.2], [1.8776, 34766.3], [1.8777, 25898.1], [1.8778, 34272.2]], "timestamp": "2025-12-19T18:00:27.585544+00:00"}, {"symbol": "XRPUSDT", "bids": [[1.8753, 29714.5], [1.8752, 28715.8], [1.8751, 31616.5], [1.875, 18425.4], [1.8749, 24184.7], [1.8748, 26450.7], [1.8747, 37116.0], [1.8746, 25928.1], [1.8745, 27912.2], [1.8744, 41615.8], [1.8743, 32450.0], [1.8742, 13387.7], [1.8741, 16337.2], [1.874, 32300.9], [1.8739, 39885.8], [1.8738, 34942.5], [1.8737, 33232.8], [1.8736, 21770.6], [1.8735, 32893.8], [1.8734, 29000.5]], "asks": [[1.8754, 6778.8], [1.8755, 6190.9], [1.8756, 425.9], [1.8757, 20314.6], [1.8758, 27983.4], [1.8759, 29261.3], [1.876, 70460.2], [1.8761, 27875.4], [1.8762, 48508.8], [1.8763, 27864.5], [1.8764, 28451.8], [1.8765, 67467.0], [1.8766, 58477.7], [1.8767, 40832.6], [1.8768, 30126.3], [1.8769, 22478.2], [1.877, 44208.4], [1.8771, 27068.8], [1.8772, 41182.3], [1.8773, 25678.9]], "timestamp": "2025-12-19T18:01:20.834073+00:00"}, {"symbol": "XRPUSDT", "bids": [[1.8788, 34358.5], [1.8787, 30213.7], [1.8786, 39421.9], [1.8785, 34701.0], [1.8784, 31839.2], [1.8783, 24130.5], [1.8782, 19555.4], [1.8781, 27081.9], [1.878, 62951.5], [1.8779, 44467.9], [1.8778, 19846.1], [1.8777, 34324.5], [1.8776, 53286.6], [1.8775, 31910.0], [1.8774, 32233.5], [1.8773, 40673.7], [1.8772, 16956.4], [1.8771, 30404.9], [1.877, 16847.4], [1.8769, 20324.0]], "asks": [[1.8789, 3750.9], [1.879, 4949.2], [1.8791, 9644.9], [1.8792, 6229.2], [1.8793, 17083.6], [1.8794, 33234.1], [1.8795, 29207.1], [1.8796, 36095.3], [1.8797, 24574.7], [1.8798, 52655.4], [1.8799, 34276.6], [1.88, 29787.3], [1.8801, 38569.8], [1.8802, 34335.4], [1.8803, 26263.4], [1.8804, 31229.7], [1.8805, 51447.4], [1.8806, 43220.4], [1.8807, 40894.8], [1.8808, 66941.7]], "timestamp": "2025-12-19T18:02:13.655897+00:00"}, {"symbol": "XRPUSDT", "bids": [[1.8782, 20715.0], [1.8781, 16116.8], [1.878, 12558.9], [1.8779, 15413.4], [1.8778, 21337.6], [1.8777, 33419.3], [1.8776, 39253.8], [1.8775, 32127.8], [1.8774, 21363.1], [1.8773, 17053.6], [1.8772, 25831.1], [1.8771, 34512.0], [1.877, 36649.5], [1.8769, 19561.9], [1.8768, 31731.7], [1.8767, 28122.2], [1.8766, 12342.4], [1.8765, 25222.0], [1.8764, 35712.3], [1.8763, 28139.2]], "asks": [[1.8783, 6028.3], [1.8784, 8329.8], [1.8785, 12956.9], [1.8786, 21203.6], [1.8787, 21613.3], [1.8788, 33268.6], [1.8789, 43191.3], [1.879, 60282.1], [1.8791, 38685.7], [1.8792, 19355.9], [1.8793, 23617.1], [1.8794, 48754.2], [1.8795, 35417.9], [1.8796, 19404.4], [1.8797, 29139.2], [1.8798, 57547.1], [1.8799, 30389.4], [1.88, 49413.8], [1.8801, 23910.1], [1.8802, 57397.4]], "timestamp": "2025-12-19T18:03:06.923076+00:00"}, {"symbol": "XRPUSDT", "bids": [[1.8744, 1885.7], [1.8743, 73.4], [1.8742, 4455.0], [1.8741, 10443.9], [1.874, 14829.0], [1.8739, 19899.4], [1.8738, 21363.6], [1.8737, 40211.7], [1.8736, 28016.7], [1.8735, 15120.7], [1.8734, 15715.4], [1.8733, 24365.7], [1.8732, 43779.8], [1.8731, 55405.2], [1.873, 20716.8], [1.8729, 17358.4], [1.8728, 25843.4], [1.8727, 31823.2], [1.8726, 37641.4], [1.8725, 33028.6]], "asks": [[1.8745, 27133.6], [1.8746, 19225.7], [1.8747, 28267.1], [1.8748, 28448.9], [1.8749, 43403.4], [1.875, 60511.0], [1.8751, 43481.3], [1.8752, 39944.4], [1.8753, 51141.0], [1.8754, 17373.3], [1.8755, 23819.3], [1.8756, 22705.6], [1.8757, 37229.9], [1.8758, 53684.7], [1.8759, 29026.2], [1.876, 28256.6], [1.8761, 30966.5], [1.8762, 31749.8], [1.8763, 41270.7], [1.8764, 42540.7]], "timestamp": "2025-12-19T18:04:00.903101+00:00"}, {"symbol": "XRPUSDT", "bids": [[1.8749, 20270.6], [1.8748, 12048.0], [1.8747, 23688.4], [1.8746, 33482.4], [1.8745, 27386.4], [1.8744, 37048.5], [1.8743, 62728.6], [1.8742, 27212.0], [1.8741, 33904.3], [1.874, 29878.9], [1.8739, 38291.3], [1.8738, 33094.6], [1.8737, 42170.2], [1.8736, 37487.6], [1.8735, 35993.7], [1.8734, 21617.4], [1.8733, 26959.0], [1.8732, 21480.6], [1.8731, 48093.2], [1.873, 33439.1]], "asks": [[1.875, 3876.0], [1.8751, 1656.0], [1.8752, 8871.2], [1.8753, 24069.4], [1.8754, 12585.7], [1.8755, 20895.4], [1.8756, 21923.1], [1.8757, 60632.7], [1.8758, 47244.7], [1.8759, 34173.8], [1.876, 19056.3], [1.8761, 33815.7], [1.8762, 18907.1], [1.8763, 31540.0], [1.8764, 47205.3], [1.8765, 59165.5], [1.8766, 25055.3], [1.8767, 19846.0], [1.8768, 25870.0], [1.8769, 65578.7]], "timestamp": "2025-12-19T18:04:54.240574+00:00"}, {"symbol": "XRPUSDT", "bids": [[1.8757, 11519.8], [1.8756, 8006.3], [1.8755, 11549.8], [1.8754, 13346.3], [1.8753, 7703.3], [1.8752, 19300.2], [1.8751, 28435.6], [1.875, 26572.5], [1.8749, 33658.0], [1.8748, 28432.1], [1.8747, 29258.7], [1.8746, 20789.1], [1.8745, 29000.9], [1.8744, 36709.2], [1.8743, 59132.2], [1.8742, 26516.5], [1.8741, 24964.6], [1.874, 19081.5], [1.8739, 30619.6], [1.8738, 20507.8]], "asks": [[1.8758, 5712.0], [1.8759, 9297.7], [1.876, 31982.8], [1.8761, 39000.1], [1.8762, 20702.4], [1.8763, 18107.3], [1.8764, 68522.1], [1.8765, 73551.4], [1.8766, 53773.3], [1.8767, 18715.6], [1.8768, 14846.7], [1.8769, 34997.3], [1.877, 36163.3], [1.8771, 31121.7], [1.8772, 24158.8], [1.8773, 44376.9], [1.8774, 49842.4], [1.8775, 32446.7], [1.8776, 49607.2], [1.8777, 40188.7]], "timestamp": "2025-12-19T18:05:47.488000+00:00"}, {"symbol": "XRPUSDT", "bids": [[1.8777, 21406.6], [1.8776, 16519.0], [1.8775, 13674.4], [1.8774, 13633.5], [1.8773, 12686.6], [1.8772, 25353.7], [1.8771, 31367.5], [1.877, 29745.2], [1.8769, 25564.7], [1.8768, 28242.0], [1.8767, 51187.4], [1.8766, 24680.2], [1.8765, 26913.8], [1.8764, 19907.8], [1.8763, 29940.9], [1.8762, 15463.9], [1.8761, 48086.2], [1.876, 37371.2], [1.8759, 35636.3], [1.8758, 21232.6]], "asks": [[1.8778, 6803.3], [1.8779, 9495.1], [1.878, 9681.2], [1.8781, 24829.7], [1.8782, 37181.2], [1.8783, 31084.6], [1.8784, 25897.9], [1.8785, 52864.0], [1.8786, 33631.1], [1.8787, 23527.6], [1.8788, 35659.6], [1.8789, 38956.7], [1.879, 42852.6], [1.8791, 29639.8], [1.8792, 11980.7], [1.8793, 32833.5], [1.8794, 48715.1], [1.8795, 60697.8], [1.8796, 28208.2], [1.8797, 27669.3]], "timestamp": "2025-12-19T18:06:40.224734+00:00"}, {"symbol": "XRPUSDT", "bids": [[1.8774, 13538.5], [1.8773, 10966.4], [1.8772, 16330.9], [1.8771, 30408.5], [1.877, 16747.5], [1.8769, 37219.7], [1.8768, 41271.5], [1.8767, 68551.3], [1.8766, 38983.4], [1.8765, 22224.2], [1.8764, 21060.9], [1.8763, 37441.2], [1.8762, 18862.2], [1.8761, 36298.3], [1.876, 38999.1], [1.8759, 35153.7], [1.8758, 12927.3], [1.8757, 16619.8], [1.8756, 19947.0], [1.8755, 43812.7]], "asks": [[1.8775, 12456.3], [1.8776, 17797.8], [1.8777, 9227.9], [1.8778, 22373.4], [1.8779, 19718.7], [1.878, 25844.7], [1.8781, 48604.3], [1.8782, 51752.9], [1.8783, 42221.0], [1.8784, 20676.5], [1.8785, 30684.1], [1.8786, 33541.4], [1.8787, 24799.3], [1.8788, 52871.9], [1.8789, 35765.7], [1.879, 43350.7], [1.8791, 43338.7], [1.8792, 14538.3], [1.8793, 28482.9], [1.8794, 54476.9]], "timestamp": "2025-12-19T18:07:33.678100+00:00"}, {"symbol": "XRPUSDT", "bids": [[1.8772, 142.9], [1.8771, 4626.0], [1.877, 7980.8], [1.8769, 20059.2], [1.8768, 28240.2], [1.8767, 47363.2], [1.8766, 33704.2], [1.8765, 86057.7], [1.8764, 19419.6], [1.8763, 30089.1], [1.8762, 19826.3], [1.8761, 42498.0], [1.876, 34294.2], [1.8759, 33568.5], [1.8758, 17554.2], [1.8757, 19796.4], [1.8756, 20069.6], [1.8755, 55628.7], [1.8754, 26801.4], [1.8753, 15279.5]], "asks": [[1.8773, 20354.8], [1.8774, 11619.8], [1.8775, 15436.8], [1.8776, 18257.1], [1.8777, 27550.5], [1.8778, 31942.5], [1.8779, 31468.0], [1.878, 50008.3], [1.8781, 35049.3], [1.8782, 55582.2], [1.8783, 25335.6], [1.8784, 15345.0], [1.8785, 47895.9], [1.8786, 37311.8], [1.8787, 24948.6], [1.8788, 58766.2], [1.8789, 25650.1], [1.879, 36378.0], [1.8791, 36073.1], [1.8792, 17459.1]], "timestamp": "2025-12-19T18:08:27.132085+00:00"}, {"symbol": "XRPUSDT", "bids": [[1.8778, 13699.8], [1.8777, 9449.6], [1.8776, 23491.4], [1.8775, 17486.1], [1.8774, 29262.0], [1.8773, 33972.4], [1.8772, 30383.4], [1.8771, 30325.5], [1.877, 26828.1], [1.8769, 20323.5], [1.8768, 20753.0], [1.8767, 56031.1], [1.8766, 19638.0], [1.8765, 16902.5], [1.8764, 22657.8], [1.8763, 33295.4], [1.8762, 34017.6], [1.8761, 35659.5], [1.876, 32269.7], [1.8759, 46253.2]], "asks": [[1.8779, 3775.8], [1.878, 8982.4], [1.8781, 12476.4], [1.8782, 19570.3], [1.8783, 17890.4], [1.8784, 22205.2], [1.8785, 34952.6], [1.8786, 48206.5], [1.8787, 60018.1], [1.8788, 44997.6], [1.8789, 25599.9], [1.879, 21335.2], [1.8791, 21335.6], [1.8792, 39884.8], [1.8793, 25855.1], [1.8794, 30820.9], [1.8795, 39831.4], [1.8796, 46750.4], [1.8797, 48358.2], [1.8798, 13661.9]], "timestamp": "2025-12-19T18:09:20.892635+00:00"}, {"symbol": "XRPUSDT", "bids": [[1.8794, 21396.3], [1.8793, 5365.9], [1.8792, 9355.8], [1.8791, 8270.5], [1.879, 24461.7], [1.8789, 27045.0], [1.8788, 33520.4], [1.8787, 56718.6], [1.8786, 59592.2], [1.8785, 47555.8], [1.8784, 43874.3], [1.8783, 31729.2], [1.8782, 25085.8], [1.8781, 12761.9], [1.878, 27020.1], [1.8779, 46037.0], [1.8778, 23028.2], [1.8777, 20394.7], [1.8776, 22581.5], [1.8775, 32961.4]], "asks": [[1.8795, 4881.2], [1.8796, 5951.0], [1.8797, 21363.3], [1.8798, 29840.6], [1.8799, 15892.8], [1.88, 37317.8], [1.8801, 37005.8], [1.8802, 58412.7], [1.8803, 23046.0], [1.8804, 20998.6], [1.8805, 38222.6], [1.8806, 48816.3], [1.8807, 30804.4], [1.8808, 49642.0], [1.8809, 24979.7], [1.881, 29526.7], [1.8811, 40867.4], [1.8812, 45705.2], [1.8813, 27971.5], [1.8814, 25819.8]], "timestamp": "2025-12-19T18:10:14.141767+00:00"}, {"symbol": "XRPUSDT", "bids": [[1.8809, 3638.6], [1.8808, 2454.7], [1.8807, 3718.1], [1.8806, 8620.2], [1.8805, 7823.2], [1.8804, 15352.4], [1.8803, 49809.9], [1.8802, 28136.1], [1.8801, 15550.5], [1.88, 29448.0], [1.8799, 32975.9], [1.8798, 28006.1], [1.8797, 39646.8], [1.8796, 17054.2], [1.8795, 26898.3], [1.8794, 23969.0], [1.8793, 44720.6], [1.8792, 79011.8], [1.8791, 55167.4], [1.879, 23807.5]], "asks": [[1.881, 39886.8], [1.8811, 47556.9], [1.8812, 71390.0], [1.8813, 22414.1], [1.8814, 34598.6], [1.8815, 25792.4], [1.8816, 35044.0], [1.8817, 31200.5], [1.8818, 36188.9], [1.8819, 39330.9], [1.882, 71606.6], [1.8821, 44695.4], [1.8822, 23713.0], [1.8823, 30302.2], [1.8824, 29396.6], [1.8825, 29082.3], [1.8826, 27564.2], [1.8827, 46319.6], [1.8828, 34187.7], [1.8829, 43858.3]], "timestamp": "2025-12-19T18:11:07.287403+00:00"}, {"symbol": "XRPUSDT", "bids": [[1.8805, 25491.1], [1.8804, 10529.3], [1.8803, 47491.7], [1.8802, 10486.6], [1.8801, 7363.9], [1.88, 14323.2], [1.8799, 44777.4], [1.8798, 31192.5], [1.8797, 30668.6], [1.8796, 23882.5], [1.8795, 42445.2], [1.8794, 20362.2], [1.8793, 15004.0], [1.8792, 27679.4], [1.8791, 63989.3], [1.879, 23812.3], [1.8789, 12811.9], [1.8788, 18957.0], [1.8787, 41650.6], [1.8786, 24160.9]], "asks": [[1.8806, 13341.8], [1.8807, 281.0], [1.8808, 8532.9], [1.8809, 18398.8], [1.881, 30303.6], [1.8811, 36204.9], [1.8812, 40297.5], [1.8813, 34846.7], [1.8814, 53173.5], [1.8815, 51609.7], [1.8816, 39539.2], [1.8817, 19610.8], [1.8818, 19754.2], [1.8819, 30010.0], [1.882, 66426.0], [1.8821, 32294.8], [1.8822, 13214.2], [1.8823, 26566.9], [1.8824, 39113.2], [1.8825, 40795.6]], "timestamp": "2025-12-19T18:11:59.922136+00:00"}, {"symbol": "XRPUSDT", "bids": [[1.88, 6027.9], [1.8799, 9440.7], [1.8798, 18009.2], [1.8797, 22300.3], [1.8796, 41176.6], [1.8795, 34519.9], [1.8794, 37237.5], [1.8793, 21502.6], [1.8792, 36237.0], [1.8791, 42397.0], [1.879, 21148.7], [1.8789, 23632.2], [1.8788, 34780.2], [1.8787, 19970.1], [1.8786, 26057.6], [1.8785, 37113.4], [1.8784, 37182.3], [1.8783, 15298.7], [1.8782, 12971.5], [1.8781, 16410.0]], "asks": [[1.8801, 22497.1], [1.8802, 18157.8], [1.8803, 10450.1], [1.8804, 8137.8], [1.8805, 19117.1], [1.8806, 32163.0], [1.8807, 62479.4], [1.8808, 51794.4], [1.8809, 44659.6], [1.881, 45276.6], [1.8811, 33121.8], [1.8812, 44934.4], [1.8813, 47011.1], [1.8814, 117436.6], [1.8815, 51322.4], [1.8816, 35995.9], [1.8817, 11326.8], [1.8818, 13794.6], [1.8819, 31742.4], [1.882, 60376.3]], "timestamp": "2025-12-19T18:12:53.070078+00:00"}, {"symbol": "XRPUSDT", "bids": [[1.8803, 654.8], [1.8802, 1095.8], [1.8801, 7103.1], [1.88, 4683.2], [1.8799, 6720.8], [1.8798, 17349.9], [1.8797, 46244.0], [1.8796, 38936.8], [1.8795, 13402.7], [1.8794, 17424.1], [1.8793, 19476.1], [1.8792, 38071.4], [1.8791, 45716.1], [1.879, 23017.5], [1.8789, 12500.0], [1.8788, 39490.3], [1.8787, 20421.4], [1.8786, 27419.6], [1.8785, 37652.3], [1.8784, 31117.1]], "asks": [[1.8804, 20616.2], [1.8805, 22964.8], [1.8806, 29428.1], [1.8807, 32784.1], [1.8808, 50982.8], [1.8809, 43846.0], [1.881, 63805.2], [1.8811, 71631.2], [1.8812, 58530.4], [1.8813, 37962.2], [1.8814, 42795.8], [1.8815, 54265.9], [1.8816, 45275.3], [1.8817, 106956.4], [1.8818, 34677.7], [1.8819, 33001.8], [1.882, 64911.7], [1.8821, 56904.0], [1.8822, 11962.8], [1.8823, 24494.9]], "timestamp": "2025-12-19T18:13:46.009937+00:00"}, {"symbol": "XRPUSDT", "bids": [[1.8811, 26871.1], [1.881, 11601.7], [1.8809, 8315.8], [1.8808, 26022.2], [1.8807, 32912.6], [1.8806, 28800.6], [1.8805, 32610.0], [1.8804, 64894.2], [1.8803, 66389.2], [1.8802, 27926.7], [1.8801, 47826.9], [1.88, 41651.0], [1.8799, 31324.3], [1.8798, 27287.2], [1.8797, 21446.9], [1.8796, 28867.8], [1.8795, 12292.3], [1.8794, 11580.1], [1.8793, 31524.9], [1.8792, 56023.0]], "asks": [[1.8812, 3790.7], [1.8813, 9611.7], [1.8814, 10756.7], [1.8815, 13935.4], [1.8816, 34853.7], [1.8817, 27043.5], [1.8818, 49407.6], [1.8819, 40303.0], [1.882, 75700.7], [1.8821, 44274.1], [1.8822, 25216.0], [1.8823, 34951.5], [1.8824, 47088.7], [1.8825, 32440.6], [1.8826, 32602.4], [1.8827, 125723.6], [1.8828, 37801.0], [1.8829, 20454.6], [1.883, 48738.3], [1.8831, 28158.4]], "timestamp": "2025-12-19T18:14:39.463703+00:00"}, {"symbol": "XRPUSDT", "bids": [[1.8817, 11093.0], [1.8816, 14648.4], [1.8815, 47680.8], [1.8814, 8851.1], [1.8813, 7496.7], [1.8812, 29524.0], [1.8811, 32944.5], [1.881, 20180.5], [1.8809, 15464.6], [1.8808, 35747.5], [1.8807, 26017.3], [1.8806, 23445.6], [1.8805, 29644.2], [1.8804, 59882.9], [1.8803, 18659.1], [1.8802, 14308.3], [1.8801, 19175.3], [1.88, 36528.9], [1.8799, 31497.8], [1.8798, 41193.9]], "asks": [[1.8818, 7638.0], [1.8819, 8741.8], [1.882, 14841.8], [1.8821, 31320.3], [1.8822, 37502.3], [1.8823, 35727.3], [1.8824, 59418.5], [1.8825, 33816.3], [1.8826, 56607.2], [1.8827, 61170.0], [1.8828, 44549.3], [1.8829, 27083.2], [1.883, 33487.0], [1.8831, 35262.5], [1.8832, 135292.3], [1.8833, 29089.7], [1.8834, 33730.4], [1.8835, 32814.5], [1.8836, 35282.5], [1.8837, 29535.9]], "timestamp": "2025-12-19T18:15:32.609962+00:00"}, {"symbol": "XRPUSDT", "bids": [[1.8864, 10284.9], [1.8863, 8690.7], [1.8862, 16651.4], [1.8861, 25781.2], [1.886, 25045.1], [1.8859, 21761.9], [1.8858, 28594.9], [1.8857, 36579.4], [1.8856, 39229.3], [1.8855, 47740.8], [1.8854, 45862.5], [1.8853, 23073.3], [1.8852, 43761.1], [1.8851, 21588.0], [1.885, 15980.6], [1.8849, 21103.2], [1.8848, 45980.7], [1.8847, 37847.0], [1.8846, 28094.0], [1.8845, 16489.7]], "asks": [[1.8865, 26279.3], [1.8866, 9380.3], [1.8867, 21817.8], [1.8868, 18714.6], [1.8869, 13599.1], [1.887, 17911.0], [1.8871, 53537.3], [1.8872, 44188.8], [1.8873, 82243.8], [1.8874, 46332.5], [1.8875, 20789.3], [1.8876, 34618.6], [1.8877, 23640.5], [1.8878, 71091.7], [1.8879, 41485.1], [1.888, 37652.2], [1.8881, 20350.5], [1.8882, 19076.9], [1.8883, 48486.4], [1.8884, 24437.9]], "timestamp": "2025-12-19T18:16:25.346425+00:00"}, {"symbol": "XRPUSDT", "bids": [[1.8826, 7403.9], [1.8825, 5707.9], [1.8824, 9631.5], [1.8823, 11943.4], [1.8822, 19436.2], [1.8821, 30262.6], [1.882, 42007.1], [1.8819, 36845.0], [1.8818, 32424.5], [1.8817, 46277.4], [1.8816, 44447.9], [1.8815, 22422.9], [1.8814, 29620.8], [1.8813, 38312.7], [1.8812, 57541.8], [1.8811, 91391.2], [1.881, 29119.8], [1.8809, 55787.2], [1.8808, 47767.9], [1.8807, 10858.9]], "asks": [[1.8827, 29566.5], [1.8828, 19324.7], [1.8829, 16662.9], [1.883, 6362.7], [1.8831, 12208.8], [1.8832, 25084.2], [1.8833, 23723.1], [1.8834, 46637.3], [1.8835, 44770.2], [1.8836, 47072.3], [1.8837, 31111.7], [1.8838, 23400.3], [1.8839, 37685.8], [1.884, 104599.8], [1.8841, 33468.4], [1.8842, 24701.7], [1.8843, 29191.3], [1.8844, 35807.7], [1.8845, 20066.9], [1.8846, 15940.8]], "timestamp": "2025-12-19T18:17:18.596199+00:00"}, {"symbol": "XRPUSDT", "bids": [[1.8798, 238.5], [1.8797, 4363.3], [1.8796, 14795.6], [1.8795, 12009.6], [1.8794, 13400.4], [1.8793, 28076.2], [1.8792, 66492.7], [1.8791, 39323.0], [1.879, 39291.7], [1.8789, 32937.9], [1.8788, 40376.6], [1.8787, 29220.5], [1.8786, 30061.3], [1.8785, 57050.9], [1.8784, 35137.9], [1.8783, 23439.0], [1.8782, 25112.5], [1.8781, 47081.0], [1.878, 53799.0], [1.8779, 34504.2]], "asks": [[1.8799, 35597.6], [1.88, 15371.8], [1.8801, 26081.6], [1.8802, 8982.5], [1.8803, 31275.9], [1.8804, 34096.6], [1.8805, 76998.3], [1.8806, 60225.0], [1.8807, 54142.5], [1.8808, 41127.4], [1.8809, 33361.9], [1.881, 25513.4], [1.8811, 35602.9], [1.8812, 34193.8], [1.8813, 106074.8], [1.8814, 20758.0], [1.8815, 12971.2], [1.8816, 25884.7], [1.8817, 37873.6], [1.8818, 47597.6]], "timestamp": "2025-12-19T18:18:13.279666+00:00"}, {"symbol": "XRPUSDT", "bids": [[1.8818, 3568.5], [1.8817, 3796.9], [1.8816, 13975.6], [1.8815, 8855.7], [1.8814, 16482.2], [1.8813, 29735.3], [1.8812, 65433.0], [1.8811, 40281.6], [1.881, 36964.0], [1.8809, 36668.6], [1.8808, 49561.3], [1.8807, 30839.7], [1.8806, 28054.2], [1.8805, 29723.9], [1.8804, 53874.5], [1.8803, 19680.7], [1.8802, 15317.5], [1.8801, 26837.8], [1.88, 38497.1], [1.8799, 30060.8]], "asks": [[1.8819, 64262.3], [1.882, 63864.0], [1.8821, 5386.9], [1.8822, 15570.3], [1.8823, 21638.3], [1.8824, 36061.7], [1.8825, 40420.9], [1.8826, 18544.9], [1.8827, 20401.0], [1.8828, 31360.8], [1.8829, 40140.4], [1.883, 25707.1], [1.8831, 36267.7], [1.8832, 33839.7], [1.8833, 78311.9], [1.8834, 36843.3], [1.8835, 38947.2], [1.8836, 36351.0], [1.8837, 31800.9], [1.8838, 16898.4]], "timestamp": "2025-12-19T18:19:06.937211+00:00"}, {"symbol": "XRPUSDT", "bids": [[1.8846, 46697.0], [1.8845, 11992.4], [1.8844, 22242.2], [1.8843, 32142.1], [1.8842, 29369.0], [1.8841, 47569.6], [1.884, 75844.5], [1.8839, 62847.0], [1.8838, 38705.0], [1.8837, 50428.5], [1.8836, 49428.2], [1.8835, 34346.1], [1.8834, 51548.6], [1.8833, 42933.3], [1.8832, 44213.8], [1.8831, 27404.2], [1.883, 12611.7], [1.8829, 34668.0], [1.8828, 53853.5], [1.8827, 26877.3]], "asks": [[1.8847, 2245.8], [1.8848, 136.2], [1.8849, 5703.0], [1.885, 7366.9], [1.8851, 12733.9], [1.8852, 18982.9], [1.8853, 23155.2], [1.8854, 50858.9], [1.8855, 23737.7], [1.8856, 38502.6], [1.8857, 32922.4], [1.8858, 28444.9], [1.8859, 31325.6], [1.886, 56624.6], [1.8861, 84095.1], [1.8862, 15025.2], [1.8863, 17879.3], [1.8864, 46536.3], [1.8865, 53545.3], [1.8866, 30927.7]], "timestamp": "2025-12-19T18:20:00.185343+00:00"}, {"symbol": "XRPUSDT", "bids": [[1.8849, 16927.4], [1.8848, 12198.7], [1.8847, 7701.3], [1.8846, 7570.7], [1.8845, 14633.2], [1.8844, 22899.1], [1.8843, 37643.9], [1.8842, 29198.4], [1.8841, 35261.5], [1.884, 70218.2], [1.8839, 26566.2], [1.8838, 17574.1], [1.8837, 41771.8], [1.8836, 35834.5], [1.8835, 32530.7], [1.8834, 35073.9], [1.8833, 27930.5], [1.8832, 30777.4], [1.8831, 18827.6], [1.883, 35701.1]], "asks": [[1.885, 16241.0], [1.8851, 13703.7], [1.8852, 38059.7], [1.8853, 34280.7], [1.8854, 32121.2], [1.8855, 15798.7], [1.8856, 52033.3], [1.8857, 19662.1], [1.8858, 27693.4], [1.8859, 25983.1], [1.886, 56692.7], [1.8861, 29992.9], [1.8862, 26117.4], [1.8863, 41770.3], [1.8864, 118169.5], [1.8865, 22349.5], [1.8866, 15297.3], [1.8867, 33880.0], [1.8868, 52332.6], [1.8869, 33321.3]], "timestamp": "2025-12-19T18:20:53.024608+00:00"}, {"symbol": "XRPUSDT", "bids": [[1.8863, 17395.0], [1.8862, 18390.0], [1.8861, 29699.0], [1.886, 13271.6], [1.8859, 24570.9], [1.8858, 32520.2], [1.8857, 52469.1], [1.8856, 34255.7], [1.8855, 24443.4], [1.8854, 23575.3], [1.8853, 29945.4], [1.8852, 71455.8], [1.8851, 35004.9], [1.885, 15231.9], [1.8849, 24962.2], [1.8848, 44225.0], [1.8847, 52001.6], [1.8846, 36822.7], [1.8845, 32592.1], [1.8844, 44709.7]], "asks": [[1.8864, 10927.3], [1.8865, 11130.7], [1.8866, 19808.6], [1.8867, 43972.5], [1.8868, 19917.5], [1.8869, 15905.6], [1.887, 45079.6], [1.8871, 45112.4], [1.8872, 21967.2], [1.8873, 22316.2], [1.8874, 35143.6], [1.8875, 28750.6], [1.8876, 23861.3], [1.8877, 31821.0], [1.8878, 76940.3], [1.8879, 38359.7], [1.888, 37246.1], [1.8881, 12952.9], [1.8882, 17612.5], [1.8883, 49864.4]], "timestamp": "2025-12-19T18:21:46.562971+00:00"}, {"symbol": "XRPUSDT", "bids": [[1.8858, 18780.1], [1.8857, 3344.4], [1.8856, 31801.3], [1.8855, 10423.6], [1.8854, 20293.9], [1.8853, 25729.6], [1.8852, 45335.6], [1.8851, 35410.5], [1.885, 31813.4], [1.8849, 37387.5], [1.8848, 35997.4], [1.8847, 19260.1], [1.8846, 43214.5], [1.8845, 42131.5], [1.8844, 35857.5], [1.8843, 23019.5], [1.8842, 22546.2], [1.8841, 35259.5], [1.884, 63557.1], [1.8839, 35532.7]], "asks": [[1.8859, 16315.4], [1.886, 14563.5], [1.8861, 17823.7], [1.8862, 10509.1], [1.8863, 30420.3], [1.8864, 24996.3], [1.8865, 28509.9], [1.8866, 24887.0], [1.8867, 29951.6], [1.8868, 37379.6], [1.8869, 27884.4], [1.887, 26034.6], [1.8871, 118282.9], [1.8872, 21589.7], [1.8873, 16420.7], [1.8874, 31568.6], [1.8875, 29193.8], [1.8876, 29797.8], [1.8877, 23504.8], [1.8878, 29016.2]], "timestamp": "2025-12-19T18:22:39.419450+00:00"}, {"symbol": "XRPUSDT", "bids": [[1.8855, 5317.6], [1.8854, 3221.7], [1.8853, 14800.9], [1.8852, 16762.3], [1.8851, 18263.6], [1.885, 10894.9], [1.8849, 15025.3], [1.8848, 29367.9], [1.8847, 33290.4], [1.8846, 49144.7], [1.8845, 45337.5], [1.8844, 13261.3], [1.8843, 16998.1], [1.8842, 31278.4], [1.8841, 40650.8], [1.884, 41738.9], [1.8839, 17520.0], [1.8838, 19038.9], [1.8837, 35785.6], [1.8836, 31859.9]], "asks": [[1.8856, 21489.8], [1.8857, 8061.7], [1.8858, 19085.9], [1.8859, 21189.7], [1.886, 16255.7], [1.8861, 23546.2], [1.8862, 46983.5], [1.8863, 53229.8], [1.8864, 27189.2], [1.8865, 27046.8], [1.8866, 18549.4], [1.8867, 44576.6], [1.8868, 97045.9], [1.8869, 17319.5], [1.887, 19596.0], [1.8871, 46809.6], [1.8872, 36063.2], [1.8873, 39808.2], [1.8874, 45466.2], [1.8875, 30861.4]], "timestamp": "2025-12-19T18:23:32.260151+00:00"}, {"symbol": "XRPUSDT", "bids": [[1.886, 24075.6], [1.8859, 15102.4], [1.8858, 7497.3], [1.8857, 14571.4], [1.8856, 10483.8], [1.8855, 17621.3], [1.8854, 28213.1], [1.8853, 35330.7], [1.8852, 46917.8], [1.8851, 36440.6], [1.885, 31841.8], [1.8849, 39749.0], [1.8848, 27671.6], [1.8847, 25457.4], [1.8846, 47283.1], [1.8845, 33983.6], [1.8844, 15513.0], [1.8843, 14051.3], [1.8842, 35843.9], [1.8841, 40224.6]], "asks": [[1.8861, 4215.3], [1.8862, 9178.1], [1.8863, 20911.6], [1.8864, 9579.1], [1.8865, 21304.3], [1.8866, 23988.3], [1.8867, 66461.9], [1.8868, 42642.1], [1.8869, 40333.1], [1.887, 40907.9], [1.8871, 52625.4], [1.8872, 22217.4], [1.8873, 35267.5], [1.8874, 107526.4], [1.8875, 34471.7], [1.8876, 24913.9], [1.8877, 23695.2], [1.8878, 39183.4], [1.8879, 58311.5], [1.888, 43803.7]], "timestamp": "2025-12-19T18:24:25.609512+00:00"}, {"symbol": "XRPUSDT", "bids": [[1.8869, 10707.5], [1.8868, 20746.7], [1.8867, 19763.3], [1.8866, 39488.5], [1.8865, 19380.2], [1.8864, 25683.2], [1.8863, 44587.8], [1.8862, 30118.2], [1.8861, 44460.9], [1.886, 58557.2], [1.8859, 39821.6], [1.8858, 45112.3], [1.8857, 44917.9], [1.8856, 28881.4], [1.8855, 23826.9], [1.8854, 25840.1], [1.8853, 34674.1], [1.8852, 29091.8], [1.8851, 20243.6], [1.885, 24061.0]], "asks": [[1.887, 12737.7], [1.8871, 11406.1], [1.8872, 11297.8], [1.8873, 18377.7], [1.8874, 31860.3], [1.8875, 29966.0], [1.8876, 47035.7], [1.8877, 29904.8], [1.8878, 34593.2], [1.8879, 50691.4], [1.888, 53358.8], [1.8881, 27203.1], [1.8882, 28337.8], [1.8883, 53620.4], [1.8884, 89283.8], [1.8885, 18762.0], [1.8886, 43024.7], [1.8887, 41073.9], [1.8888, 22700.8], [1.8889, 58875.6]], "timestamp": "2025-12-19T18:25:18.757599+00:00"}, {"symbol": "XRPUSDT", "bids": [[1.8867, 29239.0], [1.8866, 31969.3], [1.8865, 33213.1], [1.8864, 14110.9], [1.8863, 25293.2], [1.8862, 32805.8], [1.8861, 22179.0], [1.886, 24294.3], [1.8859, 26803.6], [1.8858, 40626.7], [1.8857, 43510.1], [1.8856, 29925.3], [1.8855, 23383.4], [1.8854, 27838.5], [1.8853, 44524.9], [1.8852, 33979.7], [1.8851, 20085.4], [1.885, 28474.4], [1.8849, 30622.6], [1.8848, 28924.7]], "asks": [[1.8868, 6364.8], [1.8869, 5496.7], [1.887, 12120.9], [1.8871, 33804.6], [1.8872, 19868.6], [1.8873, 24494.8], [1.8874, 60702.0], [1.8875, 48887.6], [1.8876, 31772.7], [1.8877, 34371.1], [1.8878, 29147.0], [1.8879, 49036.7], [1.888, 51179.1], [1.8881, 91284.6], [1.8882, 30929.2], [1.8883, 38370.6], [1.8884, 26859.9], [1.8885, 36104.8], [1.8886, 43037.0], [1.8887, 53758.4]], "timestamp": "2025-12-19T18:26:12.209632+00:00"}, {"symbol": "XRPUSDT", "bids": [[1.8892, 14410.5], [1.8891, 2600.1], [1.889, 9093.1], [1.8889, 9999.5], [1.8888, 23353.2], [1.8887, 17567.7], [1.8886, 35246.4], [1.8885, 43266.8], [1.8884, 35334.9], [1.8883, 30012.3], [1.8882, 29426.5], [1.8881, 34414.6], [1.888, 19780.1], [1.8879, 31053.8], [1.8878, 50865.3], [1.8877, 28259.0], [1.8876, 27267.4], [1.8875, 62204.3], [1.8874, 18027.5], [1.8873, 33039.5]], "asks": [[1.8893, 28068.4], [1.8894, 9774.2], [1.8895, 16482.8], [1.8896, 13276.2], [1.8897, 32217.4], [1.8898, 33730.6], [1.8899, 25904.1], [1.89, 33850.1], [1.8901, 38324.9], [1.8902, 32422.1], [1.8903, 22475.3], [1.8904, 31334.3], [1.8905, 61136.6], [1.8906, 100990.7], [1.8907, 19699.0], [1.8908, 23445.0], [1.8909, 24761.4], [1.891, 34224.6], [1.8911, 54766.3], [1.8912, 27084.0]], "timestamp": "2025-12-19T18:27:05.458750+00:00"}, {"symbol": "XRPUSDT", "bids": [[1.8886, 4375.1], [1.8885, 3005.6], [1.8884, 13786.1], [1.8883, 15543.8], [1.8882, 19255.3], [1.8881, 26421.6], [1.888, 45365.3], [1.8879, 28352.8], [1.8878, 46375.5], [1.8877, 33824.7], [1.8876, 24771.4], [1.8875, 24468.5], [1.8874, 22516.6], [1.8873, 37196.8], [1.8872, 33140.6], [1.8871, 25319.5], [1.887, 51421.6], [1.8869, 74580.3], [1.8868, 22660.7], [1.8867, 21574.7]], "asks": [[1.8887, 45114.9], [1.8888, 26638.3], [1.8889, 38752.6], [1.889, 14501.7], [1.8891, 18224.3], [1.8892, 30857.5], [1.8893, 21105.4], [1.8894, 14952.0], [1.8895, 24466.5], [1.8896, 31435.8], [1.8897, 56972.9], [1.8898, 35737.8], [1.8899, 31842.8], [1.89, 84108.5], [1.8901, 29652.5], [1.8902, 11980.4], [1.8903, 19321.5], [1.8904, 28739.5], [1.8905, 40431.4], [1.8906, 35277.6]], "timestamp": "2025-12-19T18:27:58.400042+00:00"}, {"symbol": "XRPUSDT", "bids": [[1.8885, 10900.6], [1.8884, 25898.5], [1.8883, 16129.5], [1.8882, 33520.0], [1.8881, 31999.7], [1.888, 14952.2], [1.8879, 45498.5], [1.8878, 40163.7], [1.8877, 55078.5], [1.8876, 47400.6], [1.8875, 30054.1], [1.8874, 26440.4], [1.8873, 41847.2], [1.8872, 21602.4], [1.8871, 33471.4], [1.887, 32214.9], [1.8869, 18266.8], [1.8868, 18109.2], [1.8867, 25244.9], [1.8866, 48661.3]], "asks": [[1.8886, 23367.7], [1.8887, 18307.7], [1.8888, 3428.9], [1.8889, 5283.0], [1.889, 11751.5], [1.8891, 26403.0], [1.8892, 62265.7], [1.8893, 39423.4], [1.8894, 74348.7], [1.8895, 23041.6], [1.8896, 22849.8], [1.8897, 43458.3], [1.8898, 46842.0], [1.8899, 17461.1], [1.89, 32652.2], [1.8901, 102336.4], [1.8902, 11398.1], [1.8903, 18321.9], [1.8904, 29599.9], [1.8905, 39496.8]], "timestamp": "2025-12-19T18:28:51.239521+00:00"}, {"symbol": "XRPUSDT", "bids": [[1.8889, 6649.1], [1.8888, 3464.9], [1.8887, 12677.6], [1.8886, 27776.3], [1.8885, 22149.7], [1.8884, 22683.9], [1.8883, 41566.6], [1.8882, 40888.4], [1.8881, 38269.2], [1.888, 32539.0], [1.8879, 26906.4], [1.8878, 39946.9], [1.8877, 52919.0], [1.8876, 36269.3], [1.8875, 37344.1], [1.8874, 18202.2], [1.8873, 66079.2], [1.8872, 23892.0], [1.8871, 21921.7], [1.887, 41252.7]], "asks": [[1.889, 10263.2], [1.8891, 11953.3], [1.8892, 20092.3], [1.8893, 38814.2], [1.8894, 16668.8], [1.8895, 30890.7], [1.8896, 36912.2], [1.8897, 55260.6], [1.8898, 69231.1], [1.8899, 35400.2], [1.89, 23707.2], [1.8901, 19771.6], [1.8902, 30861.6], [1.8903, 32346.8], [1.8904, 29251.9], [1.8905, 48939.6], [1.8906, 97342.5], [1.8907, 17671.3], [1.8908, 24127.4], [1.8909, 18282.6]], "timestamp": "2025-12-19T18:29:44.385803+00:00"}, {"symbol": "XRPUSDT", "bids": [[1.8895, 27618.9], [1.8894, 11399.8], [1.8893, 25933.4], [1.8892, 21592.0], [1.8891, 27534.5], [1.889, 28972.0], [1.8889, 49474.6], [1.8888, 35577.4], [1.8887, 25946.0], [1.8886, 27037.5], [1.8885, 44651.7], [1.8884, 36182.2], [1.8883, 23956.9], [1.8882, 36515.3], [1.8881, 37302.4], [1.888, 34124.8], [1.8879, 30724.1], [1.8878, 64908.3], [1.8877, 47837.7], [1.8876, 27265.1]], "asks": [[1.8896, 5951.5], [1.8897, 11165.1], [1.8898, 8157.7], [1.8899, 25391.4], [1.89, 19924.4], [1.8901, 14590.6], [1.8902, 50904.3], [1.8903, 50361.9], [1.8904, 27366.7], [1.8905, 39260.2], [1.8906, 24132.9], [1.8907, 36679.3], [1.8908, 31145.5], [1.8909, 29328.3], [1.891, 50390.0], [1.8911, 65118.9], [1.8912, 88954.0], [1.8913, 11892.8], [1.8914, 16734.8], [1.8915, 40534.2]], "timestamp": "2025-12-19T18:30:37.533528+00:00"}, {"symbol": "XRPUSDT", "bids": [[1.8887, 20721.4], [1.8886, 22896.5], [1.8885, 9562.9], [1.8884, 20940.4], [1.8883, 13942.9], [1.8882, 24621.1], [1.8881, 38228.8], [1.888, 37585.6], [1.8879, 34969.0], [1.8878, 38018.8], [1.8877, 47346.1], [1.8876, 36822.0], [1.8875, 38726.5], [1.8874, 25048.4], [1.8873, 38516.8], [1.8872, 21107.6], [1.8871, 30052.1], [1.887, 44659.2], [1.8869, 15542.8], [1.8868, 22024.7]], "asks": [[1.8888, 2886.8], [1.8889, 5554.8], [1.889, 12061.0], [1.8891, 18680.5], [1.8892, 25556.7], [1.8893, 30435.5], [1.8894, 52058.9], [1.8895, 29394.5], [1.8896, 14235.5], [1.8897, 27886.3], [1.8898, 46582.0], [1.8899, 55231.9], [1.89, 21073.5], [1.8901, 25747.9], [1.8902, 92213.0], [1.8903, 23684.5], [1.8904, 27762.0], [1.8905, 47140.5], [1.8906, 25364.3], [1.8907, 47409.6]], "timestamp": "2025-12-19T18:31:30.064050+00:00"}, {"symbol": "XRPUSDT", "bids": [[1.8877, 11256.9], [1.8876, 6613.3], [1.8875, 34294.0], [1.8874, 28566.0], [1.8873, 50506.3], [1.8872, 20865.9], [1.8871, 39695.2], [1.887, 43451.1], [1.8869, 22377.6], [1.8868, 24305.7], [1.8867, 47821.5], [1.8866, 53302.3], [1.8865, 33712.5], [1.8864, 40617.7], [1.8863, 24547.3], [1.8862, 28186.3], [1.8861, 30236.8], [1.886, 29340.6], [1.8859, 20222.7], [1.8858, 42152.6]], "asks": [[1.8878, 34000.0], [1.8879, 27785.4], [1.888, 33070.9], [1.8881, 13221.1], [1.8882, 19806.7], [1.8883, 12244.1], [1.8884, 13410.6], [1.8885, 51599.5], [1.8886, 44589.9], [1.8887, 48479.9], [1.8888, 17988.2], [1.8889, 24803.5], [1.889, 41907.2], [1.8891, 37922.1], [1.8892, 96964.2], [1.8893, 39684.7], [1.8894, 30839.4], [1.8895, 34288.8], [1.8896, 28360.7], [1.8897, 20954.9]], "timestamp": "2025-12-19T18:32:23.293158+00:00"}, {"symbol": "XRPUSDT", "bids": [[1.8877, 7334.9], [1.8876, 7096.3], [1.8875, 29623.8], [1.8874, 11573.1], [1.8873, 28290.5], [1.8872, 18724.7], [1.8871, 39368.3], [1.887, 51219.8], [1.8869, 36819.6], [1.8868, 34526.7], [1.8867, 31919.6], [1.8866, 43772.5], [1.8865, 46901.8], [1.8864, 47048.3], [1.8863, 17689.3], [1.8862, 20829.8], [1.8861, 50397.9], [1.886, 29199.8], [1.8859, 16638.6], [1.8858, 40628.0]], "asks": [[1.8878, 23095.0], [1.8879, 12813.8], [1.888, 16606.3], [1.8881, 8499.4], [1.8882, 31700.0], [1.8883, 28429.2], [1.8884, 43284.8], [1.8885, 45375.3], [1.8886, 56984.6], [1.8887, 36473.3], [1.8888, 19000.7], [1.8889, 29073.9], [1.889, 38412.8], [1.8891, 21349.6], [1.8892, 110505.5], [1.8893, 30247.7], [1.8894, 32159.5], [1.8895, 35554.8], [1.8896, 9737.2], [1.8897, 15910.9]], "timestamp": "2025-12-19T18:33:16.647139+00:00"}, {"symbol": "XRPUSDT", "bids": [[1.886, 5730.3], [1.8859, 3613.1], [1.8858, 9053.6], [1.8857, 39996.0], [1.8856, 40221.6], [1.8855, 47594.5], [1.8854, 31946.5], [1.8853, 33155.7], [1.8852, 39656.6], [1.8851, 29091.4], [1.885, 28241.3], [1.8849, 30964.6], [1.8848, 31469.2], [1.8847, 25516.7], [1.8846, 35494.6], [1.8845, 38658.2], [1.8844, 16488.8], [1.8843, 30995.6], [1.8842, 56673.3], [1.8841, 32187.7]], "asks": [[1.8861, 43968.2], [1.8862, 23280.4], [1.8863, 24097.7], [1.8864, 22974.8], [1.8865, 8448.1], [1.8866, 31857.1], [1.8867, 36021.3], [1.8868, 42175.2], [1.8869, 23559.2], [1.887, 33557.7], [1.8871, 22511.8], [1.8872, 43240.0], [1.8873, 40271.1], [1.8874, 49797.1], [1.8875, 23400.6], [1.8876, 32240.3], [1.8877, 84926.4], [1.8878, 32035.7], [1.8879, 55286.3], [1.888, 30206.9]], "timestamp": "2025-12-19T18:34:10.424440+00:00"}, {"symbol": "XRPUSDT", "bids": [[1.886, 210.2], [1.8859, 1093.8], [1.8858, 6303.7], [1.8857, 36060.6], [1.8856, 15631.7], [1.8855, 33407.6], [1.8854, 60673.0], [1.8853, 47602.1], [1.8852, 25527.0], [1.8851, 30919.8], [1.885, 37207.2], [1.8849, 29644.3], [1.8848, 27782.7], [1.8847, 28557.0], [1.8846, 35302.6], [1.8845, 35251.0], [1.8844, 29782.6], [1.8843, 62819.5], [1.8842, 26118.8], [1.8841, 33027.3]], "asks": [[1.8861, 39653.1], [1.8862, 25213.6], [1.8863, 16264.6], [1.8864, 20414.4], [1.8865, 24713.1], [1.8866, 39769.6], [1.8867, 52596.4], [1.8868, 27407.3], [1.8869, 18358.3], [1.887, 41053.3], [1.8871, 36293.7], [1.8872, 24260.2], [1.8873, 42170.7], [1.8874, 105460.7], [1.8875, 28157.3], [1.8876, 24890.6], [1.8877, 22721.4], [1.8878, 56671.3], [1.8879, 36530.0], [1.888, 29801.3]], "timestamp": "2025-12-19T18:35:03.470113+00:00"}, {"symbol": "XRPUSDT", "bids": [[1.8878, 13919.7], [1.8877, 13129.9], [1.8876, 19203.7], [1.8875, 11840.5], [1.8874, 18992.9], [1.8873, 29603.4], [1.8872, 31492.4], [1.8871, 33944.9], [1.887, 24489.6], [1.8869, 37934.4], [1.8868, 16904.0], [1.8867, 16884.5], [1.8866, 44772.4], [1.8865, 46698.1], [1.8864, 21182.1], [1.8863, 25265.9], [1.8862, 24920.7], [1.8861, 36997.2], [1.886, 45079.2], [1.8859, 23372.2]], "asks": [[1.8879, 8260.7], [1.888, 11467.1], [1.8881, 8223.1], [1.8882, 30645.9], [1.8883, 21611.7], [1.8884, 25915.5], [1.8885, 45495.9], [1.8886, 47217.6], [1.8887, 32355.4], [1.8888, 30092.3], [1.8889, 29610.3], [1.889, 58323.9], [1.8891, 28409.3], [1.8892, 38768.8], [1.8893, 99701.6], [1.8894, 38806.4], [1.8895, 30657.3], [1.8896, 16682.3], [1.8897, 37847.2], [1.8898, 41005.7]], "timestamp": "2025-12-19T18:35:57.331959+00:00"}, {"symbol": "XRPUSDT", "bids": [[1.8859, 373.3], [1.8858, 8031.1], [1.8857, 29243.5], [1.8856, 4315.5], [1.8855, 16849.5], [1.8854, 25484.4], [1.8853, 35178.1], [1.8852, 38405.8], [1.8851, 40242.5], [1.885, 47763.5], [1.8849, 27820.5], [1.8848, 24443.9], [1.8847, 22649.4], [1.8846, 37943.4], [1.8845, 34245.8], [1.8844, 27783.0], [1.8843, 22539.1], [1.8842, 43795.1], [1.8841, 86710.2], [1.884, 35183.3]], "asks": [[1.886, 107752.2], [1.8861, 37548.3], [1.8862, 29699.6], [1.8863, 33248.9], [1.8864, 32852.8], [1.8865, 36200.6], [1.8866, 83132.6], [1.8867, 47076.0], [1.8868, 29876.4], [1.8869, 45548.0], [1.887, 53037.1], [1.8871, 17552.7], [1.8872, 31112.9], [1.8873, 37493.8], [1.8874, 125754.8], [1.8875, 28204.9], [1.8876, 22371.7], [1.8877, 14936.1], [1.8878, 45514.9], [1.8879, 35625.7]], "timestamp": "2025-12-19T18:36:50.254415+00:00"}, {"symbol": "XRPUSDT", "bids": [[1.8859, 13432.8], [1.8858, 14952.7], [1.8857, 4860.8], [1.8856, 13038.0], [1.8855, 20148.0], [1.8854, 28630.1], [1.8853, 63436.4], [1.8852, 49418.1], [1.8851, 24933.5], [1.885, 42833.0], [1.8849, 42403.7], [1.8848, 30524.2], [1.8847, 25313.8], [1.8846, 51250.9], [1.8845, 55301.0], [1.8844, 14562.0], [1.8843, 30781.6], [1.8842, 53184.9], [1.8841, 43292.3], [1.884, 32480.2]], "asks": [[1.886, 14442.5], [1.8861, 12042.9], [1.8862, 19176.6], [1.8863, 20510.1], [1.8864, 39306.6], [1.8865, 35443.1], [1.8866, 54510.4], [1.8867, 56558.5], [1.8868, 48680.3], [1.8869, 40037.8], [1.887, 40844.3], [1.8871, 29754.9], [1.8872, 30499.5], [1.8873, 37080.0], [1.8874, 122177.8], [1.8875, 41314.6], [1.8876, 20207.7], [1.8877, 33850.9], [1.8878, 36461.9], [1.8879, 14086.4]], "timestamp": "2025-12-19T18:37:42.909867+00:00"}, {"symbol": "XRPUSDT", "bids": [[1.886, 24443.8], [1.8859, 9463.3], [1.8858, 28533.1], [1.8857, 38402.7], [1.8856, 10749.1], [1.8855, 21261.5], [1.8854, 46828.8], [1.8853, 45715.1], [1.8852, 42636.1], [1.8851, 29349.4], [1.885, 35470.1], [1.8849, 37760.6], [1.8848, 40338.6], [1.8847, 23718.3], [1.8846, 43590.1], [1.8845, 58792.3], [1.8844, 21598.3], [1.8843, 30867.1], [1.8842, 40637.5], [1.8841, 31055.6]], "asks": [[1.8861, 20377.6], [1.8862, 9920.0], [1.8863, 50774.9], [1.8864, 17529.3], [1.8865, 12148.6], [1.8866, 26443.5], [1.8867, 37518.9], [1.8868, 29830.8], [1.8869, 48638.6], [1.887, 36370.9], [1.8871, 16520.4], [1.8872, 38555.8], [1.8873, 26497.1], [1.8874, 57573.2], [1.8875, 111721.8], [1.8876, 16913.3], [1.8877, 18871.8], [1.8878, 58801.1], [1.8879, 25022.9], [1.888, 62604.1]], "timestamp": "2025-12-19T18:38:35.951588+00:00"}, {"symbol": "XRPUSDT", "bids": [[1.8862, 20509.9], [1.8861, 11471.9], [1.886, 18782.5], [1.8859, 21589.7], [1.8858, 38958.6], [1.8857, 51604.8], [1.8856, 28254.6], [1.8855, 28732.2], [1.8854, 40641.2], [1.8853, 42582.0], [1.8852, 41955.8], [1.8851, 40655.3], [1.885, 35057.5], [1.8849, 38416.0], [1.8848, 39247.5], [1.8847, 18499.9], [1.8846, 38241.7], [1.8845, 43436.9], [1.8844, 28318.8], [1.8843, 36746.9]], "asks": [[1.8863, 17446.9], [1.8864, 4176.0], [1.8865, 10612.9], [1.8866, 23115.1], [1.8867, 27250.6], [1.8868, 24932.9], [1.8869, 46794.7], [1.887, 35145.1], [1.8871, 17080.6], [1.8872, 27662.7], [1.8873, 24387.7], [1.8874, 58742.3], [1.8875, 50807.8], [1.8876, 18971.4], [1.8877, 25759.3], [1.8878, 104431.9], [1.8879, 18600.0], [1.888, 65685.5], [1.8881, 36541.4], [1.8882, 51292.5]], "timestamp": "2025-12-19T18:39:29.302842+00:00"}, {"symbol": "XRPUSDT", "bids": [[1.8866, 821.0], [1.8865, 5918.4], [1.8864, 11798.6], [1.8863, 11973.1], [1.8862, 12934.0], [1.8861, 46961.4], [1.886, 21780.3], [1.8859, 53734.7], [1.8858, 43097.8], [1.8857, 34955.5], [1.8856, 18215.8], [1.8855, 23327.7], [1.8854, 34465.5], [1.8853, 36630.2], [1.8852, 32539.1], [1.8851, 33867.8], [1.885, 38588.6], [1.8849, 47710.3], [1.8848, 59749.4], [1.8847, 17810.3]], "asks": [[1.8867, 26420.7], [1.8868, 32202.7], [1.8869, 40095.2], [1.887, 19059.7], [1.8871, 15888.7], [1.8872, 18171.6], [1.8873, 27936.7], [1.8874, 64022.2], [1.8875, 36566.0], [1.8876, 18825.8], [1.8877, 24288.5], [1.8878, 44530.4], [1.8879, 33504.6], [1.888, 78720.1], [1.8881, 110349.5], [1.8882, 41485.5], [1.8883, 26302.8], [1.8884, 48051.7], [1.8885, 22859.9], [1.8886, 42367.7]], "timestamp": "2025-12-19T18:40:22.244298+00:00"}, {"symbol": "XRPUSDT", "bids": [[1.8859, 26648.0], [1.8858, 29613.8], [1.8857, 33765.3], [1.8856, 25268.2], [1.8855, 46851.8], [1.8854, 24502.2], [1.8853, 27806.6], [1.8852, 19621.8], [1.8851, 16296.6], [1.885, 29779.5], [1.8849, 28781.9], [1.8848, 27689.8], [1.8847, 26563.3], [1.8846, 50890.0], [1.8845, 34439.6], [1.8844, 31974.1], [1.8843, 31602.6], [1.8842, 43687.6], [1.8841, 47825.0], [1.884, 31443.1]], "asks": [[1.886, 4283.1], [1.8861, 9658.9], [1.8862, 13485.3], [1.8863, 11196.3], [1.8864, 34139.9], [1.8865, 39283.5], [1.8866, 46919.5], [1.8867, 25600.3], [1.8868, 38330.8], [1.8869, 46528.8], [1.887, 52637.0], [1.8871, 37428.8], [1.8872, 25438.2], [1.8873, 46213.0], [1.8874, 118251.2], [1.8875, 35326.4], [1.8876, 37013.8], [1.8877, 27676.7], [1.8878, 38597.8], [1.8879, 26006.0]], "timestamp": "2025-12-19T18:41:15.902563+00:00"}, {"symbol": "XRPUSDT", "bids": [[1.8858, 7810.2], [1.8857, 4277.7], [1.8856, 15755.5], [1.8855, 23562.1], [1.8854, 24957.6], [1.8853, 16389.8], [1.8852, 17648.5], [1.8851, 26591.0], [1.885, 27979.7], [1.8849, 37244.5], [1.8848, 30632.5], [1.8847, 24030.3], [1.8846, 49915.8], [1.8845, 34471.0], [1.8844, 26286.4], [1.8843, 36009.8], [1.8842, 76187.9], [1.8841, 48503.9], [1.884, 44183.1], [1.8839, 13625.4]], "asks": [[1.8859, 22752.4], [1.886, 27659.0], [1.8861, 33640.8], [1.8862, 54745.8], [1.8863, 20675.2], [1.8864, 15424.4], [1.8865, 54699.7], [1.8866, 44045.1], [1.8867, 36797.3], [1.8868, 40581.7], [1.8869, 47679.8], [1.887, 86687.6], [1.8871, 35973.4], [1.8872, 105087.1], [1.8873, 35951.4], [1.8874, 56416.6], [1.8875, 34375.3], [1.8876, 26090.4], [1.8877, 25463.9], [1.8878, 33895.3]], "timestamp": "2025-12-19T18:42:08.741904+00:00"}, {"symbol": "XRPUSDT", "bids": [[1.8873, 25605.3], [1.8872, 23434.6], [1.8871, 18539.4], [1.887, 26172.7], [1.8869, 20296.3], [1.8868, 25817.8], [1.8867, 69140.0], [1.8866, 49950.6], [1.8865, 29101.7], [1.8864, 37200.6], [1.8863, 44035.3], [1.8862, 57631.3], [1.8861, 38048.3], [1.886, 45618.3], [1.8859, 31925.8], [1.8858, 32107.7], [1.8857, 27391.2], [1.8856, 23272.6], [1.8855, 26482.4], [1.8854, 50646.4]], "asks": [[1.8874, 5501.3], [1.8875, 11288.8], [1.8876, 7372.9], [1.8877, 11391.6], [1.8878, 28609.5], [1.8879, 33437.2], [1.888, 77122.1], [1.8881, 40479.7], [1.8882, 36923.8], [1.8883, 19285.2], [1.8884, 21695.7], [1.8885, 36765.4], [1.8886, 51930.8], [1.8887, 40883.5], [1.8888, 24327.8], [1.8889, 83402.5], [1.889, 36138.0], [1.8891, 27666.1], [1.8892, 31653.3], [1.8893, 28246.2]], "timestamp": "2025-12-19T18:43:01.787403+00:00"}, {"symbol": "XRPUSDT", "bids": [[1.8856, 544.1], [1.8855, 652.6], [1.8854, 7404.3], [1.8853, 9069.0], [1.8852, 23047.7], [1.8851, 17221.6], [1.885, 62135.5], [1.8849, 36949.0], [1.8848, 25788.9], [1.8847, 23015.3], [1.8846, 33362.4], [1.8845, 39753.6], [1.8844, 21864.6], [1.8843, 25639.7], [1.8842, 33384.7], [1.8841, 38520.1], [1.884, 50443.0], [1.8839, 14825.0], [1.8838, 29693.1], [1.8837, 97295.5]], "asks": [[1.8857, 38486.3], [1.8858, 14880.4], [1.8859, 15851.8], [1.886, 24532.6], [1.8861, 17987.8], [1.8862, 26705.6], [1.8863, 23289.4], [1.8864, 35434.8], [1.8865, 43120.8], [1.8866, 62819.9], [1.8867, 51550.9], [1.8868, 17602.1], [1.8869, 31680.8], [1.887, 107823.4], [1.8871, 17993.0], [1.8872, 20236.4], [1.8873, 44827.1], [1.8874, 37250.7], [1.8875, 27873.8], [1.8876, 19577.3]], "timestamp": "2025-12-19T18:43:54.814943+00:00"}, {"symbol": "XRPUSDT", "bids": [[1.8871, 41805.0], [1.887, 26722.5], [1.8869, 37196.1], [1.8868, 14243.6], [1.8867, 48836.4], [1.8866, 32845.3], [1.8865, 32856.4], [1.8864, 49857.7], [1.8863, 42970.8], [1.8862, 27598.3], [1.8861, 22171.8], [1.886, 28096.1], [1.8859, 53474.2], [1.8858, 42562.9], [1.8857, 29055.1], [1.8856, 25904.0], [1.8855, 34725.0], [1.8854, 19344.3], [1.8853, 33668.9], [1.8852, 36309.1]], "asks": [[1.8872, 6930.5], [1.8873, 7841.2], [1.8874, 33262.5], [1.8875, 10893.2], [1.8876, 9745.4], [1.8877, 30594.1], [1.8878, 45901.0], [1.8879, 41998.1], [1.888, 34433.3], [1.8881, 31097.3], [1.8882, 37354.4], [1.8883, 28871.8], [1.8884, 24290.5], [1.8885, 29221.4], [1.8886, 59639.2], [1.8887, 111576.5], [1.8888, 21305.7], [1.8889, 18815.7], [1.889, 45927.1], [1.8891, 26972.4]], "timestamp": "2025-12-19T18:44:47.977469+00:00"}, {"symbol": "XRPUSDT", "bids": [[1.8859, 16014.3], [1.8858, 4922.2], [1.8857, 11962.4], [1.8856, 10752.1], [1.8855, 19649.3], [1.8854, 32006.1], [1.8853, 29790.4], [1.8852, 45686.3], [1.8851, 43833.4], [1.885, 50672.3], [1.8849, 35497.6], [1.8848, 27258.4], [1.8847, 27830.4], [1.8846, 44812.7], [1.8845, 41794.4], [1.8844, 18993.6], [1.8843, 35338.6], [1.8842, 77426.7], [1.8841, 33289.7], [1.884, 33654.4]], "asks": [[1.886, 32650.3], [1.8861, 18571.6], [1.8862, 30650.8], [1.8863, 41486.4], [1.8864, 25319.3], [1.8865, 16871.8], [1.8866, 29590.1], [1.8867, 54677.9], [1.8868, 67055.7], [1.8869, 64918.8], [1.887, 33092.2], [1.8871, 15807.0], [1.8872, 27704.5], [1.8873, 110700.2], [1.8874, 44628.9], [1.8875, 28049.5], [1.8876, 22267.3], [1.8877, 22557.2], [1.8878, 35375.2], [1.8879, 14650.0]], "timestamp": "2025-12-19T18:45:42.146662+00:00"}, {"symbol": "XRPUSDT", "bids": [[1.8848, 23380.0], [1.8847, 4107.6], [1.8846, 12350.6], [1.8845, 24712.3], [1.8844, 4917.2], [1.8843, 27148.8], [1.8842, 26919.5], [1.8841, 40207.4], [1.884, 55684.2], [1.8839, 20344.3], [1.8838, 20507.4], [1.8837, 40322.1], [1.8836, 23334.7], [1.8835, 31752.0], [1.8834, 35511.7], [1.8833, 41276.5], [1.8832, 26553.8], [1.8831, 20587.6], [1.883, 38022.1], [1.8829, 59755.0]], "asks": [[1.8849, 7553.2], [1.885, 6068.8], [1.8851, 15928.0], [1.8852, 31092.1], [1.8853, 36811.7], [1.8854, 35178.2], [1.8855, 81380.9], [1.8856, 80656.5], [1.8857, 42539.8], [1.8858, 43143.4], [1.8859, 39153.7], [1.886, 31464.1], [1.8861, 31478.5], [1.8862, 63939.6], [1.8863, 42332.4], [1.8864, 98797.1], [1.8865, 19248.4], [1.8866, 25106.1], [1.8867, 35480.4], [1.8868, 48697.8]], "timestamp": "2025-12-19T18:46:34.984476+00:00"}, {"symbol": "XRPUSDT", "bids": [[1.9052, 2111.5], [1.9051, 6190.1], [1.905, 12041.0], [1.9049, 12834.5], [1.9048, 12677.6], [1.9047, 6703.9], [1.9046, 10731.9], [1.9045, 18644.4], [1.9044, 27763.2], [1.9043, 30350.4], [1.9042, 20453.3], [1.9041, 16312.1], [1.904, 15724.0], [1.9039, 46029.6], [1.9038, 23626.9], [1.9037, 12516.8], [1.9036, 11812.1], [1.9035, 27881.5], [1.9034, 9951.5], [1.9033, 44690.4]], "asks": [[1.9053, 53560.4], [1.9054, 48698.6], [1.9055, 32562.5], [1.9056, 62095.9], [1.9057, 42595.1], [1.9058, 21265.1], [1.9059, 31270.6], [1.906, 52115.5], [1.9061, 40340.5], [1.9062, 25244.6], [1.9063, 13334.2], [1.9064, 7387.3], [1.9065, 23991.0], [1.9066, 45332.1], [1.9067, 71437.7], [1.9068, 16001.3], [1.9069, 15002.3], [1.907, 26685.1], [1.9071, 15685.8], [1.9072, 36688.9]], "timestamp": "2025-12-19T22:12:42.757139+00:00"}, {"symbol": "XRPUSDT", "bids": [[1.9009, 3540.2], [1.9008, 5164.5], [1.9007, 13689.7], [1.9006, 8109.3], [1.9005, 12539.1], [1.9004, 18427.1], [1.9003, 27340.6], [1.9002, 23229.2], [1.9001, 19461.3], [1.9, 27948.0], [1.8999, 33768.7], [1.8998, 7451.0], [1.8997, 51163.2], [1.8996, 30571.9], [1.8995, 36638.6], [1.8994, 14079.2], [1.8993, 6549.0], [1.8992, 17123.1], [1.8991, 33520.4], [1.899, 47994.2]], "asks": [[1.901, 30343.4], [1.9011, 34318.4], [1.9012, 18237.3], [1.9013, 14224.7], [1.9014, 23844.4], [1.9015, 31103.0], [1.9016, 35530.2], [1.9017, 43766.6], [1.9018, 47251.9], [1.9019, 58698.2], [1.902, 25224.2], [1.9021, 15836.9], [1.9022, 36902.7], [1.9023, 37343.3], [1.9024, 78407.3], [1.9025, 24418.2], [1.9026, 17040.9], [1.9027, 9033.7], [1.9028, 46952.0], [1.9029, 22601.3]], "timestamp": "2025-12-19T22:13:36.107047+00:00"}, {"symbol": "XRPUSDT", "bids": [[1.9019, 13741.5], [1.9018, 13763.5], [1.9017, 34550.4], [1.9016, 21042.3], [1.9015, 6054.0], [1.9014, 15515.2], [1.9013, 14286.1], [1.9012, 22709.9], [1.9011, 8040.6], [1.901, 77789.2], [1.9009, 36600.1], [1.9008, 32028.6], [1.9007, 4003.3], [1.9006, 18923.9], [1.9005, 10541.7], [1.9004, 21261.3], [1.9003, 13909.0], [1.9002, 24689.6], [1.9001, 25695.4], [1.9, 33796.8]], "asks": [[1.902, 4985.5], [1.9021, 20501.1], [1.9022, 17861.4], [1.9023, 13371.1], [1.9024, 44695.2], [1.9025, 31275.0], [1.9026, 26079.3], [1.9027, 13052.7], [1.9028, 44351.0], [1.9029, 15029.4], [1.903, 36208.0], [1.9031, 17206.4], [1.9032, 41457.2], [1.9033, 62100.0], [1.9034, 5798.8], [1.9035, 29085.6], [1.9036, 50041.9], [1.9037, 27903.3], [1.9038, 23434.1], [1.9039, 25267.8]], "timestamp": "2025-12-19T22:14:29.764331+00:00"}, {"symbol": "XRPUSDT", "bids": [[1.9051, 23019.6], [1.905, 10580.4], [1.9049, 16653.1], [1.9048, 31274.0], [1.9047, 20559.7], [1.9046, 38118.8], [1.9045, 60278.2], [1.9044, 48305.8], [1.9043, 24451.8], [1.9042, 28768.5], [1.9041, 43230.3], [1.904, 44995.2], [1.9039, 91836.5], [1.9038, 8142.0], [1.9037, 7340.9], [1.9036, 13303.9], [1.9035, 29336.8], [1.9034, 22941.8], [1.9033, 18094.1], [1.9032, 4207.5]], "asks": [[1.9052, 11655.9], [1.9053, 7888.7], [1.9054, 11284.9], [1.9055, 16717.0], [1.9056, 31603.1], [1.9057, 19846.8], [1.9058, 18347.6], [1.9059, 28569.0], [1.906, 42359.4], [1.9061, 24592.9], [1.9062, 21890.6], [1.9063, 3626.8], [1.9064, 14450.6], [1.9065, 27634.8], [1.9066, 42101.8], [1.9067, 53404.0], [1.9068, 17834.7], [1.9069, 14955.0], [1.907, 56364.6], [1.9071, 15219.3]], "timestamp": "2025-12-19T22:15:23.421934+00:00"}, {"symbol": "XRPUSDT", "bids": [[1.904, 3700.3], [1.9039, 18056.8], [1.9038, 10358.0], [1.9037, 8395.6], [1.9036, 14579.6], [1.9035, 30955.2], [1.9034, 39097.2], [1.9033, 11849.5], [1.9032, 4043.8], [1.9031, 8880.8], [1.903, 45869.6], [1.9029, 25638.8], [1.9028, 9915.5], [1.9027, 72427.1], [1.9026, 25491.3], [1.9025, 25544.3], [1.9024, 37775.3], [1.9023, 55519.9], [1.9022, 27810.2], [1.9021, 26089.1]], "asks": [[1.9041, 17034.1], [1.9042, 19570.0], [1.9043, 46531.4], [1.9044, 44088.2], [1.9045, 23653.7], [1.9046, 21906.4], [1.9047, 47705.8], [1.9048, 77286.6], [1.9049, 72685.4], [1.905, 46730.3], [1.9051, 26748.7], [1.9052, 28154.3], [1.9053, 14309.8], [1.9054, 13059.2], [1.9055, 23208.4], [1.9056, 88998.7], [1.9057, 14327.4], [1.9058, 7804.6], [1.9059, 20954.7], [1.906, 55482.9]], "timestamp": "2025-12-19T22:16:17.079973+00:00"}, {"symbol": "XRPUSDT", "bids": [[1.9038, 14799.2], [1.9037, 22683.5], [1.9036, 15547.1], [1.9035, 19057.1], [1.9034, 11605.5], [1.9033, 13716.4], [1.9032, 12624.1], [1.9031, 24617.0], [1.903, 33787.0], [1.9029, 32721.1], [1.9028, 10751.8], [1.9027, 24454.8], [1.9026, 76638.5], [1.9025, 27288.3], [1.9024, 33372.0], [1.9023, 12266.5], [1.9022, 27679.3], [1.9021, 29556.8], [1.902, 6678.4], [1.9019, 4775.8]], "asks": [[1.9039, 3628.6], [1.904, 19460.5], [1.9041, 19510.4], [1.9042, 37683.9], [1.9043, 26259.3], [1.9044, 43635.7], [1.9045, 17983.2], [1.9046, 13757.6], [1.9047, 23670.9], [1.9048, 60245.6], [1.9049, 33866.4], [1.905, 15084.5], [1.9051, 66826.7], [1.9052, 25774.5], [1.9053, 16333.9], [1.9054, 35239.2], [1.9055, 19649.1], [1.9056, 46180.8], [1.9057, 41323.7], [1.9058, 5238.5]], "timestamp": "2025-12-19T22:17:13.196467+00:00"}, {"symbol": "XRPUSDT", "bids": [[1.9041, 39447.9], [1.904, 37647.2], [1.9039, 19629.2], [1.9038, 23421.4], [1.9037, 9778.8], [1.9036, 16118.7], [1.9035, 24679.8], [1.9034, 29709.1], [1.9033, 29583.6], [1.9032, 15122.5], [1.9031, 14227.8], [1.903, 89091.7], [1.9029, 21812.3], [1.9028, 10594.0], [1.9027, 18513.0], [1.9026, 31267.0], [1.9025, 15596.1], [1.9024, 35195.8], [1.9023, 12269.6], [1.9022, 27669.0]], "asks": [[1.9042, 8326.2], [1.9043, 9137.8], [1.9044, 11706.7], [1.9045, 6700.9], [1.9046, 12021.3], [1.9047, 18423.5], [1.9048, 63043.2], [1.9049, 38529.9], [1.905, 22773.8], [1.9051, 17291.8], [1.9052, 25631.6], [1.9053, 14862.1], [1.9054, 75259.0], [1.9055, 12572.6], [1.9056, 37548.3], [1.9057, 25261.7], [1.9058, 4546.6], [1.9059, 17766.1], [1.906, 59639.7], [1.9061, 23366.1]], "timestamp": "2025-12-19T22:18:09.191263+00:00"}, {"symbol": "XRPUSDT", "bids": [[1.9051, 8575.3], [1.905, 15504.1], [1.9049, 20031.9], [1.9048, 23664.5], [1.9047, 22476.6], [1.9046, 25502.3], [1.9045, 37514.0], [1.9044, 51119.4], [1.9043, 32251.5], [1.9042, 16604.6], [1.9041, 18067.1], [1.904, 41838.3], [1.9039, 86572.3], [1.9038, 13481.2], [1.9037, 4211.7], [1.9036, 10378.0], [1.9035, 28540.1], [1.9034, 32409.6], [1.9033, 25688.3], [1.9032, 11283.7]], "asks": [[1.9052, 12587.2], [1.9053, 6663.2], [1.9054, 12696.6], [1.9055, 13790.2], [1.9056, 36424.5], [1.9057, 13448.2], [1.9058, 13351.7], [1.9059, 24262.7], [1.906, 55473.1], [1.9061, 12279.8], [1.9062, 21060.5], [1.9063, 13728.9], [1.9064, 55117.3], [1.9065, 21838.1], [1.9066, 44543.4], [1.9067, 13434.7], [1.9068, 17500.4], [1.9069, 13323.7], [1.907, 46848.5], [1.9071, 14323.5]], "timestamp": "2025-12-19T22:19:02.150571+00:00"}, {"symbol": "XRPUSDT", "bids": [[1.905, 9991.9], [1.9049, 10458.5], [1.9048, 6469.1], [1.9047, 12012.7], [1.9046, 11285.5], [1.9045, 40337.9], [1.9044, 29506.6], [1.9043, 7869.9], [1.9042, 10454.3], [1.9041, 33837.1], [1.904, 36689.9], [1.9039, 25432.5], [1.9038, 75260.8], [1.9037, 4773.1], [1.9036, 6915.8], [1.9035, 27002.5], [1.9034, 22466.2], [1.9033, 19235.0], [1.9032, 3314.9], [1.9031, 20854.1]], "asks": [[1.9051, 23345.3], [1.9052, 23956.5], [1.9053, 26409.8], [1.9054, 11278.7], [1.9055, 9609.4], [1.9056, 34285.0], [1.9057, 28255.9], [1.9058, 67908.2], [1.9059, 29528.3], [1.906, 42106.5], [1.9061, 25637.1], [1.9062, 36714.7], [1.9063, 11760.3], [1.9064, 62072.8], [1.9065, 25243.4], [1.9066, 38519.7], [1.9067, 9775.4], [1.9068, 21823.6], [1.9069, 29377.1], [1.907, 39097.1]], "timestamp": "2025-12-19T22:19:56.527863+00:00"}, {"symbol": "XRPUSDT", "bids": [[1.905, 15297.7], [1.9049, 11059.5], [1.9048, 8846.6], [1.9047, 8733.1], [1.9046, 8193.8], [1.9045, 22644.3], [1.9044, 24173.5], [1.9043, 12425.9], [1.9042, 15392.2], [1.9041, 32140.5], [1.904, 35446.2], [1.9039, 64422.2], [1.9038, 19460.9], [1.9037, 2475.5], [1.9036, 6968.3], [1.9035, 24708.4], [1.9034, 29830.4], [1.9033, 66657.2], [1.9032, 4876.2], [1.9031, 15919.0]], "asks": [[1.9051, 535.2], [1.9052, 7658.3], [1.9053, 28150.1], [1.9054, 24558.2], [1.9055, 17341.3], [1.9056, 28974.0], [1.9057, 44217.8], [1.9058, 43414.8], [1.9059, 28399.6], [1.906, 40640.3], [1.9061, 17843.2], [1.9062, 32571.3], [1.9063, 65307.0], [1.9064, 9075.6], [1.9065, 30760.7], [1.9066, 34187.2], [1.9067, 8924.9], [1.9068, 17718.0], [1.9069, 12335.0], [1.907, 46425.2]], "timestamp": "2025-12-19T22:20:49.388618+00:00"}, {"symbol": "XRPUSDT", "bids": [[1.9055, 8607.0], [1.9054, 6240.9], [1.9053, 15762.8], [1.9052, 27795.1], [1.9051, 35815.3], [1.905, 20406.0], [1.9049, 18033.0], [1.9048, 22139.4], [1.9047, 10396.7], [1.9046, 21509.7], [1.9045, 37174.7], [1.9044, 25860.9], [1.9043, 13166.8], [1.9042, 12830.6], [1.9041, 21108.9], [1.904, 31320.3], [1.9039, 24787.1], [1.9038, 4404.4], [1.9037, 7667.0], [1.9036, 5474.5]], "asks": [[1.9056, 32912.3], [1.9057, 35375.4], [1.9058, 21629.4], [1.9059, 51354.8], [1.906, 44429.7], [1.9061, 15171.9], [1.9062, 13032.4], [1.9063, 8354.6], [1.9064, 19553.7], [1.9065, 24554.3], [1.9066, 37927.4], [1.9067, 66868.8], [1.9068, 14388.4], [1.9069, 14715.3], [1.907, 29780.7], [1.9071, 12669.1], [1.9072, 15964.8], [1.9073, 21112.5], [1.9074, 52059.3], [1.9075, 28244.4]], "timestamp": "2025-12-19T22:21:41.879233+00:00"}, {"symbol": "XRPUSDT", "bids": [[1.9043, 15394.6], [1.9042, 5248.2], [1.9041, 11099.5], [1.904, 10363.3], [1.9039, 10669.6], [1.9038, 28347.5], [1.9037, 17712.6], [1.9036, 21282.8], [1.9035, 27649.2], [1.9034, 35186.9], [1.9033, 38883.6], [1.9032, 6819.1], [1.9031, 54234.4], [1.903, 34854.0], [1.9029, 11761.2], [1.9028, 3362.6], [1.9027, 20079.4], [1.9026, 26072.6], [1.9025, 21667.6], [1.9024, 18399.1]], "asks": [[1.9044, 7095.8], [1.9045, 11643.4], [1.9046, 15792.9], [1.9047, 29100.3], [1.9048, 63668.1], [1.9049, 36120.4], [1.905, 27701.0], [1.9051, 28756.4], [1.9052, 50137.1], [1.9053, 40396.6], [1.9054, 23097.4], [1.9055, 35126.6], [1.9056, 53907.5], [1.9057, 82491.9], [1.9058, 5723.1], [1.9059, 5845.2], [1.906, 12838.5], [1.9061, 27911.9], [1.9062, 39371.8], [1.9063, 10281.6]], "timestamp": "2025-12-19T22:22:34.325088+00:00"}, {"symbol": "XRPUSDT", "bids": [[1.9053, 17319.9], [1.9052, 13135.1], [1.9051, 17353.7], [1.905, 28257.8], [1.9049, 23162.1], [1.9048, 18912.5], [1.9047, 30528.6], [1.9046, 39543.7], [1.9045, 13127.2], [1.9044, 5337.5], [1.9043, 25947.8], [1.9042, 30126.6], [1.9041, 25045.6], [1.904, 63827.5], [1.9039, 32991.6], [1.9038, 24855.7], [1.9037, 12710.0], [1.9036, 8227.1], [1.9035, 28946.7], [1.9034, 40623.6]], "asks": [[1.9054, 18512.3], [1.9055, 8940.7], [1.9056, 20988.3], [1.9057, 21389.2], [1.9058, 34653.8], [1.9059, 15941.6], [1.906, 36949.9], [1.9061, 32754.7], [1.9062, 35634.6], [1.9063, 7836.0], [1.9064, 13652.8], [1.9065, 77239.0], [1.9066, 39237.0], [1.9067, 13776.9], [1.9068, 18815.7], [1.9069, 19874.8], [1.907, 32876.4], [1.9071, 22454.9], [1.9072, 14380.2], [1.9073, 20133.8]], "timestamp": "2025-12-19T22:23:27.778306+00:00"}, {"symbol": "XRPUSDT", "bids": [[1.906, 31965.4], [1.9059, 23344.9], [1.9058, 20756.9], [1.9057, 5272.7], [1.9056, 6261.2], [1.9055, 8907.3], [1.9054, 10123.7], [1.9053, 22606.0], [1.9052, 31693.8], [1.9051, 64463.2], [1.905, 291721.8], [1.9049, 6373.9], [1.9048, 5126.1], [1.9047, 22508.5], [1.9046, 57161.4], [1.9045, 81012.6], [1.9044, 2032.7], [1.9043, 11979.1], [1.9042, 35761.2], [1.9041, 32272.8]], "asks": [[1.9061, 15026.9], [1.9062, 10612.6], [1.9063, 25594.4], [1.9064, 31535.8], [1.9065, 67728.6], [1.9066, 35442.7], [1.9067, 36073.9], [1.9068, 32026.4], [1.9069, 41092.1], [1.907, 21905.1], [1.9071, 41631.3], [1.9072, 37378.5], [1.9073, 75899.5], [1.9074, 8949.0], [1.9075, 25039.4], [1.9076, 6902.2], [1.9077, 25289.8], [1.9078, 46858.9], [1.9079, 48970.0], [1.908, 24049.2]], "timestamp": "2025-12-19T22:24:21.538885+00:00"}, {"symbol": "XRPUSDT", "bids": [[1.9054, 4717.3], [1.9053, 9840.7], [1.9052, 21358.8], [1.9051, 49446.8], [1.905, 280625.9], [1.9049, 4535.9], [1.9048, 9572.3], [1.9047, 20500.3], [1.9046, 36977.5], [1.9045, 11349.7], [1.9044, 7055.1], [1.9043, 19578.8], [1.9042, 26244.4], [1.9041, 25820.3], [1.904, 38563.1], [1.9039, 108618.2], [1.9038, 28645.4], [1.9037, 8350.0], [1.9036, 12818.6], [1.9035, 76455.9]], "asks": [[1.9055, 14642.4], [1.9056, 20982.1], [1.9057, 17292.2], [1.9058, 44466.4], [1.9059, 45555.8], [1.906, 64862.8], [1.9061, 41936.5], [1.9062, 36494.5], [1.9063, 18135.7], [1.9064, 26940.9], [1.9065, 15346.4], [1.9066, 53252.8], [1.9067, 74385.7], [1.9068, 19157.6], [1.9069, 3410.7], [1.907, 15927.6], [1.9071, 24121.7], [1.9072, 33708.8], [1.9073, 16826.5], [1.9074, 14962.9]], "timestamp": "2025-12-19T22:25:15.298817+00:00"}, {"symbol": "XRPUSDT", "bids": [[1.9066, 16225.5], [1.9065, 9017.3], [1.9064, 7217.4], [1.9063, 10137.5], [1.9062, 11594.6], [1.9061, 20906.4], [1.906, 28745.1], [1.9059, 7700.1], [1.9058, 17093.8], [1.9057, 29168.5], [1.9056, 19150.7], [1.9055, 39569.5], [1.9054, 17493.3], [1.9053, 77033.9], [1.9052, 11891.8], [1.9051, 80657.8], [1.905, 272260.5], [1.9049, 4152.4], [1.9048, 20484.2], [1.9047, 74001.6]], "asks": [[1.9067, 12370.5], [1.9068, 29083.2], [1.9069, 32375.4], [1.907, 23944.0], [1.9071, 50261.6], [1.9072, 56960.1], [1.9073, 41922.3], [1.9074, 34456.7], [1.9075, 60669.5], [1.9076, 38681.1], [1.9077, 27597.6], [1.9078, 29737.4], [1.9079, 44979.5], [1.908, 83728.9], [1.9081, 8894.6], [1.9082, 8429.3], [1.9083, 21943.3], [1.9084, 20802.7], [1.9085, 41668.6], [1.9086, 21892.4]], "timestamp": "2025-12-19T22:26:07.674569+00:00"}, {"symbol": "XRPUSDT", "bids": [[1.9087, 21344.8], [1.9086, 16748.4], [1.9085, 16426.7], [1.9084, 20847.4], [1.9083, 11337.1], [1.9082, 15170.5], [1.9081, 28261.9], [1.908, 14619.9], [1.9079, 16377.7], [1.9078, 24812.9], [1.9077, 38240.6], [1.9076, 79112.2], [1.9075, 33925.7], [1.9074, 4026.8], [1.9073, 13777.3], [1.9072, 27399.0], [1.9071, 15411.4], [1.907, 7710.4], [1.9069, 22875.9], [1.9068, 69086.2]], "asks": [[1.9088, 5006.3], [1.9089, 16658.2], [1.909, 21983.4], [1.9091, 12790.4], [1.9092, 32978.5], [1.9093, 21670.5], [1.9094, 11892.4], [1.9095, 16818.7], [1.9096, 45115.7], [1.9097, 29482.8], [1.9098, 17571.4], [1.9099, 7434.6], [1.91, 25952.7], [1.9101, 65513.1], [1.9102, 24698.9], [1.9103, 18115.1], [1.9104, 23498.6], [1.9105, 18669.3], [1.9106, 48025.3], [1.9107, 5413.0]], "timestamp": "2025-12-19T22:27:01.078486+00:00"}, {"symbol": "XRPUSDT", "bids": [[1.9083, 5565.5], [1.9082, 5991.3], [1.9081, 19802.8], [1.908, 37559.6], [1.9079, 30473.4], [1.9078, 16697.6], [1.9077, 11908.2], [1.9076, 34570.4], [1.9075, 14729.4], [1.9074, 6120.7], [1.9073, 21312.5], [1.9072, 35405.2], [1.9071, 63742.0], [1.907, 15656.5], [1.9069, 20900.8], [1.9068, 32021.2], [1.9067, 6938.1], [1.9066, 9749.2], [1.9065, 23622.9], [1.9064, 25221.4]], "asks": [[1.9084, 27088.5], [1.9085, 79479.8], [1.9086, 18762.6], [1.9087, 27634.7], [1.9088, 46814.5], [1.9089, 28994.8], [1.909, 27278.8], [1.9091, 27873.8], [1.9092, 47179.0], [1.9093, 22982.2], [1.9094, 14757.7], [1.9095, 14120.5], [1.9096, 37025.0], [1.9097, 83386.0], [1.9098, 23614.0], [1.9099, 9121.2], [1.91, 20638.8], [1.9101, 37576.8], [1.9102, 30883.1], [1.9103, 8161.7]], "timestamp": "2025-12-19T22:27:54.000678+00:00"}, {"symbol": "XRPUSDT", "bids": [[1.9078, 12417.6], [1.9077, 13103.0], [1.9076, 31905.7], [1.9075, 37264.3], [1.9074, 58095.8], [1.9073, 39941.7], [1.9072, 36351.8], [1.9071, 23348.7], [1.907, 32860.1], [1.9069, 32860.8], [1.9068, 34991.3], [1.9067, 15274.0], [1.9066, 70431.5], [1.9065, 29904.8], [1.9064, 23603.9], [1.9063, 23623.8], [1.9062, 773.2], [1.9061, 2035.6], [1.906, 15333.8], [1.9059, 47405.1]], "asks": [[1.9079, 23452.2], [1.908, 11896.8], [1.9081, 13445.9], [1.9082, 10870.1], [1.9083, 25206.3], [1.9084, 47023.0], [1.9085, 76174.9], [1.9086, 14970.8], [1.9087, 18905.9], [1.9088, 32583.8], [1.9089, 14424.6], [1.909, 9783.4], [1.9091, 21130.5], [1.9092, 36151.4], [1.9093, 68527.3], [1.9094, 19178.6], [1.9095, 15811.6], [1.9096, 64717.6], [1.9097, 27518.3], [1.9098, 26062.6]], "timestamp": "2025-12-19T22:28:47.576185+00:00"}, {"symbol": "XRPUSDT", "bids": [[1.9081, 6709.1], [1.908, 17069.4], [1.9079, 11330.3], [1.9078, 12753.7], [1.9077, 13809.6], [1.9076, 29995.9], [1.9075, 18151.5], [1.9074, 49941.8], [1.9073, 43590.5], [1.9072, 32831.9], [1.9071, 17373.9], [1.907, 34446.9], [1.9069, 19691.6], [1.9068, 76640.9], [1.9067, 9558.4], [1.9066, 5315.9], [1.9065, 23949.6], [1.9064, 26025.0], [1.9063, 23674.9], [1.9062, 1971.0]], "asks": [[1.9082, 3534.7], [1.9083, 13643.1], [1.9084, 13172.9], [1.9085, 70471.7], [1.9086, 9948.1], [1.9087, 13040.5], [1.9088, 48227.6], [1.9089, 17426.1], [1.909, 18612.5], [1.9091, 24119.4], [1.9092, 36515.6], [1.9093, 32212.6], [1.9094, 66492.8], [1.9095, 16002.8], [1.9096, 25324.2], [1.9097, 20054.5], [1.9098, 19676.3], [1.9099, 43722.1], [1.91, 22349.9], [1.9101, 11692.3]], "timestamp": "2025-12-19T22:29:41.440541+00:00"}, {"symbol": "XRPUSDT", "bids": [[1.9075, 8550.9], [1.9074, 29786.7], [1.9073, 19884.0], [1.9072, 5411.0], [1.9071, 8871.2], [1.907, 34469.4], [1.9069, 12367.0], [1.9068, 27225.1], [1.9067, 19926.3], [1.9066, 11202.6], [1.9065, 31825.0], [1.9064, 26490.3], [1.9063, 73963.7], [1.9062, 9225.3], [1.9061, 2369.2], [1.906, 19990.7], [1.9059, 39050.1], [1.9058, 35076.8], [1.9057, 39488.4], [1.9056, 13951.7]], "asks": [[1.9076, 18377.8], [1.9077, 18421.2], [1.9078, 46051.8], [1.9079, 39079.8], [1.908, 30900.7], [1.9081, 16720.0], [1.9082, 25865.1], [1.9083, 29706.3], [1.9084, 68113.5], [1.9085, 74521.3], [1.9086, 1418.8], [1.9087, 13569.5], [1.9088, 85870.1], [1.9089, 11235.5], [1.909, 13796.6], [1.9091, 18147.5], [1.9092, 34633.1], [1.9093, 19488.4], [1.9094, 20161.1], [1.9095, 19454.7]], "timestamp": "2025-12-19T22:30:35.713086+00:00"}, {"symbol": "XRPUSDT", "bids": [[1.9072, 5353.5], [1.9071, 8227.2], [1.907, 10254.4], [1.9069, 32544.0], [1.9068, 41439.9], [1.9067, 11730.5], [1.9066, 44707.9], [1.9065, 65469.5], [1.9064, 17594.5], [1.9063, 8347.5], [1.9062, 5372.8], [1.9061, 25805.5], [1.906, 30748.2], [1.9059, 100562.3], [1.9058, 12375.9], [1.9057, 27638.6], [1.9056, 13952.4], [1.9055, 27491.4], [1.9054, 7287.8], [1.9053, 29013.1]], "asks": [[1.9073, 27754.3], [1.9074, 21349.6], [1.9075, 12543.7], [1.9076, 16239.3], [1.9077, 17101.6], [1.9078, 22753.5], [1.9079, 22448.9], [1.908, 36619.9], [1.9081, 10244.0], [1.9082, 14218.0], [1.9083, 28216.7], [1.9084, 71114.1], [1.9085, 76890.5], [1.9086, 11269.9], [1.9087, 59603.8], [1.9088, 25077.1], [1.9089, 30399.6], [1.909, 65318.0], [1.9091, 28584.7], [1.9092, 34949.4]], "timestamp": "2025-12-19T22:31:29.371644+00:00"}, {"symbol": "XRPUSDT", "bids": [[1.9078, 15106.0], [1.9077, 11676.4], [1.9076, 16526.9], [1.9075, 19938.9], [1.9074, 48467.9], [1.9073, 39380.9], [1.9072, 11697.6], [1.9071, 24506.5], [1.907, 29731.6], [1.9069, 21636.5], [1.9068, 9115.6], [1.9067, 14821.0], [1.9066, 36600.3], [1.9065, 73197.4], [1.9064, 14898.5], [1.9063, 2000.8], [1.9062, 7563.5], [1.9061, 3047.0], [1.906, 24483.3], [1.9059, 28577.0]], "asks": [[1.9079, 15370.2], [1.908, 16941.8], [1.9081, 12332.5], [1.9082, 11639.3], [1.9083, 22061.6], [1.9084, 70245.0], [1.9085, 85079.5], [1.9086, 12128.5], [1.9087, 11847.5], [1.9088, 22237.5], [1.9089, 11605.4], [1.909, 18786.9], [1.9091, 80994.3], [1.9092, 31531.2], [1.9093, 16384.4], [1.9094, 8584.1], [1.9095, 21654.3], [1.9096, 46772.6], [1.9097, 21291.7], [1.9098, 23242.8]], "timestamp": "2025-12-19T22:32:22.828127+00:00"}, {"symbol": "XRPUSDT", "bids": [[1.9082, 22066.7], [1.9081, 26663.9], [1.908, 12895.8], [1.9079, 9545.2], [1.9078, 10537.0], [1.9077, 5523.9], [1.9076, 10688.1], [1.9075, 31554.6], [1.9074, 31630.8], [1.9073, 18956.9], [1.9072, 22210.4], [1.9071, 75035.7], [1.907, 33328.9], [1.9069, 8751.7], [1.9068, 15291.9], [1.9067, 4075.4], [1.9066, 28539.1], [1.9065, 35569.4], [1.9064, 14506.7], [1.9063, 2789.9]], "asks": [[1.9083, 24104.1], [1.9084, 16857.3], [1.9085, 77711.1], [1.9086, 2461.0], [1.9087, 9533.7], [1.9088, 29963.7], [1.9089, 27006.1], [1.909, 20067.1], [1.9091, 27789.6], [1.9092, 36327.7], [1.9093, 22097.4], [1.9094, 8391.2], [1.9095, 12471.8], [1.9096, 82969.9], [1.9097, 22201.1], [1.9098, 24316.7], [1.9099, 6623.8], [1.91, 34702.9], [1.9101, 20828.1], [1.9102, 54511.1]], "timestamp": "2025-12-19T22:33:16.073621+00:00"}, {"symbol": "XRPUSDT", "bids": [[1.9077, 756.9], [1.9076, 9840.4], [1.9075, 13680.8], [1.9074, 7410.0], [1.9073, 4817.6], [1.9072, 8013.1], [1.9071, 23684.9], [1.907, 28610.0], [1.9069, 10253.0], [1.9068, 9022.9], [1.9067, 16368.7], [1.9066, 37376.7], [1.9065, 40853.6], [1.9064, 52180.0], [1.9063, 9264.0], [1.9062, 8164.3], [1.9061, 5382.5], [1.906, 29419.3], [1.9059, 61619.6], [1.9058, 6096.8]], "asks": [[1.9078, 31740.6], [1.9079, 41674.5], [1.908, 22956.2], [1.9081, 29036.0], [1.9082, 36298.0], [1.9083, 34107.7], [1.9084, 58526.7], [1.9085, 45392.7], [1.9086, 38888.4], [1.9087, 39436.3], [1.9088, 34692.1], [1.9089, 20159.4], [1.909, 64029.0], [1.9091, 20832.9], [1.9092, 35474.6], [1.9093, 12015.6], [1.9094, 14599.2], [1.9095, 11654.1], [1.9096, 38346.6], [1.9097, 38681.2]], "timestamp": "2025-12-19T22:34:09.835210+00:00"}, {"symbol": "XRPUSDT", "bids": [[1.9064, 7175.2], [1.9063, 22387.5], [1.9062, 23955.7], [1.9061, 12558.2], [1.906, 22174.6], [1.9059, 26872.7], [1.9058, 14866.6], [1.9057, 33965.9], [1.9056, 22496.9], [1.9055, 35993.2], [1.9054, 10040.2], [1.9053, 25682.1], [1.9052, 25059.0], [1.9051, 159142.7], [1.905, 281407.9], [1.9049, 7331.4], [1.9048, 3161.9], [1.9047, 21229.2], [1.9046, 32968.4], [1.9045, 18544.7]], "asks": [[1.9065, 14850.7], [1.9066, 20645.9], [1.9067, 9118.0], [1.9068, 20327.3], [1.9069, 25165.7], [1.907, 47204.6], [1.9071, 21302.9], [1.9072, 37330.3], [1.9073, 25559.3], [1.9074, 37190.4], [1.9075, 23155.7], [1.9076, 39473.9], [1.9077, 81500.8], [1.9078, 25928.6], [1.9079, 29414.0], [1.908, 40455.4], [1.9081, 32493.9], [1.9082, 18680.4], [1.9083, 12142.6], [1.9084, 52868.5]], "timestamp": "2025-12-19T22:35:05.232732+00:00"}, {"symbol": "XRPUSDT", "bids": [[1.9071, 7616.9], [1.907, 6289.4], [1.9069, 4037.4], [1.9068, 9829.9], [1.9067, 6901.4], [1.9066, 15269.7], [1.9065, 34487.4], [1.9064, 19298.6], [1.9063, 14840.2], [1.9062, 8756.2], [1.9061, 17461.9], [1.906, 22051.6], [1.9059, 33136.2], [1.9058, 86830.4], [1.9057, 34924.8], [1.9056, 14689.0], [1.9055, 30103.8], [1.9054, 4973.0], [1.9053, 8531.7], [1.9052, 21757.4]], "asks": [[1.9072, 9914.9], [1.9073, 5242.4], [1.9074, 10317.0], [1.9075, 17440.4], [1.9076, 17277.7], [1.9077, 17897.2], [1.9078, 27739.2], [1.9079, 39013.8], [1.908, 49645.1], [1.9081, 15110.1], [1.9082, 15611.3], [1.9083, 14746.7], [1.9084, 33426.8], [1.9085, 30995.9], [1.9086, 19456.4], [1.9087, 57697.5], [1.9088, 46055.9], [1.9089, 19599.0], [1.909, 6634.3], [1.9091, 31865.0]], "timestamp": "2025-12-19T22:35:58.788898+00:00"}, {"symbol": "XRPUSDT", "bids": [[1.9063, 23211.3], [1.9062, 11921.0], [1.9061, 9308.7], [1.906, 12928.2], [1.9059, 36444.3], [1.9058, 13938.3], [1.9057, 26537.6], [1.9056, 22219.1], [1.9055, 26769.9], [1.9054, 22951.8], [1.9053, 101683.3], [1.9052, 9221.1], [1.9051, 81574.5], [1.905, 292285.0], [1.9049, 16514.9], [1.9048, 4696.1], [1.9047, 29124.5], [1.9046, 27110.7], [1.9045, 24110.7], [1.9044, 12032.2]], "asks": [[1.9064, 3230.8], [1.9065, 3334.5], [1.9066, 7160.8], [1.9067, 9004.0], [1.9068, 21884.6], [1.9069, 7688.5], [1.907, 24469.6], [1.9071, 34318.3], [1.9072, 44188.6], [1.9073, 28413.0], [1.9074, 17552.1], [1.9075, 16968.7], [1.9076, 23525.5], [1.9077, 16128.8], [1.9078, 31217.6], [1.9079, 75430.6], [1.908, 47494.2], [1.9081, 37769.8], [1.9082, 31196.8], [1.9083, 17066.1]], "timestamp": "2025-12-19T22:36:52.448093+00:00"}, {"symbol": "XRPUSDT", "bids": [[1.9068, 6981.3], [1.9067, 5393.7], [1.9066, 3052.7], [1.9065, 7826.9], [1.9064, 15341.2], [1.9063, 23524.3], [1.9062, 4686.9], [1.9061, 12248.3], [1.906, 25804.0], [1.9059, 29733.5], [1.9058, 7261.3], [1.9057, 28625.3], [1.9056, 77476.6], [1.9055, 24773.7], [1.9054, 2289.5], [1.9053, 18647.7], [1.9052, 15820.5], [1.9051, 92280.1], [1.905, 284873.9], [1.9049, 16300.1]], "asks": [[1.9069, 23168.0], [1.907, 16612.6], [1.9071, 10559.2], [1.9072, 6419.5], [1.9073, 19454.0], [1.9074, 35331.2], [1.9075, 24314.2], [1.9076, 31442.6], [1.9077, 17062.8], [1.9078, 18752.2], [1.9079, 32118.1], [1.908, 43015.9], [1.9081, 17810.9], [1.9082, 23342.3], [1.9083, 67656.9], [1.9084, 44782.9], [1.9085, 37083.5], [1.9086, 22110.4], [1.9087, 24977.6], [1.9088, 33639.2]], "timestamp": "2025-12-19T22:37:46.105995+00:00"}, {"symbol": "XRPUSDT", "bids": [[1.9083, 18506.6], [1.9082, 3219.4], [1.9081, 12147.4], [1.908, 5971.0], [1.9079, 8394.2], [1.9078, 9019.4], [1.9077, 11437.0], [1.9076, 50482.5], [1.9075, 18243.1], [1.9074, 10976.8], [1.9073, 22904.9], [1.9072, 53312.4], [1.9071, 32358.8], [1.907, 18741.1], [1.9069, 16125.8], [1.9068, 13690.1], [1.9067, 21194.4], [1.9066, 11414.9], [1.9065, 14112.5], [1.9064, 27081.9]], "asks": [[1.9084, 7591.3], [1.9085, 3865.7], [1.9086, 9795.5], [1.9087, 5578.4], [1.9088, 13436.5], [1.9089, 20732.0], [1.909, 17249.0], [1.9091, 33535.4], [1.9092, 40304.6], [1.9093, 18385.7], [1.9094, 27149.0], [1.9095, 9988.3], [1.9096, 23725.2], [1.9097, 30601.6], [1.9098, 62673.6], [1.9099, 9175.7], [1.91, 17657.4], [1.9101, 35452.8], [1.9102, 27705.6], [1.9103, 27412.9]], "timestamp": "2025-12-19T22:38:40.876275+00:00"}, {"symbol": "XRPUSDT", "bids": [[1.9073, 16542.9], [1.9072, 22904.4], [1.9071, 110764.0], [1.907, 3586.0], [1.9069, 4565.0], [1.9068, 11465.7], [1.9067, 21032.8], [1.9066, 5058.3], [1.9065, 23008.0], [1.9064, 35312.2], [1.9063, 27308.5], [1.9062, 7964.8], [1.9061, 21671.8], [1.906, 68083.6], [1.9059, 28972.8], [1.9058, 4176.5], [1.9057, 25899.3], [1.9056, 13891.2], [1.9055, 33871.2], [1.9054, 2958.8]], "asks": [[1.9074, 6808.6], [1.9075, 6015.8], [1.9076, 4750.4], [1.9077, 17382.0], [1.9078, 22449.3], [1.9079, 14328.4], [1.908, 46686.4], [1.9081, 30667.2], [1.9082, 13604.6], [1.9083, 31783.7], [1.9084, 34182.9], [1.9085, 28028.1], [1.9086, 16143.3], [1.9087, 6579.3], [1.9088, 38875.7], [1.9089, 70080.2], [1.909, 11804.5], [1.9091, 44229.0], [1.9092, 57928.5], [1.9093, 11537.4]], "timestamp": "2025-12-19T22:39:34.446673+00:00"}, {"symbol": "XRPUSDT", "bids": [[1.9079, 7091.1], [1.9078, 1703.4], [1.9077, 12299.7], [1.9076, 12490.3], [1.9075, 25910.7], [1.9074, 11089.7], [1.9073, 12498.2], [1.9072, 25298.3], [1.9071, 34802.4], [1.907, 22858.4], [1.9069, 6314.9], [1.9068, 16269.8], [1.9067, 72198.4], [1.9066, 5345.3], [1.9065, 23162.2], [1.9064, 31847.3], [1.9063, 22013.9], [1.9062, 4368.6], [1.9061, 15151.4], [1.906, 22447.3]], "asks": [[1.908, 14219.0], [1.9081, 5811.2], [1.9082, 13003.5], [1.9083, 10335.9], [1.9084, 9607.5], [1.9085, 24352.5], [1.9086, 27900.3], [1.9087, 16924.6], [1.9088, 32545.4], [1.9089, 13162.9], [1.909, 11712.3], [1.9091, 30684.6], [1.9092, 103460.3], [1.9093, 17067.2], [1.9094, 7883.0], [1.9095, 17510.8], [1.9096, 43086.4], [1.9097, 21315.6], [1.9098, 20499.0], [1.9099, 9004.5]], "timestamp": "2025-12-19T22:40:27.798273+00:00"}, {"symbol": "XRPUSDT", "bids": [[1.9093, 6335.8], [1.9092, 13805.3], [1.9091, 28533.8], [1.909, 3492.0], [1.9089, 6541.5], [1.9088, 24468.3], [1.9087, 8543.0], [1.9086, 7623.9], [1.9085, 13776.4], [1.9084, 24207.3], [1.9083, 52412.6], [1.9082, 59990.4], [1.9081, 9537.8], [1.908, 13981.1], [1.9079, 29753.1], [1.9078, 7262.6], [1.9077, 29416.9], [1.9076, 26800.3], [1.9075, 40141.9], [1.9074, 32509.8]], "asks": [[1.9094, 6372.8], [1.9095, 7081.9], [1.9096, 7244.1], [1.9097, 11242.6], [1.9098, 16279.0], [1.9099, 19764.1], [1.91, 24953.1], [1.9101, 30567.5], [1.9102, 42945.9], [1.9103, 16220.5], [1.9104, 22650.9], [1.9105, 19207.8], [1.9106, 26003.9], [1.9107, 19734.5], [1.9108, 65891.8], [1.9109, 19635.5], [1.911, 48315.5], [1.9111, 18190.2], [1.9112, 7450.1], [1.9113, 16048.2]], "timestamp": "2025-12-19T22:41:20.867067+00:00"}, {"symbol": "XRPUSDT", "bids": [[1.9092, 8824.7], [1.9091, 35749.8], [1.909, 8111.7], [1.9089, 1685.1], [1.9088, 4929.8], [1.9087, 8067.8], [1.9086, 9676.2], [1.9085, 18362.1], [1.9084, 17817.9], [1.9083, 34513.1], [1.9082, 37738.2], [1.9081, 58870.6], [1.908, 21753.1], [1.9079, 23862.3], [1.9078, 10639.8], [1.9077, 26737.2], [1.9076, 24079.5], [1.9075, 30848.8], [1.9074, 39648.0], [1.9073, 5015.2]], "asks": [[1.9093, 10092.0], [1.9094, 4760.4], [1.9095, 11638.5], [1.9096, 7741.7], [1.9097, 19933.9], [1.9098, 47537.7], [1.9099, 23722.7], [1.91, 19219.5], [1.9101, 17866.3], [1.9102, 41089.7], [1.9103, 15228.2], [1.9104, 18677.7], [1.9105, 18553.5], [1.9106, 78650.5], [1.9107, 6661.0], [1.9108, 20396.3], [1.9109, 13038.9], [1.911, 56494.0], [1.9111, 5257.1], [1.9112, 10920.7]], "timestamp": "2025-12-19T22:42:13.477212+00:00"}, {"symbol": "XRPUSDT", "bids": [[1.9092, 3859.6], [1.9091, 33812.6], [1.909, 5916.3], [1.9089, 2612.0], [1.9088, 8528.8], [1.9087, 27239.7], [1.9086, 9491.1], [1.9085, 16211.3], [1.9084, 12016.2], [1.9083, 32134.6], [1.9082, 17761.7], [1.9081, 17996.6], [1.908, 21924.2], [1.9079, 70292.1], [1.9078, 10626.4], [1.9077, 27172.6], [1.9076, 24076.5], [1.9075, 38367.6], [1.9074, 32284.5], [1.9073, 3578.6]], "asks": [[1.9093, 18656.4], [1.9094, 24901.4], [1.9095, 11451.7], [1.9096, 15788.5], [1.9097, 28597.7], [1.9098, 55573.2], [1.9099, 14473.0], [1.91, 21839.6], [1.9101, 15339.6], [1.9102, 39835.0], [1.9103, 19976.5], [1.9104, 18739.6], [1.9105, 18797.4], [1.9106, 70665.7], [1.9107, 13585.6], [1.9108, 21901.6], [1.9109, 27132.9], [1.911, 40044.7], [1.9111, 4839.8], [1.9112, 10121.6]], "timestamp": "2025-12-19T22:43:06.623136+00:00"}, {"symbol": "XRPUSDT", "bids": [[1.9084, 8640.0], [1.9083, 23302.9], [1.9082, 26794.8], [1.9081, 8858.8], [1.908, 29163.2], [1.9079, 26414.6], [1.9078, 8213.7], [1.9077, 16345.0], [1.9076, 26879.8], [1.9075, 30470.5], [1.9074, 16118.2], [1.9073, 18567.3], [1.9072, 58058.0], [1.9071, 40466.2], [1.907, 26959.4], [1.9069, 1412.9], [1.9068, 15283.3], [1.9067, 24243.8], [1.9066, 20817.5], [1.9065, 32676.5]], "asks": [[1.9085, 8433.7], [1.9086, 990.5], [1.9087, 7715.8], [1.9088, 11851.5], [1.9089, 20900.2], [1.909, 42891.9], [1.9091, 16540.5], [1.9092, 21731.4], [1.9093, 15241.7], [1.9094, 35641.8], [1.9095, 16257.9], [1.9096, 16467.4], [1.9097, 19701.3], [1.9098, 39143.6], [1.9099, 15481.1], [1.91, 65717.5], [1.9101, 19095.3], [1.9102, 50945.4], [1.9103, 11793.3], [1.9104, 19309.2]], "timestamp": "2025-12-19T22:44:00.177597+00:00"}, {"symbol": "XRPUSDT", "bids": [[1.9089, 16722.5], [1.9088, 16994.9], [1.9087, 15824.6], [1.9086, 1745.7], [1.9085, 8373.8], [1.9084, 11086.8], [1.9083, 27227.7], [1.9082, 24260.9], [1.9081, 21550.7], [1.908, 37767.3], [1.9079, 32141.2], [1.9078, 23088.0], [1.9077, 72171.7], [1.9076, 44245.4], [1.9075, 34420.3], [1.9074, 19340.4], [1.9073, 21909.5], [1.9072, 21854.8], [1.9071, 40288.0], [1.907, 37719.2]], "asks": [[1.909, 4855.6], [1.9091, 5720.8], [1.9092, 6449.8], [1.9093, 10211.5], [1.9094, 11715.0], [1.9095, 23167.9], [1.9096, 28830.8], [1.9097, 34542.3], [1.9098, 52112.6], [1.9099, 16410.8], [1.91, 29881.5], [1.9101, 26848.7], [1.9102, 39761.9], [1.9103, 19083.6], [1.9104, 26972.2], [1.9105, 25134.6], [1.9106, 86775.1], [1.9107, 41365.1], [1.9108, 51874.2], [1.9109, 17330.2]], "timestamp": "2025-12-19T22:44:53.323712+00:00"}, {"symbol": "XRPUSDT", "bids": [[1.9089, 8001.5], [1.9088, 11776.2], [1.9087, 12849.2], [1.9086, 5972.2], [1.9085, 12932.3], [1.9084, 23244.9], [1.9083, 31208.2], [1.9082, 27823.1], [1.9081, 23183.9], [1.908, 35029.7], [1.9079, 36897.6], [1.9078, 25511.9], [1.9077, 74224.9], [1.9076, 35270.9], [1.9075, 37491.0], [1.9074, 18186.5], [1.9073, 22496.3], [1.9072, 20765.2], [1.9071, 45717.7], [1.907, 31790.8]], "asks": [[1.909, 6430.4], [1.9091, 4013.2], [1.9092, 8374.2], [1.9093, 11141.8], [1.9094, 17031.0], [1.9095, 20383.5], [1.9096, 31523.0], [1.9097, 34326.7], [1.9098, 54646.8], [1.9099, 24809.5], [1.91, 24420.0], [1.9101, 26620.0], [1.9102, 51568.4], [1.9103, 20513.5], [1.9104, 25868.0], [1.9105, 25004.0], [1.9106, 26691.9], [1.9107, 68775.4], [1.9108, 23226.1], [1.9109, 18979.7]], "timestamp": "2025-12-19T22:45:46.881920+00:00"}, {"symbol": "XRPUSDT", "bids": [[1.9092, 7996.3], [1.9091, 12162.9], [1.909, 2627.0], [1.9089, 7922.9], [1.9088, 13431.6], [1.9087, 27413.4], [1.9086, 14076.0], [1.9085, 28247.0], [1.9084, 34144.9], [1.9083, 50485.4], [1.9082, 26872.0], [1.9081, 20369.3], [1.908, 77304.0], [1.9079, 30386.2], [1.9078, 18166.2], [1.9077, 21376.5], [1.9076, 36692.0], [1.9075, 39012.4], [1.9074, 31841.5], [1.9073, 28510.7]], "asks": [[1.9093, 3517.7], [1.9094, 8216.9], [1.9095, 12908.5], [1.9096, 18795.7], [1.9097, 23802.9], [1.9098, 26574.8], [1.9099, 22953.1], [1.91, 25338.1], [1.9101, 32367.5], [1.9102, 48798.5], [1.9103, 31523.9], [1.9104, 34354.1], [1.9105, 26491.9], [1.9106, 31032.8], [1.9107, 12436.6], [1.9108, 35752.2], [1.9109, 77207.9], [1.911, 43706.8], [1.9111, 11789.0], [1.9112, 21390.9]], "timestamp": "2025-12-19T22:46:40.227159+00:00"}, {"symbol": "XRPUSDT", "bids": [[1.9098, 10158.9], [1.9097, 11033.0], [1.9096, 5319.5], [1.9095, 6046.9], [1.9094, 7624.3], [1.9093, 11412.4], [1.9092, 27978.7], [1.9091, 31137.2], [1.909, 16183.0], [1.9089, 37518.4], [1.9088, 37570.8], [1.9087, 31346.0], [1.9086, 10083.1], [1.9085, 15004.0], [1.9084, 66395.0], [1.9083, 40604.5], [1.9082, 23794.9], [1.9081, 19464.3], [1.908, 24197.2], [1.9079, 30922.4]], "asks": [[1.9099, 5892.6], [1.91, 17250.2], [1.9101, 21447.7], [1.9102, 12822.2], [1.9103, 28343.9], [1.9104, 20726.3], [1.9105, 32389.7], [1.9106, 34148.6], [1.9107, 16990.4], [1.9108, 37514.2], [1.9109, 18430.7], [1.911, 46481.2], [1.9111, 17386.9], [1.9112, 24218.7], [1.9113, 21453.9], [1.9114, 44922.4], [1.9115, 79661.3], [1.9116, 31765.4], [1.9117, 28306.7], [1.9118, 18445.0]], "timestamp": "2025-12-19T22:47:33.580782+00:00"}