[{"id": "709248335", "price": 1.9037, "amount": 238.5, "side": "sell", "timestamp": 1766187713218}, {"id": "709248336", "price": 1.9038, "amount": 3.3, "side": "buy", "timestamp": 1766187713905}, {"id": "709248337", "price": 1.9038, "amount": 114.4, "side": "buy", "timestamp": 1766187714564}, {"id": "709248338", "price": 1.9038, "amount": 4.0, "side": "buy", "timestamp": 1766187714947}, {"id": "709248339", "price": 1.9037, "amount": 11.7, "side": "sell", "timestamp": 1766187715043}, {"id": "709248340", "price": 1.9038, "amount": 0.5, "side": "buy", "timestamp": 1766187715812}, {"id": "709248341", "price": 1.9038, "amount": 41.4, "side": "buy", "timestamp": 1766187716077}, {"id": "709248342", "price": 1.9038, "amount": 1.4, "side": "buy", "timestamp": 1766187717721}, {"id": "709248343", "price": 1.9038, "amount": 2.7, "side": "buy", "timestamp": 1766187719619}, {"id": "709248344", "price": 1.9037, "amount": 6.3, "side": "sell", "timestamp": 1766187719680}, {"id": "709248345", "price": 1.9038, "amount": 3.7, "side": "buy", "timestamp": 1766187720806}, {"id": "709248346", "price": 1.9037, "amount": 21177.9, "side": "sell", "timestamp": 1766187721271}, {"id": "709248347", "price": 1.9036, "amount": 726.3, "side": "sell", "timestamp": 1766187721280}, {"id": "709248348", "price": 1.9036, "amount": 109.6, "side": "buy", "timestamp": 1766187721760}, {"id": "709248349", "price": 1.9036, "amount": 3.3, "side": "buy", "timestamp": 1766187722225}, {"id": "709248350", "price": 1.9036, "amount": 61.3, "side": "buy", "timestamp": 1766187723520}, {"id": "709248351", "price": 1.9035, "amount": 3.7, "side": "sell", "timestamp": 1766187723927}, {"id": "709248352", "price": 1.9036, "amount": 1.5, "side": "buy", "timestamp": 1766187724364}, {"id": "709248353", "price": 1.9036, "amount": 8.6, "side": "buy", "timestamp": 1766187724866}, {"id": "709248354", "price": 1.9036, "amount": 3.5, "side": "buy", "timestamp": 1766187726301}, {"id": "709248355", "price": 1.9036, "amount": 2.8, "side": "buy", "timestamp": 1766187727181}, {"id": "709248356", "price": 1.9036, "amount": 0.5, "side": "buy", "timestamp": 1766187727547}, {"id": "709248357", "price": 1.9035, "amount": 3.2, "side": "sell", "timestamp": 1766187728027}, {"id": "709248358", "price": 1.9036, "amount": 119.1, "side": "buy", "timestamp": 1766187729244}, {"id": "709248359", "price": 1.9036, "amount": 7432.2, "side": "buy", "timestamp": 1766187729657}, {"id": "709248360", "price": 1.9037, "amount": 1111.5, "side": "buy", "timestamp": 1766187729698}, {"id": "709248361", "price": 1.9038, "amount": 3.8, "side": "buy", "timestamp": 1766187729790}, {"id": "709248362", "price": 1.9037, "amount": 678.8, "side": "sell", "timestamp": 1766187729881}, {"id": "709248363", "price": 1.9038, "amount": 6031.4, "side": "buy", "timestamp": 1766187730640}, {"id": "709248364", "price": 1.9039, "amount": 2.9, "side": "buy", "timestamp": 1766187730665}, {"id": "709248365", "price": 1.9038, "amount": 2.9, "side": "sell", "timestamp": 1766187730804}, {"id": "709248366", "price": 1.9039, "amount": 6.4, "side": "buy", "timestamp": 1766187732561}, {"id": "709248367", "price": 1.9039, "amount": 236.7, "side": "buy", "timestamp": 1766187733321}, {"id": "709248368", "price": 1.9039, "amount": 26.4, "side": "buy", "timestamp": 1766187733432}, {"id": "709248369", "price": 1.9039, "amount": 86.1, "side": "buy", "timestamp": 1766187733573}, {"id": "709248370", "price": 1.9039, "amount": 245.2, "side": "buy", "timestamp": 1766187734062}, {"id": "709248371", "price": 1.9039, "amount": 2.2, "side": "buy", "timestamp": 1766187734839}, {"id": "709248372", "price": 1.9039, "amount": 3.4, "side": "buy", "timestamp": 1766187736558}, {"id": "709248373", "price": 1.9038, "amount": 10.7, "side": "sell", "timestamp": 1766187737320}, {"id": "709248374", "price": 1.9038, "amount": 3.8, "side": "sell", "timestamp": 1766187737525}, {"id": "709248375", "price": 1.9039, "amount": 29.1, "side": "buy", "timestamp": 1766187737604}, {"id": "709248376", "price": 1.9039, "amount": 123.3, "side": "buy", "timestamp": 1766187738068}, {"id": "709248377", "price": 1.9039, "amount": 10.8, "side": "buy", "timestamp": 1766187739440}, {"id": "709248378", "price": 1.9039, "amount": 0.4, "side": "buy", "timestamp": 1766187740245}, {"id": "709248379", "price": 1.9039, "amount": 47.0, "side": "buy", "timestamp": 1766187741174}, {"id": "709248380", "price": 1.9038, "amount": 7.8, "side": "sell", "timestamp": 1766187742447}, {"id": "709248381", "price": 1.9038, "amount": 274.7, "side": "sell", "timestamp": 1766187742567}, {"id": "709248382", "price": 1.9038, "amount": 40.0, "side": "sell", "timestamp": 1766187742834}, {"id": "709248383", "price": 1.9039, "amount": 0.2, "side": "buy", "timestamp": 1766187743122}, {"id": "709248384", "price": 1.9039, "amount": 37.4, "side": "buy", "timestamp": 1766187743371}, {"id": "709248435", "price": 1.9054, "amount": 4272.0, "side": "buy", "timestamp": 1766187776446}, {"id": "709248436", "price": 1.9055, "amount": 55377.8, "side": "buy", "timestamp": 1766187776446}, {"id": "709248437", "price": 1.9055, "amount": 38.5, "side": "sell", "timestamp": 1766187776520}, {"id": "709248438", "price": 1.9056, "amount": 3.6, "side": "buy", "timestamp": 1766187776822}, {"id": "709248439", "price": 1.9055, "amount": 224.7, "side": "sell", "timestamp": 1766187777052}, {"id": "709248440", "price": 1.9056, "amount": 10000.0, "side": "buy", "timestamp": 1766187777208}, {"id": "709248441", "price": 1.9056, "amount": 1.7, "side": "buy", "timestamp": 1766187777447}, {"id": "709248442", "price": 1.9056, "amount": 8.8, "side": "buy", "timestamp": 1766187779389}, {"id": "709248443", "price": 1.9056, "amount": 15.5, "side": "buy", "timestamp": 1766187779690}, {"id": "709248444", "price": 1.9056, "amount": 2.4, "side": "buy", "timestamp": 1766187780246}, {"id": "709248445", "price": 1.9055, "amount": 3.8, "side": "sell", "timestamp": 1766187780512}, {"id": "709248446", "price": 1.9056, "amount": 12.9, "side": "buy", "timestamp": 1766187780898}, {"id": "709248447", "price": 1.9056, "amount": 9.5, "side": "buy", "timestamp": 1766187781088}, {"id": "709248448", "price": 1.9056, "amount": 24.0, "side": "buy", "timestamp": 1766187782201}, {"id": "709248449", "price": 1.9056, "amount": 0.7, "side": "buy", "timestamp": 1766187782419}, {"id": "709248450", "price": 1.9056, "amount": 3.3, "side": "buy", "timestamp": 1766187782796}, {"id": "709248451", "price": 1.9056, "amount": 16.1, "side": "buy", "timestamp": 1766187783319}, {"id": "709248452", "price": 1.9056, "amount": 0.7, "side": "buy", "timestamp": 1766187784718}, {"id": "709248453", "price": 1.9055, "amount": 174.7, "side": "sell", "timestamp": 1766187785976}, {"id": "709248454", "price": 1.9056, "amount": 5.6, "side": "buy", "timestamp": 1766187786096}, {"id": "709248455", "price": 1.9056, "amount": 10.5, "side": "buy", "timestamp": 1766187786680}, {"id": "709248456", "price": 1.9056, "amount": 4.2, "side": "buy", "timestamp": 1766187787288}, {"id": "709248457", "price": 1.9056, "amount": 15.8, "side": "buy", "timestamp": 1766187787538}, {"id": "709248458", "price": 1.9055, "amount": 4842.4, "side": "sell", "timestamp": 1766187787682}, {"id": "709248459", "price": 1.9054, "amount": 3101.9, "side": "sell", "timestamp": 1766187787709}, {"id": "709248460", "price": 1.9055, "amount": 4.2, "side": "buy", "timestamp": 1766187787806}, {"id": "709248461", "price": 1.9055, "amount": 0.9, "side": "buy", "timestamp": 1766187788096}, {"id": "709248462", "price": 1.9054, "amount": 10.0, "side": "sell", "timestamp": 1766187788147}, {"id": "709248463", "price": 1.9054, "amount": 24.0, "side": "sell", "timestamp": 1766187789938}, {"id": "709248464", "price": 1.9054, "amount": 9.6, "side": "sell", "timestamp": 1766187790040}, {"id": "709248465", "price": 1.9055, "amount": 1.9, "side": "buy", "timestamp": 1766187790732}, {"id": "709248466", "price": 1.9054, "amount": 491.7, "side": "sell", "timestamp": 1766187791029}, {"id": "709248467", "price": 1.9054, "amount": 7884.4, "side": "sell", "timestamp": 1766187791151}, {"id": "709248468", "price": 1.9053, "amount": 1363.4, "side": "sell", "timestamp": 1766187791158}, {"id": "709248469", "price": 1.9052, "amount": 8880.7, "side": "sell", "timestamp": 1766187791160}, {"id": "709248470", "price": 1.9051, "amount": 6.3, "side": "sell", "timestamp": 1766187791681}, {"id": "709248471", "price": 1.9052, "amount": 10.9, "side": "buy", "timestamp": 1766187792498}, {"id": "709248472", "price": 1.9052, "amount": 20.9, "side": "buy", "timestamp": 1766187792857}, {"id": "709248473", "price": 1.9052, "amount": 20.8, "side": "buy", "timestamp": 1766187793438}, {"id": "709248474", "price": 1.9052, "amount": 299.0, "side": "buy", "timestamp": 1766187793630}, {"id": "709248475", "price": 1.9051, "amount": 139.7, "side": "sell", "timestamp": 1766187793744}, {"id": "709248476", "price": 1.9052, "amount": 26.3, "side": "buy", "timestamp": 1766187793915}, {"id": "709248477", "price": 1.9051, "amount": 3.4, "side": "sell", "timestamp": 1766187794502}, {"id": "709248478", "price": 1.9052, "amount": 9.8, "side": "buy", "timestamp": 1766187795740}, {"id": "709248479", "price": 1.9052, "amount": 6.6, "side": "buy", "timestamp": 1766187797298}, {"id": "709248480", "price": 1.9052, "amount": 2.5, "side": "buy", "timestamp": 1766187797435}, {"id": "709248481", "price": 1.9052, "amount": 627.6, "side": "buy", "timestamp": 1766187797638}, {"id": "709248482", "price": 1.9051, "amount": 3.7, "side": "sell", "timestamp": 1766187797824}, {"id": "709248483", "price": 1.9051, "amount": 4403.3, "side": "sell", "timestamp": 1766187799222}, {"id": "709248484", "price": 1.9052, "amount": 5.2, "side": "buy", "timestamp": 1766187800361}, {"id": "709248518", "price": 1.9048, "amount": 38.4, "side": "buy", "timestamp": 1766187822844}, {"id": "709248519", "price": 1.9047, "amount": 2.8, "side": "sell", "timestamp": 1766187823859}, {"id": "709248520", "price": 1.9047, "amount": 3.0, "side": "sell", "timestamp": 1766187825855}, {"id": "709248521", "price": 1.9047, "amount": 3.3, "side": "sell", "timestamp": 1766187826874}, {"id": "709248522", "price": 1.9047, "amount": 6.3, "side": "sell", "timestamp": 1766187827680}, {"id": "709248523", "price": 1.9048, "amount": 2.2, "side": "buy", "timestamp": 1766187827749}, {"id": "709248524", "price": 1.9047, "amount": 3.7, "side": "sell", "timestamp": 1766187827907}, {"id": "709248525", "price": 1.9048, "amount": 2.5, "side": "buy", "timestamp": 1766187829735}, {"id": "709248526", "price": 1.9048, "amount": 8.3, "side": "buy", "timestamp": 1766187830189}, {"id": "709248527", "price": 1.9048, "amount": 10.0, "side": "buy", "timestamp": 1766187830577}, {"id": "709248528", "price": 1.9048, "amount": 6.3, "side": "buy", "timestamp": 1766187831145}, {"id": "709248529", "price": 1.9047, "amount": 2.7, "side": "sell", "timestamp": 1766187832317}, {"id": "709248530", "price": 1.9047, "amount": 7.8, "side": "sell", "timestamp": 1766187836095}, {"id": "709248531", "price": 1.9047, "amount": 3.3, "side": "sell", "timestamp": 1766187836882}, {"id": "709248532", "price": 1.9048, "amount": 1.1, "side": "buy", "timestamp": 1766187837147}, {"id": "709248533", "price": 1.9047, "amount": 5.3, "side": "sell", "timestamp": 1766187837874}, {"id": "709248534", "price": 1.9048, "amount": 0.7, "side": "buy", "timestamp": 1766187837954}, {"id": "709248535", "price": 1.9047, "amount": 0.8, "side": "sell", "timestamp": 1766187838053}, {"id": "709248536", "price": 1.9047, "amount": 209.6, "side": "sell", "timestamp": 1766187838232}, {"id": "709248537", "price": 1.9048, "amount": 1.9, "side": "buy", "timestamp": 1766187838313}, {"id": "709248538", "price": 1.9047, "amount": 12.1, "side": "sell", "timestamp": 1766187838884}, {"id": "709248539", "price": 1.9047, "amount": 3.0, "side": "sell", "timestamp": 1766187839296}, {"id": "709248540", "price": 1.9047, "amount": 4.0, "side": "sell", "timestamp": 1766187839633}, {"id": "709248541", "price": 1.9047, "amount": 5.5, "side": "sell", "timestamp": 1766187839881}, {"id": "709248542", "price": 1.9047, "amount": 5.4, "side": "sell", "timestamp": 1766187840002}, {"id": "709248543", "price": 1.9048, "amount": 13.6, "side": "buy", "timestamp": 1766187841784}, {"id": "709248544", "price": 1.9047, "amount": 4.6, "side": "sell", "timestamp": 1766187842813}, {"id": "709248545", "price": 1.9048, "amount": 14.4, "side": "buy", "timestamp": 1766187843217}, {"id": "709248546", "price": 1.9048, "amount": 3.3, "side": "buy", "timestamp": 1766187843368}, {"id": "709248547", "price": 1.9047, "amount": 6.5, "side": "sell", "timestamp": 1766187844392}, {"id": "709248548", "price": 1.9048, "amount": 17.3, "side": "buy", "timestamp": 1766187844598}, {"id": "709248549", "price": 1.9047, "amount": 3.7, "side": "sell", "timestamp": 1766187844687}, {"id": "709248550", "price": 1.9048, "amount": 4.8, "side": "buy", "timestamp": 1766187844732}, {"id": "709248551", "price": 1.9048, "amount": 10911.5, "side": "buy", "timestamp": 1766187845192}, {"id": "709248552", "price": 1.9049, "amount": 9.3, "side": "buy", "timestamp": 1766187845222}, {"id": "709248553", "price": 1.9049, "amount": 13.1, "side": "buy", "timestamp": 1766187845456}, {"id": "709248554", "price": 1.9049, "amount": 33.9, "side": "buy", "timestamp": 1766187845642}, {"id": "709248555", "price": 1.9049, "amount": 119.0, "side": "buy", "timestamp": 1766187845846}, {"id": "709248556", "price": 1.9048, "amount": 11.5, "side": "sell", "timestamp": 1766187846722}, {"id": "709248557", "price": 1.9049, "amount": 59.4, "side": "buy", "timestamp": 1766187846742}, {"id": "709248558", "price": 1.9049, "amount": 1.9, "side": "buy", "timestamp": 1766187846952}, {"id": "709248559", "price": 1.9049, "amount": 328.0, "side": "buy", "timestamp": 1766187847879}, {"id": "709248560", "price": 1.9049, "amount": 1.0, "side": "buy", "timestamp": 1766187848668}, {"id": "709248561", "price": 1.9049, "amount": 27.8, "side": "buy", "timestamp": 1766187849084}, {"id": "709248562", "price": 1.9049, "amount": 4.3, "side": "buy", "timestamp": 1766187850007}, {"id": "709248563", "price": 1.9049, "amount": 83.5, "side": "buy", "timestamp": 1766187850201}, {"id": "709248564", "price": 1.9049, "amount": 6.8, "side": "buy", "timestamp": 1766187850788}, {"id": "709248565", "price": 1.9049, "amount": 4001.9, "side": "buy", "timestamp": 1766187851184}, {"id": "709248566", "price": 1.9049, "amount": 3.2, "side": "buy", "timestamp": 1766187852063}, {"id": "709248567", "price": 1.9048, "amount": 73.1, "side": "sell", "timestamp": 1766187853739}, {"id": "709248595", "price": 1.905, "amount": 170.7, "side": "buy", "timestamp": 1766187877523}, {"id": "709248596", "price": 1.9049, "amount": 17.4, "side": "sell", "timestamp": 1766187878740}, {"id": "709248597", "price": 1.905, "amount": 52.4, "side": "buy", "timestamp": 1766187879141}, {"id": "709248598", "price": 1.9049, "amount": 3.1, "side": "sell", "timestamp": 1766187880222}, {"id": "709248599", "price": 1.905, "amount": 6.3, "side": "buy", "timestamp": 1766187881991}, {"id": "709248600", "price": 1.905, "amount": 2.8, "side": "buy", "timestamp": 1766187882426}, {"id": "709248601", "price": 1.9049, "amount": 3.3, "side": "sell", "timestamp": 1766187884698}, {"id": "709248602", "price": 1.9049, "amount": 5.8, "side": "sell", "timestamp": 1766187885801}, {"id": "709248603", "price": 1.9049, "amount": 3.7, "side": "sell", "timestamp": 1766187886821}, {"id": "709248604", "price": 1.9049, "amount": 0.1, "side": "sell", "timestamp": 1766187892050}, {"id": "709248605", "price": 1.9049, "amount": 3.2, "side": "sell", "timestamp": 1766187892671}, {"id": "709248606", "price": 1.905, "amount": 68.8, "side": "buy", "timestamp": 1766187894080}, {"id": "709248607", "price": 1.905, "amount": 10.9, "side": "buy", "timestamp": 1766187894946}, {"id": "709248608", "price": 1.905, "amount": 5.2, "side": "buy", "timestamp": 1766187895834}, {"id": "709248609", "price": 1.905, "amount": 6.7, "side": "buy", "timestamp": 1766187896800}, {"id": "709248610", "price": 1.905, "amount": 6.3, "side": "buy", "timestamp": 1766187897569}, {"id": "709248611", "price": 1.905, "amount": 7.3, "side": "buy", "timestamp": 1766187897726}, {"id": "709248612", "price": 1.905, "amount": 1.7, "side": "buy", "timestamp": 1766187898117}, {"id": "709248613", "price": 1.9049, "amount": 6.3, "side": "sell", "timestamp": 1766187899670}, {"id": "709248614", "price": 1.9049, "amount": 10.9, "side": "sell", "timestamp": 1766187899874}, {"id": "709248615", "price": 1.905, "amount": 12210.6, "side": "buy", "timestamp": 1766187900512}, {"id": "709248616", "price": 1.9049, "amount": 64605.7, "side": "sell", "timestamp": 1766187901639}, {"id": "709248617", "price": 1.9048, "amount": 10158.6, "side": "sell", "timestamp": 1766187901644}, {"id": "709248618", "price": 1.9048, "amount": 2.5, "side": "buy", "timestamp": 1766187901681}, {"id": "709248619", "price": 1.9047, "amount": 2938.5, "side": "sell", "timestamp": 1766187901711}, {"id": "709248620", "price": 1.9046, "amount": 137.8, "side": "sell", "timestamp": 1766187901760}, {"id": "709248621", "price": 1.9046, "amount": 3.8, "side": "sell", "timestamp": 1766187902825}, {"id": "709248622", "price": 1.9047, "amount": 7.2, "side": "buy", "timestamp": 1766187903534}, {"id": "709248623", "price": 1.9046, "amount": 441.8, "side": "sell", "timestamp": 1766187903561}, {"id": "709248624", "price": 1.9046, "amount": 9.7, "side": "sell", "timestamp": 1766187903693}, {"id": "709248625", "price": 1.9047, "amount": 840.4, "side": "buy", "timestamp": 1766187903926}, {"id": "709248626", "price": 1.9047, "amount": 3.3, "side": "buy", "timestamp": 1766187904045}, {"id": "709248627", "price": 1.9047, "amount": 10.0, "side": "buy", "timestamp": 1766187904245}, {"id": "709248628", "price": 1.9047, "amount": 5616.1, "side": "buy", "timestamp": 1766187904545}, {"id": "709248629", "price": 1.9048, "amount": 1169.3, "side": "buy", "timestamp": 1766187904607}, {"id": "709248630", "price": 1.9049, "amount": 2417.8, "side": "buy", "timestamp": 1766187904631}, {"id": "709248631", "price": 1.905, "amount": 429.0, "side": "buy", "timestamp": 1766187904643}, {"id": "709248632", "price": 1.905, "amount": 5907.0, "side": "buy", "timestamp": 1766187904877}, {"id": "709248633", "price": 1.9051, "amount": 1417.5, "side": "buy", "timestamp": 1766187904994}, {"id": "709248634", "price": 1.9052, "amount": 336.7, "side": "buy", "timestamp": 1766187905196}, {"id": "709248635", "price": 1.9052, "amount": 3.6, "side": "buy", "timestamp": 1766187905401}, {"id": "709248636", "price": 1.9052, "amount": 1216.6, "side": "buy", "timestamp": 1766187905721}, {"id": "709248637", "price": 1.9053, "amount": 11.9, "side": "buy", "timestamp": 1766187905790}, {"id": "709248638", "price": 1.9053, "amount": 6.3, "side": "buy", "timestamp": 1766187907596}, {"id": "709248639", "price": 1.9053, "amount": 74.4, "side": "buy", "timestamp": 1766187908045}, {"id": "709248640", "price": 1.9052, "amount": 55.4, "side": "sell", "timestamp": 1766187908739}, {"id": "709248641", "price": 1.9053, "amount": 464.2, "side": "buy", "timestamp": 1766187909060}, {"id": "709248642", "price": 1.9053, "amount": 1.0, "side": "buy", "timestamp": 1766187909536}, {"id": "709248643", "price": 1.9053, "amount": 52.7, "side": "buy", "timestamp": 1766187909637}, {"id": "709248644", "price": 1.9053, "amount": 19.5, "side": "buy", "timestamp": 1766187911386}, {"id": "709248686", "price": 1.9051, "amount": 1395.2, "side": "sell", "timestamp": 1766187940279}, {"id": "709248687", "price": 1.905, "amount": 848.5, "side": "sell", "timestamp": 1766187940292}, {"id": "709248688", "price": 1.905, "amount": 37.5, "side": "buy", "timestamp": 1766187940298}, {"id": "709248689", "price": 1.9049, "amount": 1290.6, "side": "sell", "timestamp": 1766187940928}, {"id": "709248690", "price": 1.9049, "amount": 1463.1, "side": "sell", "timestamp": 1766187941176}, {"id": "709248691", "price": 1.9048, "amount": 6.1, "side": "sell", "timestamp": 1766187941444}, {"id": "709248692", "price": 1.9049, "amount": 8.5, "side": "buy", "timestamp": 1766187942566}, {"id": "709248693", "price": 1.9049, "amount": 2.9, "side": "buy", "timestamp": 1766187943790}, {"id": "709248694", "price": 1.9049, "amount": 4.8, "side": "buy", "timestamp": 1766187944682}, {"id": "709248695", "price": 1.9048, "amount": 2.7, "side": "sell", "timestamp": 1766187946845}, {"id": "709248696", "price": 1.9049, "amount": 7874.4, "side": "buy", "timestamp": 1766187947571}, {"id": "709248697", "price": 1.9048, "amount": 3.6, "side": "sell", "timestamp": 1766187947658}, {"id": "709248698", "price": 1.9048, "amount": 33.0, "side": "sell", "timestamp": 1766187948117}, {"id": "709248699", "price": 1.9049, "amount": 12.0, "side": "buy", "timestamp": 1766187948714}, {"id": "709248700", "price": 1.9049, "amount": 28.7, "side": "buy", "timestamp": 1766187949080}, {"id": "709248701", "price": 1.9048, "amount": 3.8, "side": "sell", "timestamp": 1766187949656}, {"id": "709248702", "price": 1.9049, "amount": 9.0, "side": "buy", "timestamp": 1766187949701}, {"id": "709248703", "price": 1.9048, "amount": 3.2, "side": "sell", "timestamp": 1766187949844}, {"id": "709248704", "price": 1.9049, "amount": 3.7, "side": "buy", "timestamp": 1766187950927}, {"id": "709248705", "price": 1.9049, "amount": 6.8, "side": "buy", "timestamp": 1766187952757}, {"id": "709248706", "price": 1.9049, "amount": 289.3, "side": "buy", "timestamp": 1766187953705}, {"id": "709248707", "price": 1.9049, "amount": 81.9, "side": "buy", "timestamp": 1766187954208}, {"id": "709248708", "price": 1.9048, "amount": 39.5, "side": "sell", "timestamp": 1766187955535}, {"id": "709248709", "price": 1.9049, "amount": 104.8, "side": "buy", "timestamp": 1766187955693}, {"id": "709248710", "price": 1.9048, "amount": 3.7, "side": "sell", "timestamp": 1766187955702}, {"id": "709248711", "price": 1.9049, "amount": 44.1, "side": "buy", "timestamp": 1766187956624}, {"id": "709248712", "price": 1.9049, "amount": 2.8, "side": "buy", "timestamp": 1766187958496}, {"id": "709248713", "price": 1.9049, "amount": 1.3, "side": "buy", "timestamp": 1766187958781}, {"id": "709248714", "price": 1.9048, "amount": 3.2, "side": "sell", "timestamp": 1766187958895}, {"id": "709248715", "price": 1.9049, "amount": 0.8, "side": "buy", "timestamp": 1766187959572}, {"id": "709248716", "price": 1.9049, "amount": 5.7, "side": "buy", "timestamp": 1766187959713}, {"id": "709248717", "price": 1.9048, "amount": 5.0, "side": "sell", "timestamp": 1766187959851}, {"id": "709248718", "price": 1.9048, "amount": 3.2, "side": "sell", "timestamp": 1766187960824}, {"id": "709248719", "price": 1.9049, "amount": 10.9, "side": "buy", "timestamp": 1766187960946}, {"id": "709248720", "price": 1.9049, "amount": 6600.1, "side": "buy", "timestamp": 1766187961148}, {"id": "709248721", "price": 1.905, "amount": 4899.3, "side": "buy", "timestamp": 1766187961238}, {"id": "709248722", "price": 1.9051, "amount": 1205.1, "side": "buy", "timestamp": 1766187961242}, {"id": "709248723", "price": 1.9052, "amount": 419.0, "side": "buy", "timestamp": 1766187961270}, {"id": "709248724", "price": 1.9051, "amount": 3.7, "side": "sell", "timestamp": 1766187961587}, {"id": "709248725", "price": 1.9051, "amount": 10000.0, "side": "sell", "timestamp": 1766187961942}, {"id": "709248726", "price": 1.9052, "amount": 9.3, "side": "buy", "timestamp": 1766187962273}, {"id": "709248727", "price": 1.9052, "amount": 2.8, "side": "buy", "timestamp": 1766187962695}, {"id": "709248728", "price": 1.9052, "amount": 205.3, "side": "buy", "timestamp": 1766187963415}, {"id": "709248729", "price": 1.9052, "amount": 11.1, "side": "buy", "timestamp": 1766187964306}, {"id": "709248730", "price": 1.9052, "amount": 30.2, "side": "buy", "timestamp": 1766187964553}, {"id": "709248731", "price": 1.9052, "amount": 3.0, "side": "buy", "timestamp": 1766187964729}, {"id": "709248732", "price": 1.9052, "amount": 23.0, "side": "buy", "timestamp": 1766187964857}, {"id": "709248733", "price": 1.9052, "amount": 18.4, "side": "buy", "timestamp": 1766187965649}, {"id": "709248734", "price": 1.9052, "amount": 174.5, "side": "buy", "timestamp": 1766187966300}, {"id": "709248735", "price": 1.9051, "amount": 116.4, "side": "sell", "timestamp": 1766187969220}, {"id": "709248754", "price": 1.9053, "amount": 8.2, "side": "buy", "timestamp": 1766187983700}, {"id": "709248755", "price": 1.9053, "amount": 5.5, "side": "buy", "timestamp": 1766187983935}, {"id": "709248756", "price": 1.9053, "amount": 1.6, "side": "buy", "timestamp": 1766187984094}, {"id": "709248757", "price": 1.9053, "amount": 3.5, "side": "buy", "timestamp": 1766187985118}, {"id": "709248758", "price": 1.9053, "amount": 3.9, "side": "buy", "timestamp": 1766187985783}, {"id": "709248759", "price": 1.9053, "amount": 21.2, "side": "buy", "timestamp": 1766187990038}, {"id": "709248760", "price": 1.9053, "amount": 18949.4, "side": "buy", "timestamp": 1766187990311}, {"id": "709248761", "price": 1.9054, "amount": 54.5, "side": "buy", "timestamp": 1766187990381}, {"id": "709248762", "price": 1.9053, "amount": 3.0, "side": "sell", "timestamp": 1766187990788}, {"id": "709248763", "price": 1.9054, "amount": 193.3, "side": "buy", "timestamp": 1766187990832}, {"id": "709248764", "price": 1.9054, "amount": 41.4, "side": "buy", "timestamp": 1766187991034}, {"id": "709248765", "price": 1.9054, "amount": 1.0, "side": "buy", "timestamp": 1766187991163}, {"id": "709248766", "price": 1.9053, "amount": 3.8, "side": "sell", "timestamp": 1766187993659}, {"id": "709248767", "price": 1.9054, "amount": 6.2, "side": "buy", "timestamp": 1766187995431}, {"id": "709248768", "price": 1.9054, "amount": 5.0, "side": "buy", "timestamp": 1766187995797}, {"id": "709248769", "price": 1.9053, "amount": 35.4, "side": "sell", "timestamp": 1766187998511}, {"id": "709248770", "price": 1.9054, "amount": 61.4, "side": "buy", "timestamp": 1766187998871}, {"id": "709248771", "price": 1.9054, "amount": 432.5, "side": "buy", "timestamp": 1766187999438}, {"id": "709248772", "price": 1.9054, "amount": 5006.0, "side": "buy", "timestamp": 1766187999824}, {"id": "709248773", "price": 1.9054, "amount": 7.7, "side": "buy", "timestamp": 1766188001045}, {"id": "709248774", "price": 1.9054, "amount": 4.8, "side": "buy", "timestamp": 1766188001357}, {"id": "709248775", "price": 1.9054, "amount": 22102.3, "side": "buy", "timestamp": 1766188001641}, {"id": "709248776", "price": 1.9054, "amount": 200.0, "side": "sell", "timestamp": 1766188001933}, {"id": "709248777", "price": 1.9054, "amount": 52.4, "side": "sell", "timestamp": 1766188002037}, {"id": "709248778", "price": 1.9055, "amount": 2.8, "side": "buy", "timestamp": 1766188003078}, {"id": "709248779", "price": 1.9055, "amount": 226.5, "side": "buy", "timestamp": 1766188003302}, {"id": "709248780", "price": 1.9054, "amount": 52.4, "side": "sell", "timestamp": 1766188003737}, {"id": "709248781", "price": 1.9055, "amount": 3.0, "side": "buy", "timestamp": 1766188004125}, {"id": "709248782", "price": 1.9055, "amount": 22.5, "side": "buy", "timestamp": 1766188005215}, {"id": "709248783", "price": 1.9054, "amount": 3.8, "side": "sell", "timestamp": 1766188005796}, {"id": "709248784", "price": 1.9055, "amount": 723.4, "side": "buy", "timestamp": 1766188006478}, {"id": "709248785", "price": 1.9054, "amount": 52.4, "side": "sell", "timestamp": 1766188006935}, {"id": "709248786", "price": 1.9054, "amount": 6.3, "side": "sell", "timestamp": 1766188007668}, {"id": "709248787", "price": 1.9055, "amount": 162.2, "side": "buy", "timestamp": 1766188007993}, {"id": "709248788", "price": 1.9054, "amount": 26.2, "side": "sell", "timestamp": 1766188009497}, {"id": "709248789", "price": 1.9054, "amount": 6.5, "side": "sell", "timestamp": 1766188015381}, {"id": "709248790", "price": 1.9054, "amount": 2.7, "side": "sell", "timestamp": 1766188015794}, {"id": "709248791", "price": 1.9055, "amount": 3.1, "side": "buy", "timestamp": 1766188016445}, {"id": "709248792", "price": 1.9054, "amount": 39.4, "side": "sell", "timestamp": 1766188016666}, {"id": "709248793", "price": 1.9054, "amount": 2.9, "side": "sell", "timestamp": 1766188017707}, {"id": "709248794", "price": 1.9054, "amount": 0.2, "side": "sell", "timestamp": 1766188017919}, {"id": "709248795", "price": 1.9054, "amount": 0.1, "side": "sell", "timestamp": 1766188018053}, {"id": "709248796", "price": 1.9054, "amount": 3.7, "side": "sell", "timestamp": 1766188018679}, {"id": "709248797", "price": 1.9054, "amount": 39.4, "side": "sell", "timestamp": 1766188019157}, {"id": "709248798", "price": 1.9054, "amount": 3.3, "side": "sell", "timestamp": 1766188019657}, {"id": "709248799", "price": 1.9054, "amount": 4311.0, "side": "sell", "timestamp": 1766188020069}, {"id": "709248800", "price": 1.9053, "amount": 1314.0, "side": "sell", "timestamp": 1766188020087}, {"id": "709248801", "price": 1.9053, "amount": 52.4, "side": "buy", "timestamp": 1766188020143}, {"id": "709248802", "price": 1.9052, "amount": 10.3, "side": "sell", "timestamp": 1766188020916}, {"id": "709248803", "price": 1.9052, "amount": 3.9, "side": "sell", "timestamp": 1766188021852}, {"id": "709248839", "price": 1.9054, "amount": 209.6, "side": "sell", "timestamp": 1766188042254}, {"id": "709248840", "price": 1.9054, "amount": 10.0, "side": "sell", "timestamp": 1766188042526}, {"id": "709248841", "price": 1.9055, "amount": 618.8, "side": "buy", "timestamp": 1766188042624}, {"id": "709248842", "price": 1.9054, "amount": 39.4, "side": "sell", "timestamp": 1766188042927}, {"id": "709248843", "price": 1.9054, "amount": 29.9, "side": "sell", "timestamp": 1766188043371}, {"id": "709248844", "price": 1.9054, "amount": 6.3, "side": "sell", "timestamp": 1766188043673}, {"id": "709248845", "price": 1.9055, "amount": 161.1, "side": "buy", "timestamp": 1766188044155}, {"id": "709248846", "price": 1.9055, "amount": 4.4, "side": "buy", "timestamp": 1766188044493}, {"id": "709248847", "price": 1.9055, "amount": 3.1, "side": "buy", "timestamp": 1766188044629}, {"id": "709248848", "price": 1.9055, "amount": 25.8, "side": "buy", "timestamp": 1766188046431}, {"id": "709248849", "price": 1.9054, "amount": 5628.9, "side": "sell", "timestamp": 1766188046732}, {"id": "709248850", "price": 1.9053, "amount": 590.5, "side": "sell", "timestamp": 1766188046838}, {"id": "709248851", "price": 1.9053, "amount": 3086.7, "side": "buy", "timestamp": 1766188046939}, {"id": "709248852", "price": 1.9053, "amount": 5.9, "side": "buy", "timestamp": 1766188047237}, {"id": "709248853", "price": 1.9053, "amount": 63.3, "side": "buy", "timestamp": 1766188048283}, {"id": "709248854", "price": 1.9052, "amount": 1480.2, "side": "sell", "timestamp": 1766188049056}, {"id": "709248855", "price": 1.9052, "amount": 6.4, "side": "buy", "timestamp": 1766188049459}, {"id": "709248856", "price": 1.9052, "amount": 6560.5, "side": "buy", "timestamp": 1766188051715}, {"id": "709248857", "price": 1.9053, "amount": 0.4, "side": "buy", "timestamp": 1766188051733}, {"id": "709248858", "price": 1.9052, "amount": 3.7, "side": "sell", "timestamp": 1766188051881}, {"id": "709248859", "price": 1.9052, "amount": 3.8, "side": "sell", "timestamp": 1766188052279}, {"id": "709248860", "price": 1.9053, "amount": 270.4, "side": "buy", "timestamp": 1766188052576}, {"id": "709248861", "price": 1.9053, "amount": 96.1, "side": "buy", "timestamp": 1766188053215}, {"id": "709248862", "price": 1.9052, "amount": 108.7, "side": "sell", "timestamp": 1766188055923}, {"id": "709248863", "price": 1.9053, "amount": 1.8, "side": "buy", "timestamp": 1766188056191}, {"id": "709248864", "price": 1.9053, "amount": 3.2, "side": "buy", "timestamp": 1766188058154}, {"id": "709248865", "price": 1.9052, "amount": 6.1, "side": "sell", "timestamp": 1766188058779}, {"id": "709248866", "price": 1.9053, "amount": 66.8, "side": "buy", "timestamp": 1766188059264}, {"id": "709248867", "price": 1.9052, "amount": 25.0, "side": "sell", "timestamp": 1766188060175}, {"id": "709248868", "price": 1.9053, "amount": 554.0, "side": "buy", "timestamp": 1766188062450}, {"id": "709248869", "price": 1.9053, "amount": 9.1, "side": "buy", "timestamp": 1766188062784}, {"id": "709248870", "price": 1.9053, "amount": 21.9, "side": "buy", "timestamp": 1766188062947}, {"id": "709248871", "price": 1.9053, "amount": 2.0, "side": "buy", "timestamp": 1766188063239}, {"id": "709248872", "price": 1.9053, "amount": 1.2, "side": "buy", "timestamp": 1766188063963}, {"id": "709248873", "price": 1.9053, "amount": 4036.4, "side": "buy", "timestamp": 1766188065225}, {"id": "709248874", "price": 1.9054, "amount": 47.6, "side": "buy", "timestamp": 1766188065735}, {"id": "709248875", "price": 1.9054, "amount": 3.1, "side": "buy", "timestamp": 1766188065903}, {"id": "709248876", "price": 1.9054, "amount": 7.7, "side": "buy", "timestamp": 1766188066141}, {"id": "709248877", "price": 1.9053, "amount": 2.9, "side": "sell", "timestamp": 1766188066634}, {"id": "709248878", "price": 1.9053, "amount": 1576.3, "side": "sell", "timestamp": 1766188066757}, {"id": "709248879", "price": 1.9053, "amount": 3.7, "side": "sell", "timestamp": 1766188067140}, {"id": "709248880", "price": 1.9054, "amount": 95.4, "side": "buy", "timestamp": 1766188068311}, {"id": "709248881", "price": 1.9054, "amount": 3.2, "side": "buy", "timestamp": 1766188069032}, {"id": "709248882", "price": 1.9054, "amount": 3.1, "side": "buy", "timestamp": 1766188069234}, {"id": "709248883", "price": 1.9054, "amount": 12.9, "side": "buy", "timestamp": 1766188070151}, {"id": "709248884", "price": 1.9054, "amount": 44.9, "side": "buy", "timestamp": 1766188070363}, {"id": "709248885", "price": 1.9054, "amount": 105.2, "side": "buy", "timestamp": 1766188071406}, {"id": "709248886", "price": 1.9054, "amount": 65.6, "side": "buy", "timestamp": 1766188072404}, {"id": "709248887", "price": 1.9054, "amount": 69.5, "side": "buy", "timestamp": 1766188074364}, {"id": "709248888", "price": 1.9053, "amount": 108.7, "side": "sell", "timestamp": 1766188074631}, {"id": "709248934", "price": 1.9062, "amount": 3.8, "side": "buy", "timestamp": 1766188092361}, {"id": "709248935", "price": 1.9062, "amount": 3.4, "side": "buy", "timestamp": 1766188093185}, {"id": "709248936", "price": 1.9062, "amount": 2.4, "side": "buy", "timestamp": 1766188093421}, {"id": "709248937", "price": 1.9062, "amount": 2490.6, "side": "buy", "timestamp": 1766188094018}, {"id": "709248938", "price": 1.9062, "amount": 3.3, "side": "buy", "timestamp": 1766188095133}, {"id": "709248939", "price": 1.9061, "amount": 11.0, "side": "sell", "timestamp": 1766188096103}, {"id": "709248940", "price": 1.9062, "amount": 52.3, "side": "buy", "timestamp": 1766188096652}, {"id": "709248941", "price": 1.9061, "amount": 3.8, "side": "sell", "timestamp": 1766188099544}, {"id": "709248942", "price": 1.9061, "amount": 3.0, "side": "sell", "timestamp": 1766188101464}, {"id": "709248943", "price": 1.9062, "amount": 7.9, "side": "buy", "timestamp": 1766188101996}, {"id": "709248944", "price": 1.9061, "amount": 761.7, "side": "sell", "timestamp": 1766188102101}, {"id": "709248945", "price": 1.9062, "amount": 6.0, "side": "buy", "timestamp": 1766188102779}, {"id": "709248946", "price": 1.9061, "amount": 64.9, "side": "sell", "timestamp": 1766188103064}, {"id": "709248947", "price": 1.9062, "amount": 205.4, "side": "buy", "timestamp": 1766188103197}, {"id": "709248948", "price": 1.9062, "amount": 2.4, "side": "buy", "timestamp": 1766188105391}, {"id": "709248949", "price": 1.9062, "amount": 3.2, "side": "buy", "timestamp": 1766188105674}, {"id": "709248950", "price": 1.9061, "amount": 4.0, "side": "sell", "timestamp": 1766188105728}, {"id": "709248951", "price": 1.9062, "amount": 5.2, "side": "buy", "timestamp": 1766188107764}, {"id": "709248952", "price": 1.9061, "amount": 2.9, "side": "sell", "timestamp": 1766188107845}, {"id": "709248953", "price": 1.9061, "amount": 149.5, "side": "sell", "timestamp": 1766188108632}, {"id": "709248954", "price": 1.9061, "amount": 7469.4, "side": "sell", "timestamp": 1766188108969}, {"id": "709248955", "price": 1.906, "amount": 377.4, "side": "sell", "timestamp": 1766188109077}, {"id": "709248956", "price": 1.9059, "amount": 45.1, "side": "sell", "timestamp": 1766188109080}, {"id": "709248957", "price": 1.9059, "amount": 2.9, "side": "buy", "timestamp": 1766188109249}, {"id": "709248958", "price": 1.9058, "amount": 3.2, "side": "sell", "timestamp": 1766188109661}, {"id": "709248959", "price": 1.9059, "amount": 7.9, "side": "buy", "timestamp": 1766188110111}, {"id": "709248960", "price": 1.9059, "amount": 3.9, "side": "buy", "timestamp": 1766188111813}, {"id": "709248961", "price": 1.9058, "amount": 41.4, "side": "sell", "timestamp": 1766188112039}, {"id": "709248962", "price": 1.9059, "amount": 6.1, "side": "buy", "timestamp": 1766188112750}, {"id": "709248963", "price": 1.9058, "amount": 3.8, "side": "sell", "timestamp": 1766188113041}, {"id": "709248964", "price": 1.9058, "amount": 4.1, "side": "sell", "timestamp": 1766188113886}, {"id": "709248965", "price": 1.9059, "amount": 6.2, "side": "buy", "timestamp": 1766188115214}, {"id": "709248966", "price": 1.9058, "amount": 6.3, "side": "sell", "timestamp": 1766188115680}, {"id": "709248967", "price": 1.9059, "amount": 4465.0, "side": "buy", "timestamp": 1766188117462}, {"id": "709248968", "price": 1.906, "amount": 2064.7, "side": "buy", "timestamp": 1766188117512}, {"id": "709248969", "price": 1.9061, "amount": 12.9, "side": "buy", "timestamp": 1766188117900}, {"id": "709248970", "price": 1.906, "amount": 5.2, "side": "sell", "timestamp": 1766188117944}, {"id": "709248971", "price": 1.906, "amount": 2.8, "side": "sell", "timestamp": 1766188118079}, {"id": "709248972", "price": 1.9061, "amount": 5.2, "side": "buy", "timestamp": 1766188119173}, {"id": "709248973", "price": 1.906, "amount": 1000.0, "side": "sell", "timestamp": 1766188119851}, {"id": "709248974", "price": 1.9061, "amount": 3.6, "side": "buy", "timestamp": 1766188120729}, {"id": "709248975", "price": 1.9061, "amount": 26.2, "side": "buy", "timestamp": 1766188121614}, {"id": "709248976", "price": 1.9061, "amount": 123.4, "side": "buy", "timestamp": 1766188121912}, {"id": "709248977", "price": 1.906, "amount": 25.0, "side": "sell", "timestamp": 1766188122495}, {"id": "709248978", "price": 1.9061, "amount": 10.3, "side": "buy", "timestamp": 1766188122540}, {"id": "709248979", "price": 1.9061, "amount": 6.9, "side": "buy", "timestamp": 1766188122967}, {"id": "709248980", "price": 1.9061, "amount": 100.0, "side": "buy", "timestamp": 1766188123373}, {"id": "709248981", "price": 1.9061, "amount": 8097.2, "side": "buy", "timestamp": 1766188123875}, {"id": "709248982", "price": 1.9062, "amount": 222.0, "side": "buy", "timestamp": 1766188126405}, {"id": "709248983", "price": 1.9062, "amount": 3.2, "side": "buy", "timestamp": 1766188126994}, {"id": "709249008", "price": 1.9055, "amount": 1129.6, "side": "sell", "timestamp": 1766188144127}, {"id": "709249009", "price": 1.9055, "amount": 2.8, "side": "buy", "timestamp": 1766188144395}, {"id": "709249010", "price": 1.9055, "amount": 27.8, "side": "buy", "timestamp": 1766188144661}, {"id": "709249011", "price": 1.9055, "amount": 5.1, "side": "buy", "timestamp": 1766188144870}, {"id": "709249012", "price": 1.9055, "amount": 4.4, "side": "buy", "timestamp": 1766188145220}, {"id": "709249013", "price": 1.9055, "amount": 3.2, "side": "buy", "timestamp": 1766188145404}, {"id": "709249014", "price": 1.9055, "amount": 7.2, "side": "buy", "timestamp": 1766188145895}, {"id": "709249015", "price": 1.9055, "amount": 8.1, "side": "buy", "timestamp": 1766188149426}, {"id": "709249016", "price": 1.9054, "amount": 2628.4, "side": "sell", "timestamp": 1766188149463}, {"id": "709249017", "price": 1.9054, "amount": 421.3, "side": "buy", "timestamp": 1766188149480}, {"id": "709249018", "price": 1.9053, "amount": 1027.3, "side": "sell", "timestamp": 1766188150182}, {"id": "709249019", "price": 1.9054, "amount": 17.0, "side": "buy", "timestamp": 1766188150561}, {"id": "709249020", "price": 1.9054, "amount": 1242.0, "side": "buy", "timestamp": 1766188150921}, {"id": "709249021", "price": 1.9054, "amount": 42.0, "side": "buy", "timestamp": 1766188151119}, {"id": "709249022", "price": 1.9054, "amount": 42.0, "side": "buy", "timestamp": 1766188151220}, {"id": "709249023", "price": 1.9053, "amount": 269.3, "side": "sell", "timestamp": 1766188151302}, {"id": "709249024", "price": 1.9053, "amount": 6.3, "side": "sell", "timestamp": 1766188151677}, {"id": "709249025", "price": 1.9054, "amount": 17.0, "side": "buy", "timestamp": 1766188151999}, {"id": "709249026", "price": 1.9053, "amount": 385.4, "side": "sell", "timestamp": 1766188152286}, {"id": "709249027", "price": 1.9054, "amount": 0.6, "side": "buy", "timestamp": 1766188153053}, {"id": "709249028", "price": 1.9054, "amount": 10.1, "side": "buy", "timestamp": 1766188153993}, {"id": "709249029", "price": 1.9053, "amount": 81.6, "side": "sell", "timestamp": 1766188154065}, {"id": "709249030", "price": 1.9053, "amount": 257.5, "side": "sell", "timestamp": 1766188154261}, {"id": "709249031", "price": 1.9053, "amount": 213.5, "side": "sell", "timestamp": 1766188155431}, {"id": "709249032", "price": 1.9053, "amount": 200.0, "side": "sell", "timestamp": 1766188156052}, {"id": "709249033", "price": 1.9054, "amount": 0.7, "side": "buy", "timestamp": 1766188158390}, {"id": "709249034", "price": 1.9054, "amount": 194.3, "side": "buy", "timestamp": 1766188158654}, {"id": "709249035", "price": 1.9053, "amount": 3.8, "side": "sell", "timestamp": 1766188159751}, {"id": "709249036", "price": 1.9054, "amount": 5460.0, "side": "buy", "timestamp": 1766188159924}, {"id": "709249037", "price": 1.9055, "amount": 3811.9, "side": "buy", "timestamp": 1766188159924}, {"id": "709249038", "price": 1.9056, "amount": 33047.8, "side": "buy", "timestamp": 1766188159924}, {"id": "709249039", "price": 1.9057, "amount": 10567.4, "side": "buy", "timestamp": 1766188159924}, {"id": "709249040", "price": 1.9057, "amount": 12.4, "side": "buy", "timestamp": 1766188160843}, {"id": "709249041", "price": 1.9057, "amount": 122.6, "side": "buy", "timestamp": 1766188162231}, {"id": "709249042", "price": 1.9057, "amount": 3.1, "side": "buy", "timestamp": 1766188166227}, {"id": "709249043", "price": 1.9057, "amount": 8.1, "side": "buy", "timestamp": 1766188167521}, {"id": "709249044", "price": 1.9056, "amount": 199.7, "side": "sell", "timestamp": 1766188167702}, {"id": "709249045", "price": 1.9057, "amount": 10.7, "side": "buy", "timestamp": 1766188167843}, {"id": "709249046", "price": 1.9057, "amount": 3.4, "side": "buy", "timestamp": 1766188168684}, {"id": "709249047", "price": 1.9056, "amount": 42.0, "side": "sell", "timestamp": 1766188169220}, {"id": "709249048", "price": 1.9056, "amount": 3.7, "side": "sell", "timestamp": 1766188173017}, {"id": "709249049", "price": 1.9057, "amount": 1.0, "side": "buy", "timestamp": 1766188173322}, {"id": "709249050", "price": 1.9056, "amount": 3.5, "side": "sell", "timestamp": 1766188175695}, {"id": "709249051", "price": 1.9056, "amount": 2.8, "side": "sell", "timestamp": 1766188175845}, {"id": "709249052", "price": 1.9057, "amount": 1.3, "side": "buy", "timestamp": 1766188176758}, {"id": "709249053", "price": 1.9056, "amount": 5436.5, "side": "sell", "timestamp": 1766188176913}, {"id": "709249054", "price": 1.9056, "amount": 3193.4, "side": "buy", "timestamp": 1766188177048}, {"id": "709249055", "price": 1.9055, "amount": 166.8, "side": "sell", "timestamp": 1766188177217}, {"id": "709249056", "price": 1.9054, "amount": 3.2, "side": "sell", "timestamp": 1766188177863}, {"id": "709249057", "price": 1.9055, "amount": 6.0, "side": "buy", "timestamp": 1766188180064}, {"id": "709249083", "price": 1.9055, "amount": 95.0, "side": "buy", "timestamp": 1766188202941}, {"id": "709249084", "price": 1.9055, "amount": 13.9, "side": "buy", "timestamp": 1766188203084}, {"id": "709249085", "price": 1.9055, "amount": 149.5, "side": "buy", "timestamp": 1766188203189}, {"id": "709249086", "price": 1.9055, "amount": 93.7, "side": "buy", "timestamp": 1766188203296}, {"id": "709249087", "price": 1.9055, "amount": 0.2, "side": "buy", "timestamp": 1766188203648}, {"id": "709249088", "price": 1.9054, "amount": 3.7, "side": "sell", "timestamp": 1766188203718}, {"id": "709249089", "price": 1.9055, "amount": 3.1, "side": "buy", "timestamp": 1766188204454}, {"id": "709249090", "price": 1.9055, "amount": 10.6, "side": "buy", "timestamp": 1766188204559}, {"id": "709249091", "price": 1.9055, "amount": 22.5, "side": "buy", "timestamp": 1766188204669}, {"id": "709249092", "price": 1.9055, "amount": 4.8, "side": "buy", "timestamp": 1766188205080}, {"id": "709249093", "price": 1.9055, "amount": 3.5, "side": "buy", "timestamp": 1766188205492}, {"id": "709249094", "price": 1.9055, "amount": 10.8, "side": "buy", "timestamp": 1766188205664}, {"id": "709249095", "price": 1.9055, "amount": 13.4, "side": "buy", "timestamp": 1766188205867}, {"id": "709249096", "price": 1.9055, "amount": 26.8, "side": "buy", "timestamp": 1766188206448}, {"id": "709249097", "price": 1.9055, "amount": 5.0, "side": "buy", "timestamp": 1766188206557}, {"id": "709249098", "price": 1.9055, "amount": 39.3, "side": "buy", "timestamp": 1766188207927}, {"id": "709249099", "price": 1.9055, "amount": 35.1, "side": "buy", "timestamp": 1766188208094}, {"id": "709249100", "price": 1.9054, "amount": 9702.9, "side": "sell", "timestamp": 1766188209066}, {"id": "709249101", "price": 1.9054, "amount": 256.3, "side": "buy", "timestamp": 1766188209101}, {"id": "709249102", "price": 1.9053, "amount": 1195.6, "side": "sell", "timestamp": 1766188209119}, {"id": "709249103", "price": 1.9053, "amount": 14.3, "side": "buy", "timestamp": 1766188211918}, {"id": "709249104", "price": 1.9053, "amount": 155.4, "side": "buy", "timestamp": 1766188212757}, {"id": "709249105", "price": 1.9053, "amount": 26.2, "side": "buy", "timestamp": 1766188212989}, {"id": "709249106", "price": 1.9053, "amount": 3.1, "side": "buy", "timestamp": 1766188213769}, {"id": "709249107", "price": 1.9052, "amount": 1043.9, "side": "sell", "timestamp": 1766188213960}, {"id": "709249108", "price": 1.9053, "amount": 5.4, "side": "buy", "timestamp": 1766188214292}, {"id": "709249109", "price": 1.9053, "amount": 38.2, "side": "buy", "timestamp": 1766188214712}, {"id": "709249110", "price": 1.9052, "amount": 1086.2, "side": "sell", "timestamp": 1766188214727}, {"id": "709249111", "price": 1.9053, "amount": 2.1, "side": "buy", "timestamp": 1766188214898}, {"id": "709249112", "price": 1.9052, "amount": 3.7, "side": "sell", "timestamp": 1766188217054}, {"id": "709249113", "price": 1.9053, "amount": 104.8, "side": "buy", "timestamp": 1766188217623}, {"id": "709249114", "price": 1.9052, "amount": 6.8, "side": "sell", "timestamp": 1766188219027}, {"id": "709249115", "price": 1.9052, "amount": 5000.0, "side": "sell", "timestamp": 1766188219392}, {"id": "709249116", "price": 1.9053, "amount": 489.2, "side": "buy", "timestamp": 1766188219563}, {"id": "709249117", "price": 1.9052, "amount": 3630.5, "side": "sell", "timestamp": 1766188220531}, {"id": "709249118", "price": 1.9052, "amount": 155.3, "side": "buy", "timestamp": 1766188220588}, {"id": "709249119", "price": 1.9051, "amount": 5437.4, "side": "sell", "timestamp": 1766188220629}, {"id": "709249120", "price": 1.905, "amount": 284.3, "side": "sell", "timestamp": 1766188220659}, {"id": "709249121", "price": 1.905, "amount": 343.2, "side": "buy", "timestamp": 1766188220710}, {"id": "709249122", "price": 1.905, "amount": 310.8, "side": "buy", "timestamp": 1766188222161}, {"id": "709249123", "price": 1.905, "amount": 6.2, "side": "buy", "timestamp": 1766188223678}, {"id": "709249124", "price": 1.9049, "amount": 4.1, "side": "sell", "timestamp": 1766188223695}, {"id": "709249125", "price": 1.9049, "amount": 2.8, "side": "sell", "timestamp": 1766188225834}, {"id": "709249126", "price": 1.905, "amount": 5.4, "side": "buy", "timestamp": 1766188225953}, {"id": "709249127", "price": 1.905, "amount": 4.6, "side": "buy", "timestamp": 1766188226768}, {"id": "709249128", "price": 1.9049, "amount": 2.9, "side": "sell", "timestamp": 1766188228884}, {"id": "709249129", "price": 1.905, "amount": 6421.6, "side": "buy", "timestamp": 1766188229088}, {"id": "709249130", "price": 1.9051, "amount": 6.3, "side": "buy", "timestamp": 1766188230271}, {"id": "709249131", "price": 1.905, "amount": 3.7, "side": "sell", "timestamp": 1766188230936}, {"id": "709249132", "price": 1.9051, "amount": 9.3, "side": "buy", "timestamp": 1766188231587}, {"id": "709249172", "price": 1.9054, "amount": 4.0, "side": "sell", "timestamp": 1766188261658}, {"id": "709249173", "price": 1.9054, "amount": 4.0, "side": "sell", "timestamp": 1766188261782}, {"id": "709249174", "price": 1.9055, "amount": 8.3, "side": "buy", "timestamp": 1766188261842}, {"id": "709249175", "price": 1.9054, "amount": 6.9, "side": "sell", "timestamp": 1766188261982}, {"id": "709249176", "price": 1.9054, "amount": 7.5, "side": "sell", "timestamp": 1766188262700}, {"id": "709249177", "price": 1.9054, "amount": 1052.2, "side": "sell", "timestamp": 1766188262813}, {"id": "709249178", "price": 1.9054, "amount": 42.3, "side": "sell", "timestamp": 1766188263205}, {"id": "709249179", "price": 1.9054, "amount": 32.7, "side": "sell", "timestamp": 1766188263699}, {"id": "709249180", "price": 1.9054, "amount": 3.9, "side": "sell", "timestamp": 1766188264904}, {"id": "709249181", "price": 1.9054, "amount": 26.2, "side": "sell", "timestamp": 1766188265272}, {"id": "709249182", "price": 1.9055, "amount": 8.4, "side": "buy", "timestamp": 1766188265735}, {"id": "709249183", "price": 1.9055, "amount": 15.6, "side": "buy", "timestamp": 1766188266707}, {"id": "709249184", "price": 1.9055, "amount": 92.8, "side": "buy", "timestamp": 1766188267151}, {"id": "709249185", "price": 1.9055, "amount": 2.3, "side": "buy", "timestamp": 1766188267439}, {"id": "709249186", "price": 1.9055, "amount": 9.0, "side": "buy", "timestamp": 1766188269929}, {"id": "709249187", "price": 1.9055, "amount": 16.1, "side": "buy", "timestamp": 1766188272302}, {"id": "709249188", "price": 1.9055, "amount": 255.3, "side": "buy", "timestamp": 1766188272413}, {"id": "709249189", "price": 1.9055, "amount": 61.2, "side": "buy", "timestamp": 1766188272592}, {"id": "709249190", "price": 1.9055, "amount": 7.3, "side": "buy", "timestamp": 1766188273259}, {"id": "709249191", "price": 1.9055, "amount": 2.2, "side": "buy", "timestamp": 1766188273564}, {"id": "709249192", "price": 1.9055, "amount": 20.2, "side": "buy", "timestamp": 1766188276051}, {"id": "709249193", "price": 1.9055, "amount": 13.6, "side": "buy", "timestamp": 1766188276542}, {"id": "709249194", "price": 1.9054, "amount": 3.7, "side": "sell", "timestamp": 1766188276694}, {"id": "709249195", "price": 1.9055, "amount": 7247.9, "side": "buy", "timestamp": 1766188276696}, {"id": "709249196", "price": 1.9056, "amount": 687.1, "side": "buy", "timestamp": 1766188276702}, {"id": "709249197", "price": 1.9056, "amount": 517.2, "side": "sell", "timestamp": 1766188276875}, {"id": "709249198", "price": 1.9056, "amount": 104.9, "side": "sell", "timestamp": 1766188276997}, {"id": "709249199", "price": 1.9056, "amount": 209.9, "side": "sell", "timestamp": 1766188277258}, {"id": "709249200", "price": 1.9057, "amount": 6218.6, "side": "buy", "timestamp": 1766188278004}, {"id": "709249201", "price": 1.9058, "amount": 3260.1, "side": "buy", "timestamp": 1766188278014}, {"id": "709249202", "price": 1.9059, "amount": 11119.9, "side": "buy", "timestamp": 1766188278017}, {"id": "709249203", "price": 1.906, "amount": 5132.1, "side": "buy", "timestamp": 1766188278043}, {"id": "709249204", "price": 1.9061, "amount": 5957.1, "side": "buy", "timestamp": 1766188278049}, {"id": "709249205", "price": 1.9062, "amount": 2136.8, "side": "buy", "timestamp": 1766188278109}, {"id": "709249206", "price": 1.9063, "amount": 3.2, "side": "buy", "timestamp": 1766188278768}, {"id": "709249207", "price": 1.9063, "amount": 0.8, "side": "buy", "timestamp": 1766188278884}, {"id": "709249208", "price": 1.9062, "amount": 42.0, "side": "sell", "timestamp": 1766188278918}, {"id": "709249209", "price": 1.9062, "amount": 42.0, "side": "sell", "timestamp": 1766188279119}, {"id": "709249210", "price": 1.9062, "amount": 146.9, "side": "sell", "timestamp": 1766188279220}, {"id": "709249211", "price": 1.9062, "amount": 5395.0, "side": "sell", "timestamp": 1766188279430}, {"id": "709249212", "price": 1.9063, "amount": 7.4, "side": "buy", "timestamp": 1766188279784}, {"id": "709249213", "price": 1.9062, "amount": 2930.9, "side": "sell", "timestamp": 1766188280507}, {"id": "709249214", "price": 1.9061, "amount": 10.5, "side": "sell", "timestamp": 1766188281710}, {"id": "709249215", "price": 1.9062, "amount": 9.3, "side": "buy", "timestamp": 1766188282608}, {"id": "709249216", "price": 1.9061, "amount": 104.9, "side": "sell", "timestamp": 1766188282906}, {"id": "709249217", "price": 1.9061, "amount": 256.4, "side": "sell", "timestamp": 1766188283364}, {"id": "709249218", "price": 1.9061, "amount": 143.4, "side": "sell", "timestamp": 1766188283685}, {"id": "709249219", "price": 1.9062, "amount": 5.2, "side": "buy", "timestamp": 1766188284500}, {"id": "709249220", "price": 1.9062, "amount": 3.3, "side": "buy", "timestamp": 1766188286087}, {"id": "709249221", "price": 1.9062, "amount": 16.5, "side": "buy", "timestamp": 1766188286277}, {"id": "709249268", "price": 1.9068, "amount": 9.4, "side": "buy", "timestamp": 1766188308112}, {"id": "709249269", "price": 1.9068, "amount": 3.9, "side": "buy", "timestamp": 1766188308760}, {"id": "709249270", "price": 1.9068, "amount": 4.9, "side": "buy", "timestamp": 1766188309110}, {"id": "709249271", "price": 1.9068, "amount": 52.4, "side": "buy", "timestamp": 1766188310023}, {"id": "709249272", "price": 1.9067, "amount": 3.6, "side": "sell", "timestamp": 1766188310689}, {"id": "709249273", "price": 1.9068, "amount": 472.7, "side": "buy", "timestamp": 1766188310909}, {"id": "709249274", "price": 1.9067, "amount": 3.1, "side": "sell", "timestamp": 1766188312876}, {"id": "709249275", "price": 1.9068, "amount": 101.7, "side": "buy", "timestamp": 1766188313168}, {"id": "709249276", "price": 1.9068, "amount": 203.2, "side": "buy", "timestamp": 1766188314270}, {"id": "709249277", "price": 1.9067, "amount": 3.2, "side": "sell", "timestamp": 1766188314746}, {"id": "709249278", "price": 1.9068, "amount": 121.1, "side": "buy", "timestamp": 1766188314883}, {"id": "709249279", "price": 1.9068, "amount": 3.3, "side": "buy", "timestamp": 1766188315466}, {"id": "709249280", "price": 1.9067, "amount": 3670.1, "side": "sell", "timestamp": 1766188315561}, {"id": "709249281", "price": 1.9067, "amount": 500.0, "side": "sell", "timestamp": 1766188317769}, {"id": "709249282", "price": 1.9067, "amount": 104.9, "side": "sell", "timestamp": 1766188318268}, {"id": "709249283", "price": 1.9068, "amount": 44.1, "side": "buy", "timestamp": 1766188318359}, {"id": "709249284", "price": 1.9067, "amount": 3.7, "side": "sell", "timestamp": 1766188318731}, {"id": "709249285", "price": 1.9067, "amount": 7.6, "side": "sell", "timestamp": 1766188319088}, {"id": "709249286", "price": 1.9067, "amount": 30.0, "side": "sell", "timestamp": 1766188319221}, {"id": "709249287", "price": 1.9068, "amount": 4.0, "side": "buy", "timestamp": 1766188320280}, {"id": "709249288", "price": 1.9068, "amount": 479.0, "side": "buy", "timestamp": 1766188320641}, {"id": "709249289", "price": 1.9068, "amount": 1700.1, "side": "buy", "timestamp": 1766188321570}, {"id": "709249290", "price": 1.9067, "amount": 13.0, "side": "sell", "timestamp": 1766188322169}, {"id": "709249291", "price": 1.9068, "amount": 201.7, "side": "buy", "timestamp": 1766188322773}, {"id": "709249292", "price": 1.9067, "amount": 4.7, "side": "sell", "timestamp": 1766188322855}, {"id": "709249293", "price": 1.9067, "amount": 2.9, "side": "sell", "timestamp": 1766188323275}, {"id": "709249294", "price": 1.9067, "amount": 209.9, "side": "sell", "timestamp": 1766188323627}, {"id": "709249295", "price": 1.9068, "amount": 0.6, "side": "buy", "timestamp": 1766188324154}, {"id": "709249296", "price": 1.9068, "amount": 341.5, "side": "buy", "timestamp": 1766188324540}, {"id": "709249297", "price": 1.9068, "amount": 27.5, "side": "buy", "timestamp": 1766188324681}, {"id": "709249298", "price": 1.9068, "amount": 12.3, "side": "buy", "timestamp": 1766188324880}, {"id": "709249299", "price": 1.9067, "amount": 11.3, "side": "sell", "timestamp": 1766188324888}, {"id": "709249300", "price": 1.9068, "amount": 18.0, "side": "buy", "timestamp": 1766188324996}, {"id": "709249301", "price": 1.9067, "amount": 3.7, "side": "sell", "timestamp": 1766188325039}, {"id": "709249302", "price": 1.9068, "amount": 7.9, "side": "buy", "timestamp": 1766188325442}, {"id": "709249303", "price": 1.9068, "amount": 54.8, "side": "buy", "timestamp": 1766188325847}, {"id": "709249304", "price": 1.9067, "amount": 13.0, "side": "sell", "timestamp": 1766188327820}, {"id": "709249305", "price": 1.9068, "amount": 145.4, "side": "buy", "timestamp": 1766188328273}, {"id": "709249306", "price": 1.9067, "amount": 5.2, "side": "sell", "timestamp": 1766188328976}, {"id": "709249307", "price": 1.9068, "amount": 10.5, "side": "buy", "timestamp": 1766188330681}, {"id": "709249308", "price": 1.9067, "amount": 13.0, "side": "sell", "timestamp": 1766188331062}, {"id": "709249309", "price": 1.9067, "amount": 6.3, "side": "sell", "timestamp": 1766188331674}, {"id": "709249310", "price": 1.9068, "amount": 104.8, "side": "buy", "timestamp": 1766188331949}, {"id": "709249311", "price": 1.9067, "amount": 262.7, "side": "sell", "timestamp": 1766188333848}, {"id": "709249312", "price": 1.9067, "amount": 209.9, "side": "sell", "timestamp": 1766188334148}, {"id": "709249313", "price": 1.9068, "amount": 8.2, "side": "buy", "timestamp": 1766188334350}, {"id": "709249314", "price": 1.9067, "amount": 88.6, "side": "sell", "timestamp": 1766188334582}, {"id": "709249315", "price": 1.9068, "amount": 614.6, "side": "buy", "timestamp": 1766188336473}, {"id": "709249316", "price": 1.9067, "amount": 13.0, "side": "sell", "timestamp": 1766188337442}, {"id": "709249317", "price": 1.9067, "amount": 3.6, "side": "sell", "timestamp": 1766188338039}, {"id": "709249363", "price": 1.9062, "amount": 10.0, "side": "sell", "timestamp": 1766188367670}, {"id": "709249364", "price": 1.9062, "amount": 7.5, "side": "sell", "timestamp": 1766188368030}, {"id": "709249365", "price": 1.9063, "amount": 4.3, "side": "buy", "timestamp": 1766188368369}, {"id": "709249366", "price": 1.9062, "amount": 7.8, "side": "sell", "timestamp": 1766188368504}, {"id": "709249367", "price": 1.9062, "amount": 143.1, "side": "sell", "timestamp": 1766188368790}, {"id": "709249368", "price": 1.9063, "amount": 82.5, "side": "buy", "timestamp": 1766188369582}, {"id": "709249369", "price": 1.9062, "amount": 245.4, "side": "sell", "timestamp": 1766188369936}, {"id": "709249370", "price": 1.9063, "amount": 0.7, "side": "buy", "timestamp": 1766188370740}, {"id": "709249371", "price": 1.9062, "amount": 104.9, "side": "sell", "timestamp": 1766188371196}, {"id": "709249372", "price": 1.9062, "amount": 205.6, "side": "sell", "timestamp": 1766188373498}, {"id": "709249373", "price": 1.9062, "amount": 5.2, "side": "sell", "timestamp": 1766188374706}, {"id": "709249374", "price": 1.9062, "amount": 3.5, "side": "sell", "timestamp": 1766188375729}, {"id": "709249375", "price": 1.9063, "amount": 67.2, "side": "buy", "timestamp": 1766188376078}, {"id": "709249376", "price": 1.9062, "amount": 217.7, "side": "sell", "timestamp": 1766188376377}, {"id": "709249377", "price": 1.9062, "amount": 353.4, "side": "sell", "timestamp": 1766188376798}, {"id": "709249378", "price": 1.9062, "amount": 31.4, "side": "sell", "timestamp": 1766188376916}, {"id": "709249379", "price": 1.9062, "amount": 10.8, "side": "sell", "timestamp": 1766188377034}, {"id": "709249380", "price": 1.9062, "amount": 116.2, "side": "sell", "timestamp": 1766188378358}, {"id": "709249381", "price": 1.9063, "amount": 8.9, "side": "buy", "timestamp": 1766188378573}, {"id": "709249382", "price": 1.9062, "amount": 5.1, "side": "sell", "timestamp": 1766188378852}, {"id": "709249383", "price": 1.9062, "amount": 121.1, "side": "sell", "timestamp": 1766188379613}, {"id": "709249384", "price": 1.9062, "amount": 5.4, "side": "sell", "timestamp": 1766188379818}, {"id": "709249385", "price": 1.9062, "amount": 6947.8, "side": "sell", "timestamp": 1766188379978}, {"id": "709249386", "price": 1.9062, "amount": 4.3, "side": "buy", "timestamp": 1766188379981}, {"id": "709249387", "price": 1.9061, "amount": 115.6, "side": "sell", "timestamp": 1766188379984}, {"id": "709249388", "price": 1.9061, "amount": 8.3, "side": "buy", "timestamp": 1766188380488}, {"id": "709249389", "price": 1.9061, "amount": 18.5, "side": "buy", "timestamp": 1766188380894}, {"id": "709249390", "price": 1.9061, "amount": 420.1, "side": "buy", "timestamp": 1766188381535}, {"id": "709249391", "price": 1.906, "amount": 104.9, "side": "sell", "timestamp": 1766188381695}, {"id": "709249392", "price": 1.9061, "amount": 7.8, "side": "buy", "timestamp": 1766188381715}, {"id": "709249393", "price": 1.906, "amount": 20.5, "side": "sell", "timestamp": 1766188381869}, {"id": "709249394", "price": 1.906, "amount": 3.6, "side": "sell", "timestamp": 1766188382444}, {"id": "709249395", "price": 1.9061, "amount": 3.7, "side": "buy", "timestamp": 1766188383374}, {"id": "709249396", "price": 1.906, "amount": 5.2, "side": "sell", "timestamp": 1766188383865}, {"id": "709249397", "price": 1.9061, "amount": 12.6, "side": "buy", "timestamp": 1766188384557}, {"id": "709249398", "price": 1.9061, "amount": 8.7, "side": "buy", "timestamp": 1766188384803}, {"id": "709249399", "price": 1.9061, "amount": 3.8, "side": "buy", "timestamp": 1766188385422}, {"id": "709249400", "price": 1.906, "amount": 145.4, "side": "sell", "timestamp": 1766188385480}, {"id": "709249401", "price": 1.9061, "amount": 16.9, "side": "buy", "timestamp": 1766188385680}, {"id": "709249402", "price": 1.9061, "amount": 21.2, "side": "buy", "timestamp": 1766188385791}, {"id": "709249403", "price": 1.9061, "amount": 8.5, "side": "buy", "timestamp": 1766188385903}, {"id": "709249404", "price": 1.906, "amount": 209.9, "side": "sell", "timestamp": 1766188386952}, {"id": "709249405", "price": 1.9061, "amount": 5.9, "side": "buy", "timestamp": 1766188388430}, {"id": "709249406", "price": 1.9061, "amount": 4.7, "side": "buy", "timestamp": 1766188388674}, {"id": "709249407", "price": 1.906, "amount": 4.5, "side": "sell", "timestamp": 1766188388676}, {"id": "709249408", "price": 1.9061, "amount": 5.0, "side": "buy", "timestamp": 1766188388728}, {"id": "709249409", "price": 1.9061, "amount": 1.6, "side": "buy", "timestamp": 1766188388902}, {"id": "709249410", "price": 1.9061, "amount": 329.1, "side": "buy", "timestamp": 1766188389912}, {"id": "709249411", "price": 1.9061, "amount": 8.6, "side": "buy", "timestamp": 1766188390287}, {"id": "709249412", "price": 1.9061, "amount": 18.2, "side": "buy", "timestamp": 1766188390542}, {"id": "709249430", "price": 1.906, "amount": 6.3, "side": "sell", "timestamp": 1766188403664}, {"id": "709249431", "price": 1.9061, "amount": 35.5, "side": "buy", "timestamp": 1766188403951}, {"id": "709249432", "price": 1.9061, "amount": 1317.4, "side": "buy", "timestamp": 1766188404387}, {"id": "709249433", "price": 1.9061, "amount": 10805.0, "side": "buy", "timestamp": 1766188406105}, {"id": "709249434", "price": 1.9062, "amount": 965.4, "side": "buy", "timestamp": 1766188406199}, {"id": "709249435", "price": 1.9063, "amount": 147.8, "side": "buy", "timestamp": 1766188406201}, {"id": "709249436", "price": 1.9063, "amount": 42.4, "side": "buy", "timestamp": 1766188408416}, {"id": "709249437", "price": 1.9063, "amount": 12.4, "side": "buy", "timestamp": 1766188409062}, {"id": "709249438", "price": 1.9063, "amount": 11913.1, "side": "buy", "timestamp": 1766188410153}, {"id": "709249439", "price": 1.9064, "amount": 31.3, "side": "buy", "timestamp": 1766188410563}, {"id": "709249440", "price": 1.9063, "amount": 3.6, "side": "sell", "timestamp": 1766188410716}, {"id": "709249441", "price": 1.9063, "amount": 71.8, "side": "sell", "timestamp": 1766188414799}, {"id": "709249442", "price": 1.9063, "amount": 146.1, "side": "sell", "timestamp": 1766188415061}, {"id": "709249443", "price": 1.9064, "amount": 1.5, "side": "buy", "timestamp": 1766188415374}, {"id": "709249444", "price": 1.9064, "amount": 2.8, "side": "buy", "timestamp": 1766188417945}, {"id": "709249445", "price": 1.9064, "amount": 2.8, "side": "buy", "timestamp": 1766188418509}, {"id": "709249446", "price": 1.9064, "amount": 43.2, "side": "buy", "timestamp": 1766188419885}, {"id": "709249447", "price": 1.9064, "amount": 5.7, "side": "buy", "timestamp": 1766188422003}, {"id": "709249448", "price": 1.9064, "amount": 3.5, "side": "buy", "timestamp": 1766188423027}, {"id": "709249449", "price": 1.9063, "amount": 2.7, "side": "sell", "timestamp": 1766188423108}, {"id": "709249450", "price": 1.9064, "amount": 3.1, "side": "buy", "timestamp": 1766188424979}, {"id": "709249451", "price": 1.9063, "amount": 2.8, "side": "sell", "timestamp": 1766188425840}, {"id": "709249452", "price": 1.9064, "amount": 4.2, "side": "buy", "timestamp": 1766188427474}, {"id": "709249453", "price": 1.9063, "amount": 3.0, "side": "sell", "timestamp": 1766188427841}, {"id": "709249454", "price": 1.9064, "amount": 6701.4, "side": "buy", "timestamp": 1766188428410}, {"id": "709249455", "price": 1.9065, "amount": 1289.0, "side": "buy", "timestamp": 1766188428422}, {"id": "709249456", "price": 1.9066, "amount": 1784.3, "side": "buy", "timestamp": 1766188428425}, {"id": "709249457", "price": 1.9066, "amount": 3.6, "side": "sell", "timestamp": 1766188428776}, {"id": "709249458", "price": 1.9066, "amount": 1000.0, "side": "sell", "timestamp": 1766188429191}, {"id": "709249459", "price": 1.9067, "amount": 4.9, "side": "buy", "timestamp": 1766188430550}, {"id": "709249460", "price": 1.9067, "amount": 52.4, "side": "buy", "timestamp": 1766188430717}, {"id": "709249461", "price": 1.9067, "amount": 21.0, "side": "buy", "timestamp": 1766188433519}, {"id": "709249462", "price": 1.9067, "amount": 359.2, "side": "buy", "timestamp": 1766188434329}, {"id": "709249463", "price": 1.9067, "amount": 9.7, "side": "buy", "timestamp": 1766188434552}, {"id": "709249464", "price": 1.9067, "amount": 2398.3, "side": "buy", "timestamp": 1766188436186}, {"id": "709249465", "price": 1.9068, "amount": 1066.8, "side": "buy", "timestamp": 1766188436512}, {"id": "709249466", "price": 1.9069, "amount": 2.4, "side": "buy", "timestamp": 1766188436545}, {"id": "709249467", "price": 1.9068, "amount": 646.8, "side": "sell", "timestamp": 1766188436962}, {"id": "709249468", "price": 1.9069, "amount": 137.8, "side": "buy", "timestamp": 1766188438373}, {"id": "709249469", "price": 1.9069, "amount": 29.1, "side": "buy", "timestamp": 1766188438864}, {"id": "709249470", "price": 1.9068, "amount": 5422.4, "side": "sell", "timestamp": 1766188439431}, {"id": "709249471", "price": 1.9067, "amount": 6.3, "side": "sell", "timestamp": 1766188439670}, {"id": "709249472", "price": 1.9068, "amount": 10.8, "side": "buy", "timestamp": 1766188442072}, {"id": "709249473", "price": 1.9067, "amount": 3.7, "side": "sell", "timestamp": 1766188442457}, {"id": "709249474", "price": 1.9068, "amount": 336.0, "side": "buy", "timestamp": 1766188443231}, {"id": "709249475", "price": 1.9067, "amount": 3447.3, "side": "sell", "timestamp": 1766188443554}, {"id": "709249476", "price": 1.9067, "amount": 3.5, "side": "buy", "timestamp": 1766188443958}, {"id": "709249477", "price": 1.9067, "amount": 20.2, "side": "buy", "timestamp": 1766188444572}, {"id": "709249478", "price": 1.9067, "amount": 3.6, "side": "buy", "timestamp": 1766188444683}, {"id": "709249479", "price": 1.9067, "amount": 7.5, "side": "buy", "timestamp": 1766188444879}, {"id": "709249508", "price": 1.9061, "amount": 3.7, "side": "sell", "timestamp": 1766188468837}, {"id": "709249509", "price": 1.9062, "amount": 2.5, "side": "buy", "timestamp": 1766188469443}, {"id": "709249510", "price": 1.9062, "amount": 2.8, "side": "buy", "timestamp": 1766188469924}, {"id": "709249511", "price": 1.9061, "amount": 3.1, "side": "sell", "timestamp": 1766188471734}, {"id": "709249512", "price": 1.9062, "amount": 4.4, "side": "buy", "timestamp": 1766188472504}, {"id": "709249513", "price": 1.9061, "amount": 3.1, "side": "sell", "timestamp": 1766188472690}, {"id": "709249514", "price": 1.9062, "amount": 2.8, "side": "buy", "timestamp": 1766188473499}, {"id": "709249515", "price": 1.9061, "amount": 6.4, "side": "sell", "timestamp": 1766188473893}, {"id": "709249516", "price": 1.9062, "amount": 4.3, "side": "buy", "timestamp": 1766188474100}, {"id": "709249517", "price": 1.9062, "amount": 11.8, "side": "buy", "timestamp": 1766188474372}, {"id": "709249518", "price": 1.9061, "amount": 1282.9, "side": "sell", "timestamp": 1766188474478}, {"id": "709249519", "price": 1.906, "amount": 52.4, "side": "sell", "timestamp": 1766188475283}, {"id": "709249520", "price": 1.906, "amount": 6.3, "side": "sell", "timestamp": 1766188475685}, {"id": "709249521", "price": 1.9061, "amount": 1.4, "side": "buy", "timestamp": 1766188476506}, {"id": "709249522", "price": 1.9061, "amount": 3.5, "side": "buy", "timestamp": 1766188477253}, {"id": "709249523", "price": 1.9061, "amount": 2.6, "side": "buy", "timestamp": 1766188477978}, {"id": "709249524", "price": 1.9061, "amount": 5.2, "side": "buy", "timestamp": 1766188478143}, {"id": "709249525", "price": 1.9061, "amount": 4.3, "side": "buy", "timestamp": 1766188478816}, {"id": "709249526", "price": 1.906, "amount": 3.6, "side": "sell", "timestamp": 1766188478894}, {"id": "709249527", "price": 1.906, "amount": 104.4, "side": "sell", "timestamp": 1766188479192}, {"id": "709249528", "price": 1.9061, "amount": 4.7, "side": "buy", "timestamp": 1766188480301}, {"id": "709249529", "price": 1.9061, "amount": 19.4, "side": "buy", "timestamp": 1766188480638}, {"id": "709249530", "price": 1.9061, "amount": 7.5, "side": "buy", "timestamp": 1766188480994}, {"id": "709249531", "price": 1.9061, "amount": 5.3, "side": "buy", "timestamp": 1766188481541}, {"id": "709249532", "price": 1.906, "amount": 295.2, "side": "sell", "timestamp": 1766188483027}, {"id": "709249533", "price": 1.906, "amount": 2.7, "side": "sell", "timestamp": 1766188484848}, {"id": "709249534", "price": 1.9061, "amount": 4.3, "side": "buy", "timestamp": 1766188485402}, {"id": "709249535", "price": 1.906, "amount": 2.8, "side": "sell", "timestamp": 1766188485899}, {"id": "709249536", "price": 1.906, "amount": 4.3, "side": "sell", "timestamp": 1766188486094}, {"id": "709249537", "price": 1.906, "amount": 78.6, "side": "sell", "timestamp": 1766188487128}, {"id": "709249538", "price": 1.9061, "amount": 13.2, "side": "buy", "timestamp": 1766188487688}, {"id": "709249539", "price": 1.9061, "amount": 9.1, "side": "buy", "timestamp": 1766188488192}, {"id": "709249540", "price": 1.906, "amount": 1362.0, "side": "sell", "timestamp": 1766188488404}, {"id": "709249541", "price": 1.906, "amount": 3.7, "side": "sell", "timestamp": 1766188488557}, {"id": "709249542", "price": 1.906, "amount": 3.6, "side": "sell", "timestamp": 1766188488826}, {"id": "709249543", "price": 1.9061, "amount": 37.0, "side": "buy", "timestamp": 1766188489220}, {"id": "709249544", "price": 1.9061, "amount": 4.9, "side": "buy", "timestamp": 1766188491723}, {"id": "709249545", "price": 1.906, "amount": 1059.2, "side": "sell", "timestamp": 1766188492074}, {"id": "709249546", "price": 1.9061, "amount": 6033.0, "side": "buy", "timestamp": 1766188492210}, {"id": "709249547", "price": 1.9062, "amount": 12815.9, "side": "buy", "timestamp": 1766188492210}, {"id": "709249548", "price": 1.9063, "amount": 1.1, "side": "buy", "timestamp": 1766188492218}, {"id": "709249549", "price": 1.9063, "amount": 26.4, "side": "buy", "timestamp": 1766188493465}, {"id": "709249550", "price": 1.9063, "amount": 5536.8, "side": "buy", "timestamp": 1766188494901}, {"id": "709249551", "price": 1.9064, "amount": 5463.0, "side": "buy", "timestamp": 1766188494902}, {"id": "709249552", "price": 1.9065, "amount": 24.8, "side": "buy", "timestamp": 1766188495866}, {"id": "709249553", "price": 1.9065, "amount": 6995.2, "side": "buy", "timestamp": 1766188496188}, {"id": "709249554", "price": 1.9066, "amount": 95.1, "side": "buy", "timestamp": 1766188496251}, {"id": "709249555", "price": 1.9067, "amount": 10220.5, "side": "buy", "timestamp": 1766188496821}, {"id": "709249556", "price": 1.9067, "amount": 46.2, "side": "sell", "timestamp": 1766188496872}, {"id": "709249557", "price": 1.9067, "amount": 8.1, "side": "sell", "timestamp": 1766188497545}, {"id": "709249586", "price": 1.907, "amount": 41.1, "side": "buy", "timestamp": 1766188519224}, {"id": "709249587", "price": 1.907, "amount": 4.0, "side": "buy", "timestamp": 1766188519416}, {"id": "709249588", "price": 1.907, "amount": 950.7, "side": "buy", "timestamp": 1766188519526}, {"id": "709249589", "price": 1.907, "amount": 53.1, "side": "buy", "timestamp": 1766188519839}, {"id": "709249590", "price": 1.9069, "amount": 720.0, "side": "sell", "timestamp": 1766188520131}, {"id": "709249591", "price": 1.907, "amount": 5.1, "side": "buy", "timestamp": 1766188520448}, {"id": "709249592", "price": 1.9069, "amount": 83.9, "side": "sell", "timestamp": 1766188521939}, {"id": "709249593", "price": 1.907, "amount": 7.5, "side": "buy", "timestamp": 1766188522324}, {"id": "709249594", "price": 1.907, "amount": 2.2, "side": "buy", "timestamp": 1766188522782}, {"id": "709249595", "price": 1.9069, "amount": 10.0, "side": "sell", "timestamp": 1766188522967}, {"id": "709249596", "price": 1.907, "amount": 533.6, "side": "buy", "timestamp": 1766188523211}, {"id": "709249597", "price": 1.9069, "amount": 75.2, "side": "sell", "timestamp": 1766188524276}, {"id": "709249598", "price": 1.907, "amount": 4.3, "side": "buy", "timestamp": 1766188524305}, {"id": "709249599", "price": 1.907, "amount": 2.7, "side": "buy", "timestamp": 1766188524441}, {"id": "709249600", "price": 1.9069, "amount": 54.1, "side": "sell", "timestamp": 1766188524525}, {"id": "709249601", "price": 1.9069, "amount": 9.4, "side": "sell", "timestamp": 1766188524937}, {"id": "709249602", "price": 1.9069, "amount": 562.1, "side": "sell", "timestamp": 1766188525928}, {"id": "709249603", "price": 1.907, "amount": 9.3, "side": "buy", "timestamp": 1766188526889}, {"id": "709249604", "price": 1.907, "amount": 38.5, "side": "buy", "timestamp": 1766188528138}, {"id": "709249605", "price": 1.907, "amount": 7.8, "side": "buy", "timestamp": 1766188528274}, {"id": "709249606", "price": 1.907, "amount": 57.5, "side": "buy", "timestamp": 1766188528549}, {"id": "709249607", "price": 1.907, "amount": 30.3, "side": "buy", "timestamp": 1766188528886}, {"id": "709249608", "price": 1.9069, "amount": 2249.7, "side": "sell", "timestamp": 1766188530374}, {"id": "709249609", "price": 1.9069, "amount": 104.8, "side": "sell", "timestamp": 1766188530575}, {"id": "709249610", "price": 1.907, "amount": 13.9, "side": "buy", "timestamp": 1766188530962}, {"id": "709249611", "price": 1.907, "amount": 68.6, "side": "buy", "timestamp": 1766188532297}, {"id": "709249612", "price": 1.907, "amount": 26461.6, "side": "buy", "timestamp": 1766188533825}, {"id": "709249613", "price": 1.9071, "amount": 5419.1, "side": "buy", "timestamp": 1766188533825}, {"id": "709249614", "price": 1.9072, "amount": 2.9, "side": "buy", "timestamp": 1766188533839}, {"id": "709249615", "price": 1.9071, "amount": 278.2, "side": "sell", "timestamp": 1766188533972}, {"id": "709249616", "price": 1.9072, "amount": 289.7, "side": "buy", "timestamp": 1766188534036}, {"id": "709249617", "price": 1.9072, "amount": 5.2, "side": "buy", "timestamp": 1766188535038}, {"id": "709249618", "price": 1.9072, "amount": 0.7, "side": "buy", "timestamp": 1766188537563}, {"id": "709249619", "price": 1.9072, "amount": 36.7, "side": "buy", "timestamp": 1766188537842}, {"id": "709249620", "price": 1.9072, "amount": 26.2, "side": "buy", "timestamp": 1766188538260}, {"id": "709249621", "price": 1.9072, "amount": 2.0, "side": "buy", "timestamp": 1766188539074}, {"id": "709249622", "price": 1.9072, "amount": 8.9, "side": "buy", "timestamp": 1766188539437}, {"id": "709249623", "price": 1.9071, "amount": 6.2, "side": "sell", "timestamp": 1766188543521}, {"id": "709249624", "price": 1.9071, "amount": 20285.1, "side": "sell", "timestamp": 1766188545580}, {"id": "709249625", "price": 1.907, "amount": 13.3, "side": "sell", "timestamp": 1766188545896}, {"id": "709249626", "price": 1.907, "amount": 0.6, "side": "sell", "timestamp": 1766188546331}, {"id": "709249627", "price": 1.9071, "amount": 2.4, "side": "buy", "timestamp": 1766188546558}, {"id": "709249628", "price": 1.907, "amount": 6.3, "side": "sell", "timestamp": 1766188547672}, {"id": "709249629", "price": 1.9071, "amount": 45.7, "side": "buy", "timestamp": 1766188548335}, {"id": "709249630", "price": 1.907, "amount": 5.2, "side": "sell", "timestamp": 1766188548770}, {"id": "709249631", "price": 1.907, "amount": 779.2, "side": "sell", "timestamp": 1766188548928}, {"id": "709249632", "price": 1.907, "amount": 6.0, "side": "sell", "timestamp": 1766188549230}, {"id": "709249633", "price": 1.9071, "amount": 5322.4, "side": "buy", "timestamp": 1766188550405}, {"id": "709249634", "price": 1.907, "amount": 2490.6, "side": "sell", "timestamp": 1766188551029}, {"id": "709249635", "price": 1.9071, "amount": 889.6, "side": "buy", "timestamp": 1766188551493}, {"id": "709249677", "price": 1.9073, "amount": 41.9, "side": "sell", "timestamp": 1766188571719}, {"id": "709249678", "price": 1.9074, "amount": 4.5, "side": "buy", "timestamp": 1766188572427}, {"id": "709249679", "price": 1.9074, "amount": 4.8, "side": "buy", "timestamp": 1766188572658}, {"id": "709249680", "price": 1.9074, "amount": 1731.4, "side": "buy", "timestamp": 1766188572933}, {"id": "709249681", "price": 1.9074, "amount": 204.3, "side": "buy", "timestamp": 1766188573072}, {"id": "709249682", "price": 1.9073, "amount": 705.1, "side": "sell", "timestamp": 1766188576078}, {"id": "709249683", "price": 1.9074, "amount": 3.9, "side": "buy", "timestamp": 1766188576083}, {"id": "709249684", "price": 1.9073, "amount": 27.9, "side": "sell", "timestamp": 1766188576769}, {"id": "709249685", "price": 1.9074, "amount": 4.3, "side": "buy", "timestamp": 1766188576784}, {"id": "709249686", "price": 1.9074, "amount": 677.9, "side": "buy", "timestamp": 1766188577542}, {"id": "709249687", "price": 1.9074, "amount": 31.8, "side": "buy", "timestamp": 1766188579141}, {"id": "709249688", "price": 1.9073, "amount": 22.0, "side": "sell", "timestamp": 1766188579239}, {"id": "709249689", "price": 1.9074, "amount": 2.7, "side": "buy", "timestamp": 1766188579504}, {"id": "709249690", "price": 1.9074, "amount": 7.9, "side": "buy", "timestamp": 1766188580525}, {"id": "709249691", "price": 1.9073, "amount": 1401.4, "side": "sell", "timestamp": 1766188582586}, {"id": "709249692", "price": 1.9074, "amount": 6890.0, "side": "buy", "timestamp": 1766188583652}, {"id": "709249693", "price": 1.9073, "amount": 6.3, "side": "sell", "timestamp": 1766188583677}, {"id": "709249694", "price": 1.9074, "amount": 30.0, "side": "buy", "timestamp": 1766188584292}, {"id": "709249695", "price": 1.9073, "amount": 3.4, "side": "sell", "timestamp": 1766188584835}, {"id": "709249696", "price": 1.9074, "amount": 681.1, "side": "buy", "timestamp": 1766188586428}, {"id": "709249697", "price": 1.9074, "amount": 10.0, "side": "buy", "timestamp": 1766188587193}, {"id": "709249698", "price": 1.9073, "amount": 19.3, "side": "sell", "timestamp": 1766188587236}, {"id": "709249699", "price": 1.9074, "amount": 5.7, "side": "buy", "timestamp": 1766188587756}, {"id": "709249700", "price": 1.9074, "amount": 13.3, "side": "buy", "timestamp": 1766188588054}, {"id": "709249701", "price": 1.9074, "amount": 22842.8, "side": "buy", "timestamp": 1766188588988}, {"id": "709249702", "price": 1.9075, "amount": 22524.4, "side": "buy", "timestamp": 1766188588989}, {"id": "709249703", "price": 1.9076, "amount": 43924.0, "side": "buy", "timestamp": 1766188588989}, {"id": "709249704", "price": 1.9077, "amount": 419.0, "side": "buy", "timestamp": 1766188589021}, {"id": "709249705", "price": 1.9077, "amount": 10199.9, "side": "buy", "timestamp": 1766188589126}, {"id": "709249706", "price": 1.9077, "amount": 9.0, "side": "buy", "timestamp": 1766188590568}, {"id": "709249707", "price": 1.9076, "amount": 234.4, "side": "sell", "timestamp": 1766188590631}, {"id": "709249708", "price": 1.9077, "amount": 8.2, "side": "buy", "timestamp": 1766188591498}, {"id": "709249709", "price": 1.9077, "amount": 3211.0, "side": "buy", "timestamp": 1766188593007}, {"id": "709249710", "price": 1.9077, "amount": 2380.2, "side": "buy", "timestamp": 1766188595006}, {"id": "709249711", "price": 1.9077, "amount": 3.9, "side": "buy", "timestamp": 1766188596204}, {"id": "709249712", "price": 1.9077, "amount": 1676.9, "side": "buy", "timestamp": 1766188596330}, {"id": "709249713", "price": 1.9077, "amount": 10455.9, "side": "buy", "timestamp": 1766188596599}, {"id": "709249714", "price": 1.9078, "amount": 10212.5, "side": "buy", "timestamp": 1766188596599}, {"id": "709249715", "price": 1.9078, "amount": 10452.6, "side": "sell", "timestamp": 1766188596834}, {"id": "709249716", "price": 1.9078, "amount": 1.4, "side": "buy", "timestamp": 1766188598100}, {"id": "709249717", "price": 1.9078, "amount": 1048.3, "side": "buy", "timestamp": 1766188598392}, {"id": "709249718", "price": 1.9078, "amount": 1.8, "side": "buy", "timestamp": 1766188598590}, {"id": "709249719", "price": 1.9077, "amount": 104.8, "side": "sell", "timestamp": 1766188600104}, {"id": "709249720", "price": 1.9078, "amount": 3.1, "side": "buy", "timestamp": 1766188600291}, {"id": "709249721", "price": 1.9077, "amount": 115.2, "side": "sell", "timestamp": 1766188600602}, {"id": "709249722", "price": 1.9078, "amount": 16.7, "side": "buy", "timestamp": 1766188602122}, {"id": "709249723", "price": 1.9078, "amount": 194.8, "side": "buy", "timestamp": 1766188603325}, {"id": "709249724", "price": 1.9077, "amount": 16216.2, "side": "sell", "timestamp": 1766188603484}, {"id": "709249725", "price": 1.9077, "amount": 412.4, "side": "buy", "timestamp": 1766188604026}, {"id": "709249726", "price": 1.9077, "amount": 6.5, "side": "buy", "timestamp": 1766188604357}, {"id": "709249763", "price": 1.9078, "amount": 29.7, "side": "sell", "timestamp": 1766188623769}, {"id": "709249764", "price": 1.9079, "amount": 3.5, "side": "buy", "timestamp": 1766188626279}, {"id": "709249765", "price": 1.9078, "amount": 1935.1, "side": "sell", "timestamp": 1766188626650}, {"id": "709249766", "price": 1.9079, "amount": 10.3, "side": "buy", "timestamp": 1766188626809}, {"id": "709249767", "price": 1.9079, "amount": 338.9, "side": "buy", "timestamp": 1766188627254}, {"id": "709249768", "price": 1.9079, "amount": 19199.1, "side": "buy", "timestamp": 1766188627369}, {"id": "709249769", "price": 1.9079, "amount": 100.0, "side": "buy", "timestamp": 1766188628529}, {"id": "709249770", "price": 1.9078, "amount": 6.7, "side": "sell", "timestamp": 1766188629856}, {"id": "709249771", "price": 1.9079, "amount": 11.4, "side": "buy", "timestamp": 1766188630750}, {"id": "709249772", "price": 1.9078, "amount": 262.0, "side": "sell", "timestamp": 1766188630885}, {"id": "709249773", "price": 1.9079, "amount": 17.2, "side": "buy", "timestamp": 1766188632095}, {"id": "709249774", "price": 1.9078, "amount": 200.0, "side": "sell", "timestamp": 1766188632633}, {"id": "709249775", "price": 1.9079, "amount": 1.2, "side": "buy", "timestamp": 1766188635815}, {"id": "709249776", "price": 1.9078, "amount": 128.6, "side": "sell", "timestamp": 1766188636314}, {"id": "709249777", "price": 1.9079, "amount": 4.8, "side": "buy", "timestamp": 1766188637870}, {"id": "709249778", "price": 1.9079, "amount": 1.0, "side": "buy", "timestamp": 1766188637992}, {"id": "709249779", "price": 1.9079, "amount": 4410.6, "side": "buy", "timestamp": 1766188638565}, {"id": "709249780", "price": 1.9079, "amount": 9069.7, "side": "buy", "timestamp": 1766188639175}, {"id": "709249781", "price": 1.908, "amount": 14479.4, "side": "buy", "timestamp": 1766188639194}, {"id": "709249782", "price": 1.908, "amount": 1972.0, "side": "sell", "timestamp": 1766188639198}, {"id": "709249783", "price": 1.908, "amount": 13.8, "side": "sell", "timestamp": 1766188639641}, {"id": "709249784", "price": 1.9081, "amount": 8.5, "side": "buy", "timestamp": 1766188640380}, {"id": "709249785", "price": 1.9081, "amount": 51.0, "side": "buy", "timestamp": 1766188640670}, {"id": "709249786", "price": 1.9081, "amount": 8.0, "side": "buy", "timestamp": 1766188640844}, {"id": "709249787", "price": 1.908, "amount": 62.8, "side": "sell", "timestamp": 1766188641039}, {"id": "709249788", "price": 1.9081, "amount": 1.0, "side": "buy", "timestamp": 1766188641178}, {"id": "709249789", "price": 1.9081, "amount": 6390.0, "side": "buy", "timestamp": 1766188641636}, {"id": "709249790", "price": 1.9081, "amount": 500.0, "side": "buy", "timestamp": 1766188642012}, {"id": "709249791", "price": 1.9081, "amount": 1595.2, "side": "buy", "timestamp": 1766188642301}, {"id": "709249792", "price": 1.908, "amount": 2.7, "side": "sell", "timestamp": 1766188643595}, {"id": "709249793", "price": 1.9081, "amount": 2.8, "side": "buy", "timestamp": 1766188644317}, {"id": "709249794", "price": 1.908, "amount": 0.5, "side": "sell", "timestamp": 1766188644332}, {"id": "709249795", "price": 1.9081, "amount": 25.9, "side": "buy", "timestamp": 1766188645058}, {"id": "709249796", "price": 1.9081, "amount": 500.0, "side": "buy", "timestamp": 1766188647119}, {"id": "709249797", "price": 1.9081, "amount": 103.1, "side": "buy", "timestamp": 1766188648632}, {"id": "709249798", "price": 1.9081, "amount": 81.1, "side": "buy", "timestamp": 1766188649665}, {"id": "709249799", "price": 1.9081, "amount": 4704.9, "side": "buy", "timestamp": 1766188650028}, {"id": "709249800", "price": 1.908, "amount": 5.7, "side": "sell", "timestamp": 1766188650616}, {"id": "709249801", "price": 1.9081, "amount": 10.8, "side": "buy", "timestamp": 1766188651106}, {"id": "709249802", "price": 1.9081, "amount": 9.1, "side": "buy", "timestamp": 1766188651408}, {"id": "709249803", "price": 1.9081, "amount": 8.9, "side": "buy", "timestamp": 1766188651558}, {"id": "709249804", "price": 1.9081, "amount": 5.0, "side": "buy", "timestamp": 1766188651783}, {"id": "709249805", "price": 1.9081, "amount": 27.8, "side": "buy", "timestamp": 1766188652110}, {"id": "709249806", "price": 1.9081, "amount": 2.4, "side": "buy", "timestamp": 1766188652274}, {"id": "709249807", "price": 1.9081, "amount": 54.7, "side": "buy", "timestamp": 1766188654555}, {"id": "709249808", "price": 1.9081, "amount": 26.2, "side": "buy", "timestamp": 1766188654694}, {"id": "709249809", "price": 1.908, "amount": 3.8, "side": "sell", "timestamp": 1766188654806}, {"id": "709249810", "price": 1.908, "amount": 820.0, "side": "sell", "timestamp": 1766188655388}, {"id": "709249811", "price": 1.908, "amount": 6.3, "side": "sell", "timestamp": 1766188655675}, {"id": "709249812", "price": 1.9081, "amount": 3500.0, "side": "buy", "timestamp": 1766188655884}, {"id": "709249880", "price": 1.9084, "amount": 9.4, "side": "sell", "timestamp": 1766188691251}, {"id": "709249881", "price": 1.9084, "amount": 6.3, "side": "sell", "timestamp": 1766188691667}, {"id": "709249882", "price": 1.9084, "amount": 83.8, "side": "sell", "timestamp": 1766188691819}, {"id": "709249883", "price": 1.9085, "amount": 500.0, "side": "buy", "timestamp": 1766188692170}, {"id": "709249884", "price": 1.9085, "amount": 37.7, "side": "buy", "timestamp": 1766188692614}, {"id": "709249885", "price": 1.9085, "amount": 15.6, "side": "buy", "timestamp": 1766188693175}, {"id": "709249886", "price": 1.9084, "amount": 24.6, "side": "sell", "timestamp": 1766188693492}, {"id": "709249887", "price": 1.9085, "amount": 6.3, "side": "buy", "timestamp": 1766188693712}, {"id": "709249888", "price": 1.9085, "amount": 500.0, "side": "buy", "timestamp": 1766188694240}, {"id": "709249889", "price": 1.9085, "amount": 6.8, "side": "buy", "timestamp": 1766188694756}, {"id": "709249890", "price": 1.9084, "amount": 1715.0, "side": "sell", "timestamp": 1766188694868}, {"id": "709249891", "price": 1.9085, "amount": 3.5, "side": "buy", "timestamp": 1766188695710}, {"id": "709249892", "price": 1.9084, "amount": 518.0, "side": "sell", "timestamp": 1766188696034}, {"id": "709249893", "price": 1.9084, "amount": 707.0, "side": "sell", "timestamp": 1766188696310}, {"id": "709249894", "price": 1.9085, "amount": 6.0, "side": "buy", "timestamp": 1766188696576}, {"id": "709249895", "price": 1.9085, "amount": 5.1, "side": "buy", "timestamp": 1766188696772}, {"id": "709249896", "price": 1.9085, "amount": 75.0, "side": "buy", "timestamp": 1766188697142}, {"id": "709249897", "price": 1.9085, "amount": 3.1, "side": "buy", "timestamp": 1766188697402}, {"id": "709249898", "price": 1.9085, "amount": 11.0, "side": "buy", "timestamp": 1766188699244}, {"id": "709249899", "price": 1.9085, "amount": 10.0, "side": "buy", "timestamp": 1766188700032}, {"id": "709249900", "price": 1.9085, "amount": 763.6, "side": "buy", "timestamp": 1766188700566}, {"id": "709249901", "price": 1.9084, "amount": 83.8, "side": "sell", "timestamp": 1766188700818}, {"id": "709249902", "price": 1.9085, "amount": 3.6, "side": "buy", "timestamp": 1766188700987}, {"id": "709249903", "price": 1.9085, "amount": 9.4, "side": "buy", "timestamp": 1766188702707}, {"id": "709249904", "price": 1.9085, "amount": 4286.7, "side": "buy", "timestamp": 1766188703041}, {"id": "709249905", "price": 1.9085, "amount": 4.0, "side": "buy", "timestamp": 1766188703718}, {"id": "709249906", "price": 1.9084, "amount": 13258.4, "side": "sell", "timestamp": 1766188704872}, {"id": "709249907", "price": 1.9083, "amount": 13462.7, "side": "sell", "timestamp": 1766188704873}, {"id": "709249908", "price": 1.9082, "amount": 8166.9, "side": "sell", "timestamp": 1766188704875}, {"id": "709249909", "price": 1.9081, "amount": 6703.2, "side": "sell", "timestamp": 1766188704887}, {"id": "709249910", "price": 1.9081, "amount": 12.4, "side": "buy", "timestamp": 1766188705031}, {"id": "709249911", "price": 1.908, "amount": 13162.3, "side": "sell", "timestamp": 1766188705096}, {"id": "709249912", "price": 1.9079, "amount": 4289.6, "side": "sell", "timestamp": 1766188705119}, {"id": "709249913", "price": 1.9078, "amount": 7127.5, "side": "sell", "timestamp": 1766188705119}, {"id": "709249914", "price": 1.9077, "amount": 3776.5, "side": "sell", "timestamp": 1766188705166}, {"id": "709249915", "price": 1.9077, "amount": 41.9, "side": "buy", "timestamp": 1766188705319}, {"id": "709249916", "price": 1.9076, "amount": 3561.6, "side": "sell", "timestamp": 1766188705373}, {"id": "709249917", "price": 1.9077, "amount": 41.9, "side": "buy", "timestamp": 1766188705425}, {"id": "709249918", "price": 1.9076, "amount": 419.1, "side": "sell", "timestamp": 1766188706551}, {"id": "709249919", "price": 1.9076, "amount": 3.1, "side": "sell", "timestamp": 1766188707444}, {"id": "709249920", "price": 1.9076, "amount": 130.7, "side": "sell", "timestamp": 1766188707780}, {"id": "709249921", "price": 1.9077, "amount": 4.1, "side": "buy", "timestamp": 1766188708143}, {"id": "709249922", "price": 1.9077, "amount": 20.0, "side": "buy", "timestamp": 1766188708309}, {"id": "709249923", "price": 1.9076, "amount": 5.3, "side": "sell", "timestamp": 1766188708475}, {"id": "709249924", "price": 1.9077, "amount": 18.2, "side": "buy", "timestamp": 1766188708681}, {"id": "709249925", "price": 1.9076, "amount": 6.1, "side": "sell", "timestamp": 1766188708811}, {"id": "709249926", "price": 1.9076, "amount": 3.0, "side": "sell", "timestamp": 1766188709539}, {"id": "709249927", "price": 1.9077, "amount": 9.3, "side": "buy", "timestamp": 1766188709545}, {"id": "709249928", "price": 1.9076, "amount": 3.2, "side": "sell", "timestamp": 1766188710867}, {"id": "709249929", "price": 1.9077, "amount": 4.6, "side": "buy", "timestamp": 1766188712800}, {"id": "709249978", "price": 1.9079, "amount": 391.9, "side": "sell", "timestamp": 1766188744088}, {"id": "709249979", "price": 1.908, "amount": 4.0, "side": "buy", "timestamp": 1766188744887}, {"id": "709249980", "price": 1.9079, "amount": 9.4, "side": "sell", "timestamp": 1766188745532}, {"id": "709249981", "price": 1.9079, "amount": 150.0, "side": "sell", "timestamp": 1766188745799}, {"id": "709249982", "price": 1.9079, "amount": 5771.8, "side": "sell", "timestamp": 1766188746832}, {"id": "709249983", "price": 1.908, "amount": 2.6, "side": "buy", "timestamp": 1766188747827}, {"id": "709249984", "price": 1.908, "amount": 314.4, "side": "buy", "timestamp": 1766188748027}, {"id": "709249985", "price": 1.908, "amount": 30.5, "side": "buy", "timestamp": 1766188748140}, {"id": "709249986", "price": 1.908, "amount": 0.1, "side": "buy", "timestamp": 1766188748980}, {"id": "709249987", "price": 1.9079, "amount": 3.1, "side": "sell", "timestamp": 1766188749893}, {"id": "709249988", "price": 1.9079, "amount": 54.5, "side": "sell", "timestamp": 1766188750466}, {"id": "709249989", "price": 1.908, "amount": 21.0, "side": "buy", "timestamp": 1766188750674}, {"id": "709249990", "price": 1.908, "amount": 9.5, "side": "buy", "timestamp": 1766188750813}, {"id": "709249991", "price": 1.908, "amount": 0.3, "side": "buy", "timestamp": 1766188751830}, {"id": "709249992", "price": 1.908, "amount": 802.9, "side": "buy", "timestamp": 1766188752465}, {"id": "709249993", "price": 1.9079, "amount": 1054.7, "side": "sell", "timestamp": 1766188752704}, {"id": "709249994", "price": 1.9079, "amount": 3.1, "side": "sell", "timestamp": 1766188753003}, {"id": "709249995", "price": 1.908, "amount": 14.9, "side": "buy", "timestamp": 1766188753362}, {"id": "709249996", "price": 1.908, "amount": 105.7, "side": "buy", "timestamp": 1766188753555}, {"id": "709249997", "price": 1.908, "amount": 1.1, "side": "buy", "timestamp": 1766188753686}, {"id": "709249998", "price": 1.908, "amount": 0.2, "side": "buy", "timestamp": 1766188754279}, {"id": "709249999", "price": 1.908, "amount": 4.1, "side": "buy", "timestamp": 1766188754647}, {"id": "709250000", "price": 1.908, "amount": 9.3, "side": "buy", "timestamp": 1766188755148}, {"id": "709250001", "price": 1.908, "amount": 138.0, "side": "buy", "timestamp": 1766188755462}, {"id": "709250002", "price": 1.908, "amount": 216.5, "side": "buy", "timestamp": 1766188755704}, {"id": "709250003", "price": 1.908, "amount": 9.4, "side": "buy", "timestamp": 1766188755887}, {"id": "709250004", "price": 1.908, "amount": 6867.0, "side": "buy", "timestamp": 1766188756015}, {"id": "709250005", "price": 1.908, "amount": 0.8, "side": "buy", "timestamp": 1766188756605}, {"id": "709250006", "price": 1.9079, "amount": 7.7, "side": "sell", "timestamp": 1766188756847}, {"id": "709250007", "price": 1.908, "amount": 104.9, "side": "buy", "timestamp": 1766188758109}, {"id": "709250008", "price": 1.908, "amount": 0.9, "side": "buy", "timestamp": 1766188759306}, {"id": "709250009", "price": 1.908, "amount": 7.1, "side": "buy", "timestamp": 1766188759911}, {"id": "709250010", "price": 1.908, "amount": 71.9, "side": "buy", "timestamp": 1766188760146}, {"id": "709250011", "price": 1.908, "amount": 3.2, "side": "buy", "timestamp": 1766188760561}, {"id": "709250012", "price": 1.908, "amount": 10.0, "side": "buy", "timestamp": 1766188761404}, {"id": "709250013", "price": 1.908, "amount": 7972.8, "side": "buy", "timestamp": 1766188761637}, {"id": "709250014", "price": 1.908, "amount": 98.7, "side": "sell", "timestamp": 1766188761675}, {"id": "709250015", "price": 1.9081, "amount": 1.0, "side": "buy", "timestamp": 1766188762055}, {"id": "709250016", "price": 1.9081, "amount": 4.3, "side": "buy", "timestamp": 1766188762192}, {"id": "709250017", "price": 1.9081, "amount": 5.1, "side": "buy", "timestamp": 1766188762417}, {"id": "709250018", "price": 1.9081, "amount": 5378.4, "side": "buy", "timestamp": 1766188763198}, {"id": "709250019", "price": 1.9082, "amount": 981.2, "side": "buy", "timestamp": 1766188763348}, {"id": "709250020", "price": 1.9082, "amount": 10.3, "side": "buy", "timestamp": 1766188763459}, {"id": "709250021", "price": 1.9081, "amount": 6.3, "side": "sell", "timestamp": 1766188763670}, {"id": "709250022", "price": 1.9082, "amount": 0.3, "side": "buy", "timestamp": 1766188764048}, {"id": "709250023", "price": 1.9082, "amount": 135.6, "side": "buy", "timestamp": 1766188764449}, {"id": "709250024", "price": 1.9081, "amount": 91.4, "side": "sell", "timestamp": 1766188764928}, {"id": "709250025", "price": 1.9082, "amount": 14.5, "side": "buy", "timestamp": 1766188765704}, {"id": "709250026", "price": 1.9082, "amount": 2.8, "side": "buy", "timestamp": 1766188765812}, {"id": "709250027", "price": 1.9082, "amount": 3.2, "side": "buy", "timestamp": 1766188765926}]