[{"symbol": "DOGEUSDT", "bids": [[0.13787, 83920.0], [0.13786, 321135.0], [0.13785, 318691.0], [0.13784, 268149.0], [0.13783, 675983.0], [0.13782, 459217.0], [0.13781, 570382.0], [0.1378, 714459.0], [0.13779, 638039.0], [0.13778, 838976.0], [0.13777, 1333709.0], [0.13776, 346489.0], [0.13775, 487481.0], [0.13774, 492827.0], [0.13773, 327354.0], [0.13772, 601446.0], [0.13771, 452306.0], [0.1377, 652736.0], [0.13769, 757567.0], [0.13768, 647086.0]], "asks": [[0.13788, 202060.0], [0.13789, 334452.0], [0.1379, 424716.0], [0.13791, 563572.0], [0.13792, 804825.0], [0.13793, 461338.0], [0.13794, 482244.0], [0.13795, 377069.0], [0.13796, 494772.0], [0.13797, 959569.0], [0.13798, 369125.0], [0.13799, 499815.0], [0.138, 512476.0], [0.13801, 375476.0], [0.13802, 492881.0], [0.13803, 510843.0], [0.13804, 258187.0], [0.13805, 320992.0], [0.13806, 560834.0], [0.13807, 837500.0]], "timestamp": "2025-12-14T08:49:43.588892+00:00"}, {"symbol": "DOGEUSDT", "bids": [[0.13788, 571000.0], [0.13787, 347681.0], [0.13786, 374507.0], [0.13785, 553169.0], [0.13784, 938403.0], [0.13783, 954857.0], [0.13782, 760404.0], [0.13781, 753312.0], [0.1378, 904965.0], [0.13779, 761604.0], [0.13778, 1436362.0], [0.13777, 512912.0], [0.13776, 431562.0], [0.13775, 254426.0], [0.13774, 180703.0], [0.13773, 419976.0], [0.13772, 442230.0], [0.13771, 978984.0], [0.1377, 441139.0], [0.13769, 524370.0]], "asks": [[0.13789, 3732.0], [0.1379, 206562.0], [0.13791, 143816.0], [0.13792, 272581.0], [0.13793, 426360.0], [0.13794, 594924.0], [0.13795, 462729.0], [0.13796, 485019.0], [0.13797, 366263.0], [0.13798, 297590.0], [0.13799, 1011509.0], [0.138, 310291.0], [0.13801, 521146.0], [0.13802, 636561.0], [0.13803, 543735.0], [0.13804, 477243.0], [0.13805, 485891.0], [0.13806, 626539.0], [0.13807, 735491.0], [0.13808, 2084514.0]], "timestamp": "2025-12-14T08:50:36.589914+00:00"}, {"symbol": "DOGEUSDT", "bids": [[0.13788, 25170.0], [0.13787, 240628.0], [0.13786, 386013.0], [0.13785, 523120.0], [0.13784, 629970.0], [0.13783, 827400.0], [0.13782, 1016999.0], [0.13781, 807953.0], [0.1378, 332900.0], [0.13779, 435220.0], [0.13778, 1184366.0], [0.13777, 468564.0], [0.13776, 459490.0], [0.13775, 252843.0], [0.13774, 200682.0], [0.13773, 433022.0], [0.13772, 451521.0], [0.13771, 1085961.0], [0.1377, 357854.0], [0.13769, 638509.0]], "asks": [[0.13789, 309858.0], [0.1379, 279886.0], [0.13791, 368163.0], [0.13792, 491051.0], [0.13793, 351344.0], [0.13794, 345101.0], [0.13795, 464875.0], [0.13796, 563706.0], [0.13797, 972637.0], [0.13798, 318477.0], [0.13799, 408777.0], [0.138, 432573.0], [0.13801, 655432.0], [0.13802, 468771.0], [0.13803, 616843.0], [0.13804, 227755.0], [0.13805, 387532.0], [0.13806, 490446.0], [0.13807, 740783.0], [0.13808, 1989824.0]], "timestamp": "2025-12-14T08:51:29.326317+00:00"}, {"symbol": "DOGEUSDT", "bids": [[0.13783, 44727.0], [0.13782, 141944.0], [0.13781, 282708.0], [0.1378, 415447.0], [0.13779, 745640.0], [0.13778, 637628.0], [0.13777, 400011.0], [0.13776, 419747.0], [0.13775, 353682.0], [0.13774, 298097.0], [0.13773, 609206.0], [0.13772, 1367026.0], [0.13771, 362774.0], [0.1377, 403994.0], [0.13769, 563885.0], [0.13768, 476359.0], [0.13767, 917093.0], [0.13766, 1161048.0], [0.13765, 555587.0], [0.13764, 1554571.0]], "asks": [[0.13784, 325424.0], [0.13785, 467946.0], [0.13786, 576948.0], [0.13787, 677437.0], [0.13788, 453103.0], [0.13789, 730401.0], [0.1379, 568070.0], [0.13791, 488012.0], [0.13792, 528615.0], [0.13793, 1010866.0], [0.13794, 226890.0], [0.13795, 473799.0], [0.13796, 541084.0], [0.13797, 806671.0], [0.13798, 508639.0], [0.13799, 371998.0], [0.138, 316718.0], [0.13801, 439552.0], [0.13802, 420212.0], [0.13803, 522970.0]], "timestamp": "2025-12-14T08:52:22.677908+00:00"}, {"symbol": "DOGEUSDT", "bids": [[0.13786, 414248.0], [0.13785, 295317.0], [0.13784, 589037.0], [0.13783, 519555.0], [0.13782, 632061.0], [0.13781, 478664.0], [0.1378, 574421.0], [0.13779, 444502.0], [0.13778, 326854.0], [0.13777, 404958.0], [0.13776, 562711.0], [0.13775, 1081747.0], [0.13774, 277735.0], [0.13773, 393338.0], [0.13772, 427796.0], [0.13771, 396297.0], [0.1377, 496713.0], [0.13769, 582126.0], [0.13768, 544700.0], [0.13767, 911560.0]], "asks": [[0.13787, 20611.0], [0.13788, 89518.0], [0.13789, 303789.0], [0.1379, 316304.0], [0.13791, 634596.0], [0.13792, 637444.0], [0.13793, 519703.0], [0.13794, 301138.0], [0.13795, 539493.0], [0.13796, 472219.0], [0.13797, 1487249.0], [0.13798, 418783.0], [0.13799, 389976.0], [0.138, 593183.0], [0.13801, 439578.0], [0.13802, 479674.0], [0.13803, 675334.0], [0.13804, 910249.0], [0.13805, 437547.0], [0.13806, 721168.0]], "timestamp": "2025-12-14T08:53:15.928380+00:00"}, {"symbol": "DOGEUSDT", "bids": [[0.13787, 199273.0], [0.13786, 286562.0], [0.13785, 316289.0], [0.13784, 690465.0], [0.13783, 678614.0], [0.13782, 465975.0], [0.13781, 504407.0], [0.1378, 523610.0], [0.13779, 377756.0], [0.13778, 432073.0], [0.13777, 1035106.0], [0.13776, 513058.0], [0.13775, 429977.0], [0.13774, 223341.0], [0.13773, 474655.0], [0.13772, 865749.0], [0.13771, 417973.0], [0.1377, 453070.0], [0.13769, 626544.0], [0.13768, 1205604.0]], "asks": [[0.13788, 116932.0], [0.13789, 224398.0], [0.1379, 391724.0], [0.13791, 360596.0], [0.13792, 408271.0], [0.13793, 500275.0], [0.13794, 570342.0], [0.13795, 554444.0], [0.13796, 588745.0], [0.13797, 1107421.0], [0.13798, 357025.0], [0.13799, 320562.0], [0.138, 411023.0], [0.13801, 550928.0], [0.13802, 710593.0], [0.13803, 508164.0], [0.13804, 298703.0], [0.13805, 466154.0], [0.13806, 746008.0], [0.13807, 843102.0]], "timestamp": "2025-12-14T08:54:09.351881+00:00"}, {"symbol": "DOGEUSDT", "bids": [[0.13787, 319171.0], [0.13786, 304046.0], [0.13785, 309736.0], [0.13784, 683915.0], [0.13783, 667901.0], [0.13782, 458978.0], [0.13781, 513831.0], [0.1378, 517509.0], [0.13779, 376601.0], [0.13778, 433487.0], [0.13777, 1032877.0], [0.13776, 513095.0], [0.13775, 427453.0], [0.13774, 234197.0], [0.13773, 465530.0], [0.13772, 874868.0], [0.13771, 429183.0], [0.1377, 343633.0], [0.13769, 621357.0], [0.13768, 1314552.0]], "asks": [[0.13788, 57543.0], [0.13789, 130522.0], [0.1379, 399881.0], [0.13791, 330944.0], [0.13792, 361598.0], [0.13793, 503538.0], [0.13794, 585159.0], [0.13795, 547059.0], [0.13796, 546613.0], [0.13797, 1094517.0], [0.13798, 378796.0], [0.13799, 349601.0], [0.138, 406163.0], [0.13801, 550928.0], [0.13802, 710593.0], [0.13803, 503214.0], [0.13804, 303667.0], [0.13805, 493541.0], [0.13806, 744104.0], [0.13807, 884770.0]], "timestamp": "2025-12-14T08:55:03.140376+00:00"}, {"symbol": "DOGEUSDT", "bids": [[0.1379, 470545.0], [0.13789, 270809.0], [0.13788, 637810.0], [0.13787, 327261.0], [0.13786, 562951.0], [0.13785, 499651.0], [0.13784, 688449.0], [0.13783, 568853.0], [0.13782, 418178.0], [0.13781, 487866.0], [0.1378, 1324985.0], [0.13779, 440768.0], [0.13778, 290745.0], [0.13777, 240943.0], [0.13776, 367724.0], [0.13775, 392414.0], [0.13774, 479488.0], [0.13773, 464485.0], [0.13772, 972126.0], [0.13771, 442530.0]], "asks": [[0.13791, 23454.0], [0.13792, 200078.0], [0.13793, 320748.0], [0.13794, 443954.0], [0.13795, 749714.0], [0.13796, 595393.0], [0.13797, 557670.0], [0.13798, 551170.0], [0.13799, 997616.0], [0.138, 396474.0], [0.13801, 506488.0], [0.13802, 577949.0], [0.13803, 229749.0], [0.13804, 349747.0], [0.13805, 505469.0], [0.13806, 855403.0], [0.13807, 810974.0], [0.13808, 1077966.0], [0.13809, 749295.0], [0.1381, 509986.0]], "timestamp": "2025-12-14T08:55:55.859275+00:00"}, {"symbol": "DOGEUSDT", "bids": [[0.13783, 41661.0], [0.13782, 90591.0], [0.13781, 177671.0], [0.1378, 563329.0], [0.13779, 523503.0], [0.13778, 800999.0], [0.13777, 356561.0], [0.13776, 434361.0], [0.13775, 345878.0], [0.13774, 316757.0], [0.13773, 576488.0], [0.13772, 1170123.0], [0.13771, 409172.0], [0.1377, 425771.0], [0.13769, 611551.0], [0.13768, 1297592.0], [0.13767, 774517.0], [0.13766, 304080.0], [0.13765, 390214.0], [0.13764, 1652236.0]], "asks": [[0.13784, 397623.0], [0.13785, 451668.0], [0.13786, 681770.0], [0.13787, 496876.0], [0.13788, 659887.0], [0.13789, 540318.0], [0.1379, 643894.0], [0.13791, 380718.0], [0.13792, 359264.0], [0.13793, 1086341.0], [0.13794, 483037.0], [0.13795, 523038.0], [0.13796, 499516.0], [0.13797, 561965.0], [0.13798, 754444.0], [0.13799, 362323.0], [0.138, 405945.0], [0.13801, 363112.0], [0.13802, 272547.0], [0.13803, 586033.0]], "timestamp": "2025-12-14T08:56:49.535817+00:00"}, {"symbol": "DOGEUSDT", "bids": [[0.13779, 183782.0], [0.13778, 188069.0], [0.13777, 274729.0], [0.13776, 323695.0], [0.13775, 574554.0], [0.13774, 626541.0], [0.13773, 435131.0], [0.13772, 535715.0], [0.13771, 379663.0], [0.1377, 503256.0], [0.13769, 995365.0], [0.13768, 634981.0], [0.13767, 255536.0], [0.13766, 197655.0], [0.13765, 342664.0], [0.13764, 969656.0], [0.13763, 885052.0], [0.13762, 210829.0], [0.13761, 302392.0], [0.1376, 1329559.0]], "asks": [[0.1378, 28215.0], [0.13781, 259039.0], [0.13782, 396338.0], [0.13783, 570001.0], [0.13784, 997300.0], [0.13785, 848846.0], [0.13786, 427335.0], [0.13787, 535035.0], [0.13788, 392841.0], [0.13789, 484272.0], [0.1379, 1062967.0], [0.13791, 284803.0], [0.13792, 592803.0], [0.13793, 552214.0], [0.13794, 687611.0], [0.13795, 601797.0], [0.13796, 624886.0], [0.13797, 660718.0], [0.13798, 775911.0], [0.13799, 406078.0]], "timestamp": "2025-12-14T08:57:43.481280+00:00"}, {"symbol": "DOGEUSDT", "bids": [[0.13776, 75056.0], [0.13775, 149197.0], [0.13774, 203500.0], [0.13773, 429279.0], [0.13772, 509926.0], [0.13771, 427855.0], [0.1377, 640645.0], [0.13769, 551444.0], [0.13768, 561919.0], [0.13767, 439998.0], [0.13766, 994080.0], [0.13765, 432209.0], [0.13764, 637197.0], [0.13763, 311057.0], [0.13762, 250010.0], [0.13761, 265373.0], [0.1376, 508320.0], [0.13759, 1343731.0], [0.13758, 222853.0], [0.13757, 484929.0]], "asks": [[0.13777, 249317.0], [0.13778, 258365.0], [0.13779, 356356.0], [0.1378, 544431.0], [0.13781, 593348.0], [0.13782, 659359.0], [0.13783, 774409.0], [0.13784, 746016.0], [0.13785, 481987.0], [0.13786, 1056811.0], [0.13787, 437651.0], [0.13788, 555678.0], [0.13789, 554497.0], [0.1379, 380658.0], [0.13791, 442451.0], [0.13792, 615978.0], [0.13793, 614052.0], [0.13794, 529785.0], [0.13795, 845704.0], [0.13796, 1536781.0]], "timestamp": "2025-12-14T08:58:36.472924+00:00"}, {"symbol": "DOGEUSDT", "bids": [[0.13779, 78829.0], [0.13778, 201450.0], [0.13777, 328927.0], [0.13776, 461527.0], [0.13775, 865577.0], [0.13774, 934428.0], [0.13773, 536772.0], [0.13772, 748253.0], [0.13771, 284614.0], [0.1377, 481036.0], [0.13769, 1310245.0], [0.13768, 426656.0], [0.13767, 314670.0], [0.13766, 358283.0], [0.13765, 335638.0], [0.13764, 854616.0], [0.13763, 539031.0], [0.13762, 215691.0], [0.13761, 264386.0], [0.1376, 583205.0]], "asks": [[0.1378, 126353.0], [0.13781, 168820.0], [0.13782, 347322.0], [0.13783, 360082.0], [0.13784, 382621.0], [0.13785, 484237.0], [0.13786, 580203.0], [0.13787, 584655.0], [0.13788, 1037577.0], [0.13789, 706353.0], [0.1379, 430239.0], [0.13791, 401587.0], [0.13792, 605268.0], [0.13793, 393890.0], [0.13794, 541643.0], [0.13795, 772097.0], [0.13796, 869219.0], [0.13797, 837723.0], [0.13798, 1435772.0], [0.13799, 517510.0]], "timestamp": "2025-12-14T08:59:29.206561+00:00"}, {"symbol": "DOGEUSDT", "bids": [[0.13775, 238896.0], [0.13774, 230737.0], [0.13773, 208879.0], [0.13772, 394128.0], [0.13771, 589628.0], [0.1377, 625699.0], [0.13769, 464123.0], [0.13768, 382897.0], [0.13767, 345866.0], [0.13766, 424562.0], [0.13765, 603466.0], [0.13764, 1301312.0], [0.13763, 397989.0], [0.13762, 190689.0], [0.13761, 333098.0], [0.1376, 863400.0], [0.13759, 1026366.0], [0.13758, 1152470.0], [0.13757, 299956.0], [0.13756, 258002.0]], "asks": [[0.13776, 18359.0], [0.13777, 95143.0], [0.13778, 322981.0], [0.13779, 179741.0], [0.1378, 490983.0], [0.13781, 627692.0], [0.13782, 585139.0], [0.13783, 477785.0], [0.13784, 434937.0], [0.13785, 980878.0], [0.13786, 285976.0], [0.13787, 482525.0], [0.13788, 407081.0], [0.13789, 601248.0], [0.1379, 487183.0], [0.13791, 464694.0], [0.13792, 564688.0], [0.13793, 574291.0], [0.13794, 405048.0], [0.13795, 698490.0]], "timestamp": "2025-12-14T09:00:22.369738+00:00"}, {"symbol": "DOGEUSDT", "bids": [[0.13774, 122245.0], [0.13773, 183168.0], [0.13772, 287278.0], [0.13771, 422711.0], [0.1377, 706317.0], [0.13769, 475120.0], [0.13768, 488482.0], [0.13767, 414637.0], [0.13766, 483677.0], [0.13765, 476430.0], [0.13764, 1260258.0], [0.13763, 455214.0], [0.13762, 277773.0], [0.13761, 464182.0], [0.1376, 995985.0], [0.13759, 794151.0], [0.13758, 532747.0], [0.13757, 1040097.0], [0.13756, 257629.0], [0.13755, 447849.0]], "asks": [[0.13775, 194005.0], [0.13776, 209337.0], [0.13777, 446309.0], [0.13778, 574346.0], [0.13779, 620447.0], [0.1378, 761479.0], [0.13781, 514600.0], [0.13782, 513135.0], [0.13783, 386459.0], [0.13784, 1066321.0], [0.13785, 350384.0], [0.13786, 303998.0], [0.13787, 679102.0], [0.13788, 547516.0], [0.13789, 748926.0], [0.1379, 497632.0], [0.13791, 668723.0], [0.13792, 445639.0], [0.13793, 543442.0], [0.13794, 442783.0]], "timestamp": "2025-12-14T09:01:15.471313+00:00"}, {"symbol": "DOGEUSDT", "bids": [[0.13765, 35446.0], [0.13764, 32713.0], [0.13763, 269623.0], [0.13762, 418255.0], [0.13761, 762728.0], [0.1376, 692082.0], [0.13759, 539551.0], [0.13758, 310301.0], [0.13757, 394051.0], [0.13756, 418232.0], [0.13755, 1238552.0], [0.13754, 461962.0], [0.13753, 524547.0], [0.13752, 304733.0], [0.13751, 807716.0], [0.1375, 628945.0], [0.13749, 394359.0], [0.13748, 1193228.0], [0.13747, 658382.0], [0.13746, 900122.0]], "asks": [[0.13766, 506862.0], [0.13767, 380162.0], [0.13768, 238550.0], [0.13769, 509475.0], [0.1377, 797215.0], [0.13771, 587692.0], [0.13772, 475148.0], [0.13773, 987840.0], [0.13774, 215001.0], [0.13775, 349059.0], [0.13776, 347107.0], [0.13777, 379823.0], [0.13778, 242569.0], [0.13779, 478204.0], [0.1378, 313266.0], [0.13781, 537252.0], [0.13782, 584162.0], [0.13783, 829532.0], [0.13784, 927746.0], [0.13785, 536754.0]], "timestamp": "2025-12-14T09:02:08.499829+00:00"}, {"symbol": "DOGEUSDT", "bids": [[0.13768, 179227.0], [0.13767, 144561.0], [0.13766, 298366.0], [0.13765, 468221.0], [0.13764, 601969.0], [0.13763, 487284.0], [0.13762, 664836.0], [0.13761, 560483.0], [0.1376, 387157.0], [0.13759, 567034.0], [0.13758, 1056740.0], [0.13757, 366556.0], [0.13756, 368700.0], [0.13755, 528759.0], [0.13754, 771951.0], [0.13753, 555312.0], [0.13752, 327792.0], [0.13751, 1050271.0], [0.1375, 1234926.0], [0.13749, 374712.0]], "asks": [[0.13769, 126843.0], [0.1377, 245937.0], [0.13771, 408989.0], [0.13772, 479462.0], [0.13773, 488727.0], [0.13774, 307080.0], [0.13775, 266743.0], [0.13776, 749795.0], [0.13777, 543156.0], [0.13778, 802810.0], [0.13779, 188568.0], [0.1378, 337846.0], [0.13781, 660608.0], [0.13782, 621618.0], [0.13783, 731337.0], [0.13784, 530409.0], [0.13785, 430125.0], [0.13786, 507665.0], [0.13787, 717505.0], [0.13788, 849413.0]], "timestamp": "2025-12-14T09:03:02.378273+00:00"}, {"symbol": "DOGEUSDT", "bids": [[0.13765, 202481.0], [0.13764, 271469.0], [0.13763, 366526.0], [0.13762, 452050.0], [0.13761, 567266.0], [0.1376, 758454.0], [0.13759, 451801.0], [0.13758, 394645.0], [0.13757, 438330.0], [0.13756, 475854.0], [0.13755, 1075226.0], [0.13754, 491324.0], [0.13753, 482045.0], [0.13752, 333834.0], [0.13751, 991145.0], [0.1375, 1078881.0], [0.13749, 1301335.0], [0.13748, 362909.0], [0.13747, 1165544.0], [0.13746, 809437.0]], "asks": [[0.13766, 36992.0], [0.13767, 192755.0], [0.13768, 360727.0], [0.13769, 432440.0], [0.1377, 616591.0], [0.13771, 511222.0], [0.13772, 1039554.0], [0.13773, 291189.0], [0.13774, 349203.0], [0.13775, 938758.0], [0.13776, 492011.0], [0.13777, 293309.0], [0.13778, 161132.0], [0.13779, 189371.0], [0.1378, 365219.0], [0.13781, 689417.0], [0.13782, 559408.0], [0.13783, 700239.0], [0.13784, 904361.0], [0.13785, 424581.0]], "timestamp": "2025-12-14T09:03:55.320685+00:00"}, {"symbol": "DOGEUSDT", "bids": [[0.13765, 571888.0], [0.13764, 248632.0], [0.13763, 538707.0], [0.13762, 217327.0], [0.13761, 539309.0], [0.1376, 657416.0], [0.13759, 440043.0], [0.13758, 460249.0], [0.13757, 414999.0], [0.13756, 468721.0], [0.13755, 1318326.0], [0.13754, 453203.0], [0.13753, 434748.0], [0.13752, 288277.0], [0.13751, 666370.0], [0.1375, 604190.0], [0.13749, 471946.0], [0.13748, 400943.0], [0.13747, 566761.0], [0.13746, 988149.0]], "asks": [[0.13766, 24465.0], [0.13767, 40930.0], [0.13768, 295052.0], [0.13769, 286412.0], [0.1377, 720038.0], [0.13771, 660337.0], [0.13772, 1167401.0], [0.13773, 422168.0], [0.13774, 207895.0], [0.13775, 366019.0], [0.13776, 1055807.0], [0.13777, 570222.0], [0.13778, 381666.0], [0.13779, 173924.0], [0.1378, 292701.0], [0.13781, 639791.0], [0.13782, 565517.0], [0.13783, 693618.0], [0.13784, 611347.0], [0.13785, 572049.0]], "timestamp": "2025-12-14T09:04:48.465928+00:00"}, {"symbol": "DOGEUSDT", "bids": [[0.13769, 139642.0], [0.13768, 177094.0], [0.13767, 274957.0], [0.13766, 389549.0], [0.13765, 553652.0], [0.13764, 726896.0], [0.13763, 982557.0], [0.13762, 330111.0], [0.13761, 394984.0], [0.1376, 525188.0], [0.13759, 624777.0], [0.13758, 1022240.0], [0.13757, 371982.0], [0.13756, 268056.0], [0.13755, 458768.0], [0.13754, 280625.0], [0.13753, 354215.0], [0.13752, 427996.0], [0.13751, 889330.0], [0.1375, 1204844.0]], "asks": [[0.1377, 190328.0], [0.13771, 203855.0], [0.13772, 666711.0], [0.13773, 375450.0], [0.13774, 289394.0], [0.13775, 465214.0], [0.13776, 580070.0], [0.13777, 369035.0], [0.13778, 300127.0], [0.13779, 850701.0], [0.1378, 282103.0], [0.13781, 609154.0], [0.13782, 616000.0], [0.13783, 657424.0], [0.13784, 578979.0], [0.13785, 512329.0], [0.13786, 501650.0], [0.13787, 705430.0], [0.13788, 1205108.0], [0.13789, 873421.0]], "timestamp": "2025-12-14T09:05:41.412394+00:00"}, {"symbol": "DOGEUSDT", "bids": [[0.13769, 461683.0], [0.13768, 267477.0], [0.13767, 278372.0], [0.13766, 522351.0], [0.13765, 744286.0], [0.13764, 473048.0], [0.13763, 1016478.0], [0.13762, 446826.0], [0.13761, 399105.0], [0.1376, 448874.0], [0.13759, 583080.0], [0.13758, 1020605.0], [0.13757, 363621.0], [0.13756, 272109.0], [0.13755, 469481.0], [0.13754, 300529.0], [0.13753, 390396.0], [0.13752, 386061.0], [0.13751, 882353.0], [0.1375, 1340562.0]], "asks": [[0.1377, 145745.0], [0.13771, 161139.0], [0.13772, 319563.0], [0.13773, 446396.0], [0.13774, 369233.0], [0.13775, 559125.0], [0.13776, 696611.0], [0.13777, 441923.0], [0.13778, 316172.0], [0.13779, 810299.0], [0.1378, 249592.0], [0.13781, 712764.0], [0.13782, 541049.0], [0.13783, 764895.0], [0.13784, 591760.0], [0.13785, 398560.0], [0.13786, 506677.0], [0.13787, 684485.0], [0.13788, 1226320.0], [0.13789, 866159.0]], "timestamp": "2025-12-14T09:06:35.083725+00:00"}, {"symbol": "DOGEUSDT", "bids": [[0.13777, 149725.0], [0.13776, 224472.0], [0.13775, 222681.0], [0.13774, 292850.0], [0.13773, 613403.0], [0.13772, 481374.0], [0.13771, 619910.0], [0.1377, 783360.0], [0.13769, 659140.0], [0.13768, 302773.0], [0.13767, 644984.0], [0.13766, 1373877.0], [0.13765, 288605.0], [0.13764, 290823.0], [0.13763, 398664.0], [0.13762, 312806.0], [0.13761, 634819.0], [0.1376, 770880.0], [0.13759, 646204.0], [0.13758, 260262.0]], "asks": [[0.13778, 116862.0], [0.13779, 104943.0], [0.1378, 399701.0], [0.13781, 471610.0], [0.13782, 492056.0], [0.13783, 478948.0], [0.13784, 572097.0], [0.13785, 466215.0], [0.13786, 613803.0], [0.13787, 1527386.0], [0.13788, 348815.0], [0.13789, 461878.0], [0.1379, 525767.0], [0.13791, 453406.0], [0.13792, 751989.0], [0.13793, 951254.0], [0.13794, 380153.0], [0.13795, 410331.0], [0.13796, 566006.0], [0.13797, 1781840.0]], "timestamp": "2025-12-14T09:07:28.211582+00:00"}, {"symbol": "DOGEUSDT", "bids": [[0.13775, 122705.0], [0.13774, 135984.0], [0.13773, 145484.0], [0.13772, 398135.0], [0.13771, 846914.0], [0.1377, 759179.0], [0.13769, 676498.0], [0.13768, 342819.0], [0.13767, 547916.0], [0.13766, 535150.0], [0.13765, 416098.0], [0.13764, 1092899.0], [0.13763, 454660.0], [0.13762, 363963.0], [0.13761, 657055.0], [0.1376, 739176.0], [0.13759, 406818.0], [0.13758, 293586.0], [0.13757, 726670.0], [0.13756, 1358708.0]], "asks": [[0.13776, 326183.0], [0.13777, 452020.0], [0.13778, 558476.0], [0.13779, 322437.0], [0.1378, 312008.0], [0.13781, 494644.0], [0.13782, 600647.0], [0.13783, 431282.0], [0.13784, 482515.0], [0.13785, 562364.0], [0.13786, 1220636.0], [0.13787, 882487.0], [0.13788, 327807.0], [0.13789, 540157.0], [0.1379, 392302.0], [0.13791, 368459.0], [0.13792, 624728.0], [0.13793, 882898.0], [0.13794, 312853.0], [0.13795, 469615.0]], "timestamp": "2025-12-14T09:08:21.489254+00:00"}, {"symbol": "DOGEUSDT", "bids": [[0.13775, 291396.0], [0.13774, 169487.0], [0.13773, 266813.0], [0.13772, 397233.0], [0.13771, 889392.0], [0.1377, 796825.0], [0.13769, 572013.0], [0.13768, 309753.0], [0.13767, 567301.0], [0.13766, 549700.0], [0.13765, 487071.0], [0.13764, 1022566.0], [0.13763, 447899.0], [0.13762, 358333.0], [0.13761, 657145.0], [0.1376, 752152.0], [0.13759, 536861.0], [0.13758, 245722.0], [0.13757, 585583.0], [0.13756, 1343593.0]], "asks": [[0.13776, 52869.0], [0.13777, 384474.0], [0.13778, 535506.0], [0.13779, 276839.0], [0.1378, 351063.0], [0.13781, 504520.0], [0.13782, 516009.0], [0.13783, 520658.0], [0.13784, 481884.0], [0.13785, 448909.0], [0.13786, 627061.0], [0.13787, 1552567.0], [0.13788, 393121.0], [0.13789, 545034.0], [0.1379, 392302.0], [0.13791, 395846.0], [0.13792, 624020.0], [0.13793, 882898.0], [0.13794, 288575.0], [0.13795, 457595.0]], "timestamp": "2025-12-14T09:09:14.611399+00:00"}, {"symbol": "DOGEUSDT", "bids": [[0.13765, 73541.0], [0.13764, 153988.0], [0.13763, 256258.0], [0.13762, 381029.0], [0.13761, 616745.0], [0.1376, 657429.0], [0.13759, 377597.0], [0.13758, 351396.0], [0.13757, 480728.0], [0.13756, 481650.0], [0.13755, 1188870.0], [0.13754, 502029.0], [0.13753, 379566.0], [0.13752, 389843.0], [0.13751, 849843.0], [0.1375, 742664.0], [0.13749, 851332.0], [0.13748, 331141.0], [0.13747, 1203159.0], [0.13746, 431968.0]], "asks": [[0.13766, 302976.0], [0.13767, 360550.0], [0.13768, 558517.0], [0.13769, 511301.0], [0.1377, 585087.0], [0.13771, 779918.0], [0.13772, 449663.0], [0.13773, 672282.0], [0.13774, 728261.0], [0.13775, 794767.0], [0.13776, 1302352.0], [0.13777, 685690.0], [0.13778, 709659.0], [0.13779, 204663.0], [0.1378, 388049.0], [0.13781, 753718.0], [0.13782, 509826.0], [0.13783, 891696.0], [0.13784, 596627.0], [0.13785, 634823.0]], "timestamp": "2025-12-14T09:10:07.549367+00:00"}, {"symbol": "DOGEUSDT", "bids": [[0.13769, 24863.0], [0.13768, 229615.0], [0.13767, 249934.0], [0.13766, 474958.0], [0.13765, 660182.0], [0.13764, 450798.0], [0.13763, 664875.0], [0.13762, 386438.0], [0.13761, 402748.0], [0.1376, 507822.0], [0.13759, 1033111.0], [0.13758, 361553.0], [0.13757, 396022.0], [0.13756, 320036.0], [0.13755, 354874.0], [0.13754, 496208.0], [0.13753, 734249.0], [0.13752, 475807.0], [0.13751, 860283.0], [0.1375, 651324.0]], "asks": [[0.1377, 218517.0], [0.13771, 395709.0], [0.13772, 442111.0], [0.13773, 397561.0], [0.13774, 849829.0], [0.13775, 761213.0], [0.13776, 597130.0], [0.13777, 913936.0], [0.13778, 842865.0], [0.13779, 1212844.0], [0.1378, 410808.0], [0.13781, 745335.0], [0.13782, 485933.0], [0.13783, 576523.0], [0.13784, 586948.0], [0.13785, 513053.0], [0.13786, 659284.0], [0.13787, 637551.0], [0.13788, 894889.0], [0.13789, 306134.0]], "timestamp": "2025-12-14T09:11:00.526098+00:00"}, {"symbol": "DOGEUSDT", "bids": [[0.13768, 199689.0], [0.13767, 143051.0], [0.13766, 240389.0], [0.13765, 405764.0], [0.13764, 878704.0], [0.13763, 657195.0], [0.13762, 278773.0], [0.13761, 484660.0], [0.1376, 1107021.0], [0.13759, 491781.0], [0.13758, 952514.0], [0.13757, 465874.0], [0.13756, 399077.0], [0.13755, 497046.0], [0.13754, 313168.0], [0.13753, 838084.0], [0.13752, 494508.0], [0.13751, 847684.0], [0.1375, 649462.0], [0.13749, 1105359.0]], "asks": [[0.13769, 157655.0], [0.1377, 210188.0], [0.13771, 494078.0], [0.13772, 399950.0], [0.13773, 627261.0], [0.13774, 652576.0], [0.13775, 796612.0], [0.13776, 570402.0], [0.13777, 814342.0], [0.13778, 1566457.0], [0.13779, 240331.0], [0.1378, 471788.0], [0.13781, 714139.0], [0.13782, 434287.0], [0.13783, 543088.0], [0.13784, 722233.0], [0.13785, 743491.0], [0.13786, 659247.0], [0.13787, 571734.0], [0.13788, 767435.0]], "timestamp": "2025-12-14T09:11:53.945751+00:00"}, {"symbol": "DOGEUSDT", "bids": [[0.13764, 261969.0], [0.13763, 174006.0], [0.13762, 238228.0], [0.13761, 366399.0], [0.1376, 1354836.0], [0.13759, 542602.0], [0.13758, 561935.0], [0.13757, 401871.0], [0.13756, 365487.0], [0.13755, 759322.0], [0.13754, 1192888.0], [0.13753, 437437.0], [0.13752, 391507.0], [0.13751, 549487.0], [0.1375, 514991.0], [0.13749, 410422.0], [0.13748, 958776.0], [0.13747, 617497.0], [0.13746, 1350844.0], [0.13745, 668371.0]], "asks": [[0.13765, 188625.0], [0.13766, 121968.0], [0.13767, 454458.0], [0.13768, 273776.0], [0.13769, 578431.0], [0.1377, 644245.0], [0.13771, 884773.0], [0.13772, 373799.0], [0.13773, 632596.0], [0.13774, 1304341.0], [0.13775, 270049.0], [0.13776, 539237.0], [0.13777, 806651.0], [0.13778, 807395.0], [0.13779, 225679.0], [0.1378, 530025.0], [0.13781, 606934.0], [0.13782, 676656.0], [0.13783, 711241.0], [0.13784, 583359.0]], "timestamp": "2025-12-14T09:12:47.398379+00:00"}, {"symbol": "DOGEUSDT", "bids": [[0.13767, 164914.0], [0.13766, 393252.0], [0.13765, 237234.0], [0.13764, 457299.0], [0.13763, 928415.0], [0.13762, 814350.0], [0.13761, 551166.0], [0.1376, 1025355.0], [0.13759, 400766.0], [0.13758, 340346.0], [0.13757, 533886.0], [0.13756, 1424193.0], [0.13755, 543871.0], [0.13754, 273146.0], [0.13753, 298916.0], [0.13752, 490490.0], [0.13751, 726066.0], [0.1375, 721462.0], [0.13749, 351666.0], [0.13748, 733655.0]], "asks": [[0.13768, 155028.0], [0.13769, 316745.0], [0.1377, 315831.0], [0.13771, 443576.0], [0.13772, 680696.0], [0.13773, 449847.0], [0.13774, 451634.0], [0.13775, 804660.0], [0.13776, 1441932.0], [0.13777, 843155.0], [0.13778, 781978.0], [0.13779, 347948.0], [0.1378, 640854.0], [0.13781, 576436.0], [0.13782, 589867.0], [0.13783, 481151.0], [0.13784, 498852.0], [0.13785, 1316134.0], [0.13786, 585760.0], [0.13787, 765285.0]], "timestamp": "2025-12-14T09:13:40.344220+00:00"}, {"symbol": "DOGEUSDT", "bids": [[0.13765, 193954.0], [0.13764, 247487.0], [0.13763, 471091.0], [0.13762, 523260.0], [0.13761, 719580.0], [0.1376, 1058618.0], [0.13759, 357963.0], [0.13758, 336884.0], [0.13757, 545593.0], [0.13756, 1316820.0], [0.13755, 569069.0], [0.13754, 436833.0], [0.13753, 367788.0], [0.13752, 496262.0], [0.13751, 599261.0], [0.1375, 759851.0], [0.13749, 479529.0], [0.13748, 733692.0], [0.13747, 659501.0], [0.13746, 1264502.0]], "asks": [[0.13766, 205534.0], [0.13767, 229538.0], [0.13768, 292721.0], [0.13769, 319610.0], [0.1377, 537200.0], [0.13771, 471850.0], [0.13772, 693316.0], [0.13773, 585491.0], [0.13774, 377688.0], [0.13775, 1251298.0], [0.13776, 738811.0], [0.13777, 391480.0], [0.13778, 485542.0], [0.13779, 317952.0], [0.1378, 602258.0], [0.13781, 576581.0], [0.13782, 510941.0], [0.13783, 554470.0], [0.13784, 575261.0], [0.13785, 704686.0]], "timestamp": "2025-12-14T09:14:33.486376+00:00"}, {"symbol": "DOGEUSDT", "bids": [[0.13771, 449760.0], [0.1377, 383746.0], [0.13769, 532196.0], [0.13768, 711282.0], [0.13767, 982604.0], [0.13766, 876232.0], [0.13765, 670465.0], [0.13764, 732648.0], [0.13763, 726813.0], [0.13762, 1446020.0], [0.13761, 645777.0], [0.1376, 1058478.0], [0.13759, 464515.0], [0.13758, 226682.0], [0.13757, 378117.0], [0.13756, 645597.0], [0.13755, 734367.0], [0.13754, 365667.0], [0.13753, 711693.0], [0.13752, 275344.0]], "asks": [[0.13772, 19160.0], [0.13773, 126036.0], [0.13774, 158428.0], [0.13775, 395875.0], [0.13776, 598081.0], [0.13777, 559500.0], [0.13778, 576686.0], [0.13779, 397557.0], [0.1378, 334436.0], [0.13781, 720691.0], [0.13782, 1092745.0], [0.13783, 486191.0], [0.13784, 727776.0], [0.13785, 930110.0], [0.13786, 1359847.0], [0.13787, 691125.0], [0.13788, 744659.0], [0.13789, 690755.0], [0.1379, 359733.0], [0.13791, 325899.0]], "timestamp": "2025-12-14T09:15:26.049469+00:00"}, {"symbol": "DOGEUSDT", "bids": [[0.13768, 588559.0], [0.13767, 308856.0], [0.13766, 368579.0], [0.13765, 294768.0], [0.13764, 1065079.0], [0.13763, 642231.0], [0.13762, 659106.0], [0.13761, 972357.0], [0.1376, 1869358.0], [0.13759, 466034.0], [0.13758, 336647.0], [0.13757, 528017.0], [0.13756, 510921.0], [0.13755, 492255.0], [0.13754, 389651.0], [0.13753, 697899.0], [0.13752, 278538.0], [0.13751, 1024178.0], [0.1375, 508020.0], [0.13749, 382749.0]], "asks": [[0.13769, 53226.0], [0.1377, 148197.0], [0.13771, 379551.0], [0.13772, 477724.0], [0.13773, 530864.0], [0.13774, 613933.0], [0.13775, 529153.0], [0.13776, 360122.0], [0.13777, 455809.0], [0.13778, 499387.0], [0.13779, 933968.0], [0.1378, 423224.0], [0.13781, 643149.0], [0.13782, 712308.0], [0.13783, 713439.0], [0.13784, 457373.0], [0.13785, 939951.0], [0.13786, 1257117.0], [0.13787, 1066917.0], [0.13788, 808962.0]], "timestamp": "2025-12-14T09:16:19.369705+00:00"}, {"symbol": "DOGEUSDT", "bids": [[0.13768, 248141.0], [0.13767, 274413.0], [0.13766, 360348.0], [0.13765, 461688.0], [0.13764, 1125076.0], [0.13763, 612107.0], [0.13762, 515754.0], [0.13761, 740519.0], [0.1376, 1165506.0], [0.13759, 1342818.0], [0.13758, 391209.0], [0.13757, 493299.0], [0.13756, 350783.0], [0.13755, 668123.0], [0.13754, 362716.0], [0.13753, 705475.0], [0.13752, 296796.0], [0.13751, 912126.0], [0.1375, 605842.0], [0.13749, 1218212.0]], "asks": [[0.13769, 423216.0], [0.1377, 452185.0], [0.13771, 333605.0], [0.13772, 384307.0], [0.13773, 388081.0], [0.13774, 588864.0], [0.13775, 590384.0], [0.13776, 383570.0], [0.13777, 446303.0], [0.13778, 1058837.0], [0.13779, 240913.0], [0.1378, 521329.0], [0.13781, 716028.0], [0.13782, 595456.0], [0.13783, 444506.0], [0.13784, 420769.0], [0.13785, 785021.0], [0.13786, 479749.0], [0.13787, 1031022.0], [0.13788, 811577.0]], "timestamp": "2025-12-14T09:17:12.618379+00:00"}, {"symbol": "DOGEUSDT", "bids": [[0.13775, 339787.0], [0.13774, 369567.0], [0.13773, 526526.0], [0.13772, 578010.0], [0.13771, 620096.0], [0.1377, 957842.0], [0.13769, 879448.0], [0.13768, 825451.0], [0.13767, 1383095.0], [0.13766, 537050.0], [0.13765, 536735.0], [0.13764, 555095.0], [0.13763, 264708.0], [0.13762, 226020.0], [0.13761, 431670.0], [0.1376, 414549.0], [0.13759, 634462.0], [0.13758, 302685.0], [0.13757, 826044.0], [0.13756, 627762.0]], "asks": [[0.13776, 47484.0], [0.13777, 141505.0], [0.13778, 187143.0], [0.13779, 279278.0], [0.1378, 701034.0], [0.13781, 405184.0], [0.13782, 451694.0], [0.13783, 513812.0], [0.13784, 458635.0], [0.13785, 927458.0], [0.13786, 1335834.0], [0.13787, 533253.0], [0.13788, 340016.0], [0.13789, 647830.0], [0.1379, 377010.0], [0.13791, 378529.0], [0.13792, 550949.0], [0.13793, 1350605.0], [0.13794, 541985.0], [0.13795, 640076.0]], "timestamp": "2025-12-14T09:18:05.527171+00:00"}, {"symbol": "DOGEUSDT", "bids": [[0.13771, 186291.0], [0.1377, 295423.0], [0.13769, 303951.0], [0.13768, 621518.0], [0.13767, 711761.0], [0.13766, 820433.0], [0.13765, 504480.0], [0.13764, 739301.0], [0.13763, 1037862.0], [0.13762, 317500.0], [0.13761, 551428.0], [0.1376, 578706.0], [0.13759, 482134.0], [0.13758, 367993.0], [0.13757, 846290.0], [0.13756, 538747.0], [0.13755, 750236.0], [0.13754, 250775.0], [0.13753, 262249.0], [0.13752, 478867.0]], "asks": [[0.13772, 41920.0], [0.13773, 311179.0], [0.13774, 483646.0], [0.13775, 690565.0], [0.13776, 804637.0], [0.13777, 548496.0], [0.13778, 595809.0], [0.13779, 304545.0], [0.1378, 316165.0], [0.13781, 600210.0], [0.13782, 1139220.0], [0.13783, 410685.0], [0.13784, 543692.0], [0.13785, 561189.0], [0.13786, 407124.0], [0.13787, 743866.0], [0.13788, 518536.0], [0.13789, 243360.0], [0.1379, 257606.0], [0.13791, 449219.0]], "timestamp": "2025-12-14T09:18:58.210970+00:00"}, {"symbol": "DOGEUSDT", "bids": [[0.13765, 44531.0], [0.13764, 79973.0], [0.13763, 242505.0], [0.13762, 321355.0], [0.13761, 682070.0], [0.1376, 587326.0], [0.13759, 364563.0], [0.13758, 343818.0], [0.13757, 627084.0], [0.13756, 1024319.0], [0.13755, 660792.0], [0.13754, 327046.0], [0.13753, 311074.0], [0.13752, 311037.0], [0.13751, 538407.0], [0.1375, 519720.0], [0.13749, 460729.0], [0.13748, 839688.0], [0.13747, 554790.0], [0.13746, 1146967.0]], "asks": [[0.13766, 416403.0], [0.13767, 241203.0], [0.13768, 538413.0], [0.13769, 856636.0], [0.1377, 862815.0], [0.13771, 612436.0], [0.13772, 975545.0], [0.13773, 647561.0], [0.13774, 724295.0], [0.13775, 1269262.0], [0.13776, 478848.0], [0.13777, 422580.0], [0.13778, 727913.0], [0.13779, 293786.0], [0.1378, 592919.0], [0.13781, 734431.0], [0.13782, 663993.0], [0.13783, 1005761.0], [0.13784, 726165.0], [0.13785, 645411.0]], "timestamp": "2025-12-14T09:19:51.545463+00:00"}, {"symbol": "DOGEUSDT", "bids": [[0.1377, 51821.0], [0.13769, 190753.0], [0.13768, 296497.0], [0.13767, 434431.0], [0.13766, 773061.0], [0.13765, 867600.0], [0.13764, 502296.0], [0.13763, 302310.0], [0.13762, 874152.0], [0.13761, 412938.0], [0.1376, 412133.0], [0.13759, 442928.0], [0.13758, 343616.0], [0.13757, 394705.0], [0.13756, 404709.0], [0.13755, 789132.0], [0.13754, 399055.0], [0.13753, 984731.0], [0.13752, 274680.0], [0.13751, 738261.0]], "asks": [[0.13771, 224380.0], [0.13772, 308660.0], [0.13773, 322594.0], [0.13774, 653844.0], [0.13775, 639739.0], [0.13776, 848911.0], [0.13777, 679728.0], [0.13778, 436949.0], [0.13779, 360719.0], [0.1378, 606520.0], [0.13781, 1726744.0], [0.13782, 750890.0], [0.13783, 713391.0], [0.13784, 655557.0], [0.13785, 502128.0], [0.13786, 295525.0], [0.13787, 833890.0], [0.13788, 601572.0], [0.13789, 364383.0], [0.1379, 416713.0]], "timestamp": "2025-12-14T09:20:44.589944+00:00"}, {"symbol": "DOGEUSDT", "bids": [[0.13769, 149794.0], [0.13768, 214228.0], [0.13767, 413720.0], [0.13766, 578832.0], [0.13765, 920755.0], [0.13764, 486901.0], [0.13763, 246213.0], [0.13762, 865551.0], [0.13761, 517223.0], [0.1376, 407255.0], [0.13759, 293301.0], [0.13758, 412924.0], [0.13757, 394411.0], [0.13756, 408199.0], [0.13755, 777445.0], [0.13754, 386129.0], [0.13753, 973813.0], [0.13752, 368388.0], [0.13751, 1266045.0], [0.1375, 871048.0]], "asks": [[0.1377, 184680.0], [0.13771, 116577.0], [0.13772, 245999.0], [0.13773, 447193.0], [0.13774, 651362.0], [0.13775, 604699.0], [0.13776, 894236.0], [0.13777, 701641.0], [0.13778, 366722.0], [0.13779, 413333.0], [0.1378, 1344059.0], [0.13781, 865539.0], [0.13782, 734967.0], [0.13783, 684788.0], [0.13784, 546735.0], [0.13785, 502273.0], [0.13786, 290436.0], [0.13787, 839059.0], [0.13788, 624148.0], [0.13789, 390321.0]], "timestamp": "2025-12-14T09:21:37.570058+00:00"}, {"symbol": "DOGEUSDT", "bids": [[0.13769, 188433.0], [0.13768, 288242.0], [0.13767, 436266.0], [0.13766, 643119.0], [0.13765, 1007812.0], [0.13764, 573815.0], [0.13763, 381096.0], [0.13762, 964545.0], [0.13761, 518460.0], [0.1376, 400196.0], [0.13759, 363659.0], [0.13758, 258262.0], [0.13757, 480372.0], [0.13756, 332539.0], [0.13755, 600717.0], [0.13754, 420364.0], [0.13753, 961032.0], [0.13752, 345158.0], [0.13751, 1265677.0], [0.1375, 871048.0]], "asks": [[0.1377, 118026.0], [0.13771, 109076.0], [0.13772, 139379.0], [0.13773, 388872.0], [0.13774, 651729.0], [0.13775, 676544.0], [0.13776, 585457.0], [0.13777, 598742.0], [0.13778, 377111.0], [0.13779, 396468.0], [0.1378, 1311673.0], [0.13781, 763560.0], [0.13782, 770120.0], [0.13783, 587432.0], [0.13784, 533885.0], [0.13785, 499909.0], [0.13786, 401241.0], [0.13787, 847991.0], [0.13788, 653934.0], [0.13789, 401687.0]], "timestamp": "2025-12-14T09:22:31.086956+00:00"}, {"symbol": "DOGEUSDT", "bids": [[0.13766, 508969.0], [0.13765, 740532.0], [0.13764, 255629.0], [0.13763, 489426.0], [0.13762, 421914.0], [0.13761, 540714.0], [0.1376, 560591.0], [0.13759, 350064.0], [0.13758, 420191.0], [0.13757, 1208147.0], [0.13756, 288094.0], [0.13755, 491907.0], [0.13754, 309536.0], [0.13753, 272733.0], [0.13752, 295156.0], [0.13751, 834072.0], [0.1375, 676805.0], [0.13749, 423850.0], [0.13748, 689477.0], [0.13747, 490957.0]], "asks": [[0.13767, 113133.0], [0.13768, 87220.0], [0.13769, 588299.0], [0.1377, 361080.0], [0.13771, 665204.0], [0.13772, 342879.0], [0.13773, 520960.0], [0.13774, 403824.0], [0.13775, 694932.0], [0.13776, 1207794.0], [0.13777, 574934.0], [0.13778, 587853.0], [0.13779, 532607.0], [0.1378, 441336.0], [0.13781, 704072.0], [0.13782, 438304.0], [0.13783, 524118.0], [0.13784, 634079.0], [0.13785, 717175.0], [0.13786, 1494017.0]], "timestamp": "2025-12-14T09:23:24.150732+00:00"}, {"symbol": "DOGEUSDT", "bids": [[0.1376, 246763.0], [0.13759, 280942.0], [0.13758, 230775.0], [0.13757, 485121.0], [0.13756, 720648.0], [0.13755, 673391.0], [0.13754, 482188.0], [0.13753, 208876.0], [0.13752, 348841.0], [0.13751, 1199624.0], [0.1375, 518736.0], [0.13749, 370410.0], [0.13748, 252534.0], [0.13747, 463059.0], [0.13746, 366969.0], [0.13745, 428237.0], [0.13744, 990038.0], [0.13743, 400615.0], [0.13742, 652065.0], [0.13741, 882943.0]], "asks": [[0.13761, 101337.0], [0.13762, 155505.0], [0.13763, 354794.0], [0.13764, 382527.0], [0.13765, 837411.0], [0.13766, 760532.0], [0.13767, 1030630.0], [0.13768, 594702.0], [0.13769, 498952.0], [0.1377, 560940.0], [0.13771, 1296795.0], [0.13772, 413142.0], [0.13773, 466377.0], [0.13774, 480199.0], [0.13775, 482993.0], [0.13776, 522604.0], [0.13777, 599666.0], [0.13778, 678226.0], [0.13779, 279993.0], [0.1378, 546718.0]], "timestamp": "2025-12-14T09:24:17.379630+00:00"}, {"symbol": "DOGEUSDT", "bids": [[0.13761, 187977.0], [0.1376, 254282.0], [0.13759, 324798.0], [0.13758, 457262.0], [0.13757, 701481.0], [0.13756, 588434.0], [0.13755, 412109.0], [0.13754, 395780.0], [0.13753, 859640.0], [0.13752, 296187.0], [0.13751, 634889.0], [0.1375, 588408.0], [0.13749, 280725.0], [0.13748, 329078.0], [0.13747, 762892.0], [0.13746, 341890.0], [0.13745, 540206.0], [0.13744, 943956.0], [0.13743, 1092075.0], [0.13742, 831615.0]], "asks": [[0.13762, 65310.0], [0.13763, 200659.0], [0.13764, 241953.0], [0.13765, 347120.0], [0.13766, 619101.0], [0.13767, 576764.0], [0.13768, 1014407.0], [0.13769, 615737.0], [0.1377, 580902.0], [0.13771, 1391077.0], [0.13772, 447919.0], [0.13773, 647807.0], [0.13774, 584812.0], [0.13775, 484090.0], [0.13776, 433138.0], [0.13777, 582679.0], [0.13778, 705433.0], [0.13779, 507541.0], [0.1378, 765888.0], [0.13781, 1588245.0]], "timestamp": "2025-12-14T09:25:10.238293+00:00"}, {"symbol": "DOGEUSDT", "bids": [[0.1376, 581536.0], [0.13759, 465486.0], [0.13758, 315425.0], [0.13757, 536236.0], [0.13756, 778954.0], [0.13755, 582964.0], [0.13754, 292294.0], [0.13753, 325322.0], [0.13752, 990307.0], [0.13751, 715222.0], [0.1375, 521028.0], [0.13749, 441432.0], [0.13748, 295401.0], [0.13747, 486754.0], [0.13746, 323926.0], [0.13745, 427238.0], [0.13744, 1083372.0], [0.13743, 1092363.0], [0.13742, 717402.0], [0.13741, 785983.0]], "asks": [[0.13761, 28297.0], [0.13762, 66211.0], [0.13763, 202204.0], [0.13764, 353859.0], [0.13765, 489244.0], [0.13766, 589729.0], [0.13767, 664274.0], [0.13768, 964408.0], [0.13769, 637590.0], [0.1377, 375470.0], [0.13771, 1222214.0], [0.13772, 451807.0], [0.13773, 635220.0], [0.13774, 630750.0], [0.13775, 297038.0], [0.13776, 262517.0], [0.13777, 479113.0], [0.13778, 566958.0], [0.13779, 426668.0], [0.1378, 762632.0]], "timestamp": "2025-12-14T09:26:03.126117+00:00"}, {"symbol": "DOGEUSDT", "bids": [[0.13756, 243361.0], [0.13755, 243234.0], [0.13754, 400752.0], [0.13753, 346032.0], [0.13752, 774443.0], [0.13751, 1121013.0], [0.1375, 637507.0], [0.13749, 625018.0], [0.13748, 1017469.0], [0.13747, 676917.0], [0.13746, 272059.0], [0.13745, 500551.0], [0.13744, 466678.0], [0.13743, 408097.0], [0.13742, 997959.0], [0.13741, 1303773.0], [0.1374, 1046016.0], [0.13739, 370531.0], [0.13738, 721994.0], [0.13737, 1297537.0]], "asks": [[0.13757, 245985.0], [0.13758, 253118.0], [0.13759, 380190.0], [0.1376, 455741.0], [0.13761, 337418.0], [0.13762, 572969.0], [0.13763, 661179.0], [0.13764, 464853.0], [0.13765, 595211.0], [0.13766, 445662.0], [0.13767, 1266450.0], [0.13768, 490328.0], [0.13769, 665725.0], [0.1377, 655133.0], [0.13771, 398878.0], [0.13772, 397275.0], [0.13773, 353564.0], [0.13774, 685800.0], [0.13775, 555882.0], [0.13776, 216968.0]], "timestamp": "2025-12-14T09:26:56.511368+00:00"}, {"symbol": "DOGEUSDT", "bids": [[0.13759, 38778.0], [0.13758, 473331.0], [0.13757, 463013.0], [0.13756, 438902.0], [0.13755, 502172.0], [0.13754, 593208.0], [0.13753, 353189.0], [0.13752, 566649.0], [0.13751, 1623144.0], [0.1375, 1135184.0], [0.13749, 574071.0], [0.13748, 245923.0], [0.13747, 436883.0], [0.13746, 204157.0], [0.13745, 401859.0], [0.13744, 391164.0], [0.13743, 541076.0], [0.13742, 847798.0], [0.13741, 447580.0], [0.1374, 1162796.0]], "asks": [[0.1376, 242699.0], [0.13761, 129895.0], [0.13762, 365972.0], [0.13763, 476122.0], [0.13764, 520322.0], [0.13765, 579166.0], [0.13766, 527051.0], [0.13767, 643229.0], [0.13768, 539899.0], [0.13769, 701938.0], [0.1377, 1414309.0], [0.13771, 467558.0], [0.13772, 502250.0], [0.13773, 486740.0], [0.13774, 670095.0], [0.13775, 503118.0], [0.13776, 210861.0], [0.13777, 523916.0], [0.13778, 759755.0], [0.13779, 412556.0]], "timestamp": "2025-12-14T09:27:49.677593+00:00"}, {"symbol": "DOGEUSDT", "bids": [[0.13764, 107676.0], [0.13763, 62515.0], [0.13762, 202215.0], [0.13761, 382084.0], [0.1376, 745656.0], [0.13759, 538041.0], [0.13758, 816011.0], [0.13757, 596446.0], [0.13756, 987502.0], [0.13755, 312434.0], [0.13754, 613770.0], [0.13753, 214827.0], [0.13752, 381609.0], [0.13751, 572367.0], [0.1375, 584638.0], [0.13749, 532810.0], [0.13748, 293051.0], [0.13747, 707316.0], [0.13746, 513239.0], [0.13745, 1531899.0]], "asks": [[0.13765, 332952.0], [0.13766, 353490.0], [0.13767, 381150.0], [0.13768, 356719.0], [0.13769, 648571.0], [0.1377, 611198.0], [0.13771, 351567.0], [0.13772, 496308.0], [0.13773, 667585.0], [0.13774, 523404.0], [0.13775, 1014435.0], [0.13776, 723314.0], [0.13777, 534292.0], [0.13778, 371467.0], [0.13779, 391516.0], [0.1378, 655568.0], [0.13781, 1208042.0], [0.13782, 323264.0], [0.13783, 714036.0], [0.13784, 721693.0]], "timestamp": "2025-12-14T09:28:42.750806+00:00"}, {"symbol": "DOGEUSDT", "bids": [[0.13753, 341298.0], [0.13752, 245514.0], [0.13751, 376243.0], [0.1375, 484707.0], [0.13749, 840432.0], [0.13748, 584189.0], [0.13747, 421101.0], [0.13746, 428919.0], [0.13745, 1352782.0], [0.13744, 381534.0], [0.13743, 380901.0], [0.13742, 416047.0], [0.13741, 494123.0], [0.1374, 610895.0], [0.13739, 302821.0], [0.13738, 576656.0], [0.13737, 692826.0], [0.13736, 802673.0], [0.13735, 1237117.0], [0.13734, 406168.0]], "asks": [[0.13754, 600431.0], [0.13755, 124361.0], [0.13756, 260464.0], [0.13757, 454015.0], [0.13758, 903962.0], [0.13759, 860426.0], [0.1376, 1010870.0], [0.13761, 426803.0], [0.13762, 563961.0], [0.13763, 437045.0], [0.13764, 535875.0], [0.13765, 1354686.0], [0.13766, 406522.0], [0.13767, 519864.0], [0.13768, 1007786.0], [0.13769, 513551.0], [0.1377, 599535.0], [0.13771, 533113.0], [0.13772, 650883.0], [0.13773, 856209.0]], "timestamp": "2025-12-14T09:29:36.269861+00:00"}, {"symbol": "DOGEUSDT", "bids": [[0.13746, 1065594.0], [0.13745, 59914.0], [0.13744, 231824.0], [0.13743, 314535.0], [0.13742, 674932.0], [0.13741, 933843.0], [0.1374, 605872.0], [0.13739, 322050.0], [0.13738, 301209.0], [0.13737, 515874.0], [0.13736, 1108018.0], [0.13735, 456221.0], [0.13734, 315868.0], [0.13733, 293000.0], [0.13732, 392038.0], [0.13731, 982455.0], [0.1373, 981479.0], [0.13729, 578347.0], [0.13728, 746291.0], [0.13727, 447184.0]], "asks": [[0.13747, 437362.0], [0.13748, 213733.0], [0.13749, 529788.0], [0.1375, 621575.0], [0.13751, 694873.0], [0.13752, 774805.0], [0.13753, 688836.0], [0.13754, 767394.0], [0.13755, 766423.0], [0.13756, 1429406.0], [0.13757, 561266.0], [0.13758, 494787.0], [0.13759, 660983.0], [0.1376, 427582.0], [0.13761, 508797.0], [0.13762, 368857.0], [0.13763, 534860.0], [0.13764, 240744.0], [0.13765, 493501.0], [0.13766, 430914.0]], "timestamp": "2025-12-14T09:30:29.120439+00:00"}, {"symbol": "DOGEUSDT", "bids": [[0.13752, 81658.0], [0.13751, 268140.0], [0.1375, 461811.0], [0.13749, 470921.0], [0.13748, 882118.0], [0.13747, 796025.0], [0.13746, 821581.0], [0.13745, 803821.0], [0.13744, 542081.0], [0.13743, 690645.0], [0.13742, 576038.0], [0.13741, 1421559.0], [0.1374, 343624.0], [0.13739, 432699.0], [0.13738, 214397.0], [0.13737, 557247.0], [0.13736, 1028330.0], [0.13735, 522083.0], [0.13734, 494215.0], [0.13733, 307725.0]], "asks": [[0.13753, 205343.0], [0.13754, 179282.0], [0.13755, 344235.0], [0.13756, 477481.0], [0.13757, 774046.0], [0.13758, 491442.0], [0.13759, 690355.0], [0.1376, 544953.0], [0.13761, 1070055.0], [0.13762, 409181.0], [0.13763, 297335.0], [0.13764, 370854.0], [0.13765, 572845.0], [0.13766, 646508.0], [0.13767, 696492.0], [0.13768, 1695428.0], [0.13769, 602763.0], [0.1377, 558523.0], [0.13771, 444797.0], [0.13772, 746549.0]], "timestamp": "2025-12-14T09:31:22.346111+00:00"}, {"symbol": "DOGEUSDT", "bids": [[0.13748, 36810.0], [0.13747, 159005.0], [0.13746, 185858.0], [0.13745, 496744.0], [0.13744, 815136.0], [0.13743, 645692.0], [0.13742, 489702.0], [0.13741, 307962.0], [0.1374, 354979.0], [0.13739, 463695.0], [0.13738, 833065.0], [0.13737, 313728.0], [0.13736, 438423.0], [0.13735, 391703.0], [0.13734, 231383.0], [0.13733, 404215.0], [0.13732, 678229.0], [0.13731, 977189.0], [0.1373, 1057362.0], [0.13729, 773456.0]], "asks": [[0.13749, 192722.0], [0.1375, 438412.0], [0.13751, 283444.0], [0.13752, 417580.0], [0.13753, 734033.0], [0.13754, 589385.0], [0.13755, 828820.0], [0.13756, 1275875.0], [0.13757, 424945.0], [0.13758, 320377.0], [0.13759, 518907.0], [0.1376, 428246.0], [0.13761, 617946.0], [0.13762, 620591.0], [0.13763, 311003.0], [0.13764, 459720.0], [0.13765, 450774.0], [0.13766, 266662.0], [0.13767, 615787.0], [0.13768, 1468518.0]], "timestamp": "2025-12-14T09:32:15.389232+00:00"}, {"symbol": "DOGEUSDT", "bids": [[0.13762, 478328.0], [0.13761, 516967.0], [0.1376, 608135.0], [0.13759, 311100.0], [0.13758, 760147.0], [0.13757, 1003434.0], [0.13756, 501288.0], [0.13755, 700614.0], [0.13754, 705566.0], [0.13753, 487189.0], [0.13752, 1048357.0], [0.13751, 325967.0], [0.1375, 297327.0], [0.13749, 437222.0], [0.13748, 297176.0], [0.13747, 388216.0], [0.13746, 227750.0], [0.13745, 231395.0], [0.13744, 385251.0], [0.13743, 1425468.0]], "asks": [[0.13763, 18212.0], [0.13764, 31623.0], [0.13765, 223057.0], [0.13766, 590082.0], [0.13767, 436540.0], [0.13768, 499416.0], [0.13769, 523369.0], [0.1377, 496036.0], [0.13771, 376687.0], [0.13772, 1152340.0], [0.13773, 562653.0], [0.13774, 521227.0], [0.13775, 777489.0], [0.13776, 679823.0], [0.13777, 1400046.0], [0.13778, 445722.0], [0.13779, 366022.0], [0.1378, 478984.0], [0.13781, 921120.0], [0.13782, 830127.0]], "timestamp": "2025-12-14T09:33:08.400111+00:00"}, {"symbol": "DOGEUSDT", "bids": [[0.13765, 24326.0], [0.13764, 42667.0], [0.13763, 159834.0], [0.13762, 265737.0], [0.13761, 571841.0], [0.1376, 399966.0], [0.13759, 476319.0], [0.13758, 989666.0], [0.13757, 877053.0], [0.13756, 310745.0], [0.13755, 503410.0], [0.13754, 592592.0], [0.13753, 1157797.0], [0.13752, 345568.0], [0.13751, 790694.0], [0.1375, 204985.0], [0.13749, 463049.0], [0.13748, 543014.0], [0.13747, 424550.0], [0.13746, 365388.0]], "asks": [[0.13766, 264330.0], [0.13767, 422348.0], [0.13768, 483135.0], [0.13769, 556329.0], [0.1377, 771799.0], [0.13771, 817981.0], [0.13772, 727145.0], [0.13773, 1480413.0], [0.13774, 615920.0], [0.13775, 351169.0], [0.13776, 481810.0], [0.13777, 522066.0], [0.13778, 406981.0], [0.13779, 541896.0], [0.1378, 872168.0], [0.13781, 618129.0], [0.13782, 588926.0], [0.13783, 196201.0], [0.13784, 522718.0], [0.13785, 1074354.0]], "timestamp": "2025-12-14T09:34:01.478014+00:00"}, {"symbol": "DOGEUSDT", "bids": [[0.13761, 41949.0], [0.1376, 168119.0], [0.13759, 282487.0], [0.13758, 395002.0], [0.13757, 910929.0], [0.13756, 410305.0], [0.13755, 423096.0], [0.13754, 392427.0], [0.13753, 374473.0], [0.13752, 424456.0], [0.13751, 862539.0], [0.1375, 250358.0], [0.13749, 500759.0], [0.13748, 346290.0], [0.13747, 325126.0], [0.13746, 364889.0], [0.13745, 699162.0], [0.13744, 347870.0], [0.13743, 923048.0], [0.13742, 586810.0]], "asks": [[0.13762, 153451.0], [0.13763, 268807.0], [0.13764, 463987.0], [0.13765, 663400.0], [0.13766, 1070722.0], [0.13767, 754980.0], [0.13768, 526136.0], [0.13769, 562861.0], [0.1377, 1126480.0], [0.13771, 558043.0], [0.13772, 462635.0], [0.13773, 568366.0], [0.13774, 492134.0], [0.13775, 443640.0], [0.13776, 713767.0], [0.13777, 928870.0], [0.13778, 572975.0], [0.13779, 822777.0], [0.1378, 1538961.0], [0.13781, 472552.0]], "timestamp": "2025-12-14T09:34:54.649103+00:00"}, {"symbol": "DOGEUSDT", "bids": [[0.13763, 95924.0], [0.13762, 242643.0], [0.13761, 395343.0], [0.1376, 361898.0], [0.13759, 836039.0], [0.13758, 653708.0], [0.13757, 832799.0], [0.13756, 477440.0], [0.13755, 371108.0], [0.13754, 337610.0], [0.13753, 366441.0], [0.13752, 1089367.0], [0.13751, 329936.0], [0.1375, 247086.0], [0.13749, 431794.0], [0.13748, 372098.0], [0.13747, 677652.0], [0.13746, 384470.0], [0.13745, 730563.0], [0.13744, 425672.0]], "asks": [[0.13764, 206499.0], [0.13765, 341041.0], [0.13766, 523897.0], [0.13767, 657916.0], [0.13768, 617443.0], [0.13769, 561114.0], [0.1377, 452644.0], [0.13771, 1202534.0], [0.13772, 403928.0], [0.13773, 563849.0], [0.13774, 677015.0], [0.13775, 710974.0], [0.13776, 817758.0], [0.13777, 814845.0], [0.13778, 583169.0], [0.13779, 704919.0], [0.1378, 846342.0], [0.13781, 791475.0], [0.13782, 1843019.0], [0.13783, 575451.0]], "timestamp": "2025-12-14T09:35:48.077293+00:00"}, {"symbol": "DOGEUSDT", "bids": [[0.13761, 23605.0], [0.1376, 93678.0], [0.13759, 195354.0], [0.13758, 311489.0], [0.13757, 325577.0], [0.13756, 349140.0], [0.13755, 490332.0], [0.13754, 517290.0], [0.13753, 456242.0], [0.13752, 879079.0], [0.13751, 371786.0], [0.1375, 303631.0], [0.13749, 500862.0], [0.13748, 366972.0], [0.13747, 327722.0], [0.13746, 400259.0], [0.13745, 709293.0], [0.13744, 285239.0], [0.13743, 890744.0], [0.13742, 1281359.0]], "asks": [[0.13762, 202500.0], [0.13763, 331277.0], [0.13764, 393854.0], [0.13765, 569615.0], [0.13766, 705026.0], [0.13767, 820707.0], [0.13768, 460083.0], [0.13769, 524629.0], [0.1377, 1086292.0], [0.13771, 533673.0], [0.13772, 530112.0], [0.13773, 592540.0], [0.13774, 454934.0], [0.13775, 434532.0], [0.13776, 742286.0], [0.13777, 815213.0], [0.13778, 538678.0], [0.13779, 743246.0], [0.1378, 1335432.0], [0.13781, 769270.0]], "timestamp": "2025-12-14T09:36:40.813551+00:00"}, {"symbol": "DOGEUSDT", "bids": [[0.13768, 297099.0], [0.13767, 375491.0], [0.13766, 357729.0], [0.13765, 603872.0], [0.13764, 707144.0], [0.13763, 582485.0], [0.13762, 642666.0], [0.13761, 796048.0], [0.1376, 482134.0], [0.13759, 459448.0], [0.13758, 951405.0], [0.13757, 412979.0], [0.13756, 257543.0], [0.13755, 294139.0], [0.13754, 347631.0], [0.13753, 310361.0], [0.13752, 347231.0], [0.13751, 677510.0], [0.1375, 932015.0], [0.13749, 432582.0]], "asks": [[0.13769, 72174.0], [0.1377, 170957.0], [0.13771, 258677.0], [0.13772, 517055.0], [0.13773, 917556.0], [0.13774, 502372.0], [0.13775, 403535.0], [0.13776, 409472.0], [0.13777, 738030.0], [0.13778, 1222462.0], [0.13779, 542599.0], [0.1378, 688993.0], [0.13781, 831227.0], [0.13782, 954881.0], [0.13783, 407000.0], [0.13784, 1341212.0], [0.13785, 495971.0], [0.13786, 649657.0], [0.13787, 922179.0], [0.13788, 635425.0]], "timestamp": "2025-12-14T09:37:34.410659+00:00"}, {"symbol": "DOGEUSDT", "bids": [[0.13765, 30919.0], [0.13764, 128458.0], [0.13763, 240123.0], [0.13762, 363000.0], [0.13761, 657004.0], [0.1376, 557288.0], [0.13759, 478552.0], [0.13758, 417950.0], [0.13757, 340217.0], [0.13756, 839949.0], [0.13755, 325321.0], [0.13754, 472524.0], [0.13753, 389950.0], [0.13752, 367471.0], [0.13751, 700025.0], [0.1375, 886559.0], [0.13749, 654167.0], [0.13748, 445957.0], [0.13747, 427410.0], [0.13746, 520209.0]], "asks": [[0.13766, 216046.0], [0.13767, 228581.0], [0.13768, 465573.0], [0.13769, 503907.0], [0.1377, 754564.0], [0.13771, 693540.0], [0.13772, 637560.0], [0.13773, 650046.0], [0.13774, 1298104.0], [0.13775, 415724.0], [0.13776, 706995.0], [0.13777, 573714.0], [0.13778, 393653.0], [0.13779, 436908.0], [0.1378, 533094.0], [0.13781, 639580.0], [0.13782, 792119.0], [0.13783, 308899.0], [0.13784, 620253.0], [0.13785, 499050.0]], "timestamp": "2025-12-14T09:38:27.619502+00:00"}, {"symbol": "DOGEUSDT", "bids": [[0.13758, 125669.0], [0.13757, 206316.0], [0.13756, 275575.0], [0.13755, 297206.0], [0.13754, 520015.0], [0.13753, 318372.0], [0.13752, 382046.0], [0.13751, 326152.0], [0.1375, 354342.0], [0.13749, 1137434.0], [0.13748, 276991.0], [0.13747, 501101.0], [0.13746, 258461.0], [0.13745, 276859.0], [0.13744, 337940.0], [0.13743, 673621.0], [0.13742, 1417844.0], [0.13741, 311605.0], [0.1374, 873883.0], [0.13739, 649734.0]], "asks": [[0.13759, 105495.0], [0.1376, 106614.0], [0.13761, 269398.0], [0.13762, 410016.0], [0.13763, 820379.0], [0.13764, 894966.0], [0.13765, 715806.0], [0.13766, 377833.0], [0.13767, 729173.0], [0.13768, 1446476.0], [0.13769, 416576.0], [0.1377, 762333.0], [0.13771, 638108.0], [0.13772, 580985.0], [0.13773, 541139.0], [0.13774, 487006.0], [0.13775, 502212.0], [0.13776, 578605.0], [0.13777, 1077735.0], [0.13778, 442973.0]], "timestamp": "2025-12-14T09:39:21.071578+00:00"}, {"symbol": "DOGEUSDT", "bids": [[0.13759, 211100.0], [0.13758, 273744.0], [0.13757, 169925.0], [0.13756, 411435.0], [0.13755, 435257.0], [0.13754, 499086.0], [0.13753, 436243.0], [0.13752, 372903.0], [0.13751, 430612.0], [0.1375, 958890.0], [0.13749, 705096.0], [0.13748, 370471.0], [0.13747, 262193.0], [0.13746, 347206.0], [0.13745, 770579.0], [0.13744, 286346.0], [0.13743, 802495.0], [0.13742, 1299705.0], [0.13741, 350883.0], [0.1374, 293613.0]], "asks": [[0.1376, 206297.0], [0.13761, 303054.0], [0.13762, 360196.0], [0.13763, 456517.0], [0.13764, 776999.0], [0.13765, 642891.0], [0.13766, 555773.0], [0.13767, 661978.0], [0.13768, 719874.0], [0.13769, 1361997.0], [0.1377, 622878.0], [0.13771, 691573.0], [0.13772, 720887.0], [0.13773, 540908.0], [0.13774, 519436.0], [0.13775, 739803.0], [0.13776, 531718.0], [0.13777, 750404.0], [0.13778, 592853.0], [0.13779, 1307484.0]], "timestamp": "2025-12-14T09:40:14.377936+00:00"}, {"symbol": "DOGEUSDT", "bids": [[0.13754, 21195.0], [0.13753, 98000.0], [0.13752, 227847.0], [0.13751, 209041.0], [0.1375, 566167.0], [0.13749, 388929.0], [0.13748, 332621.0], [0.13747, 310509.0], [0.13746, 396616.0], [0.13745, 982193.0], [0.13744, 279648.0], [0.13743, 622305.0], [0.13742, 343539.0], [0.13741, 405610.0], [0.1374, 757448.0], [0.13739, 496763.0], [0.13738, 668486.0], [0.13737, 1036992.0], [0.13736, 808984.0], [0.13735, 1178196.0]], "asks": [[0.13755, 355001.0], [0.13756, 472891.0], [0.13757, 557359.0], [0.13758, 575333.0], [0.13759, 822821.0], [0.1376, 430381.0], [0.13761, 645822.0], [0.13762, 628157.0], [0.13763, 414840.0], [0.13764, 1168922.0], [0.13765, 616525.0], [0.13766, 405677.0], [0.13767, 467408.0], [0.13768, 456241.0], [0.13769, 600872.0], [0.1377, 611874.0], [0.13771, 668058.0], [0.13772, 1046501.0], [0.13773, 611997.0], [0.13774, 862269.0]], "timestamp": "2025-12-14T09:41:07.628893+00:00"}, {"symbol": "DOGEUSDT", "bids": [[0.13752, 32396.0], [0.13751, 96327.0], [0.1375, 232305.0], [0.13749, 203383.0], [0.13748, 572233.0], [0.13747, 419720.0], [0.13746, 502308.0], [0.13745, 439356.0], [0.13744, 356437.0], [0.13743, 1231743.0], [0.13742, 317440.0], [0.13741, 313296.0], [0.1374, 287916.0], [0.13739, 518505.0], [0.13738, 362194.0], [0.13737, 949801.0], [0.13736, 488958.0], [0.13735, 1042214.0], [0.13734, 951182.0], [0.13733, 961032.0]], "asks": [[0.13753, 381754.0], [0.13754, 379537.0], [0.13755, 630076.0], [0.13756, 466483.0], [0.13757, 813045.0], [0.13758, 1005482.0], [0.13759, 648459.0], [0.1376, 335087.0], [0.13761, 534141.0], [0.13762, 1389160.0], [0.13763, 595594.0], [0.13764, 424070.0], [0.13765, 500143.0], [0.13766, 663304.0], [0.13767, 390131.0], [0.13768, 421551.0], [0.13769, 589850.0], [0.1377, 532903.0], [0.13771, 645071.0], [0.13772, 999863.0]], "timestamp": "2025-12-14T09:42:00.758482+00:00"}, {"symbol": "DOGEUSDT", "bids": [[0.13752, 72876.0], [0.13751, 169679.0], [0.1375, 281879.0], [0.13749, 225914.0], [0.13748, 632227.0], [0.13747, 429397.0], [0.13746, 491918.0], [0.13745, 420497.0], [0.13744, 869812.0], [0.13743, 535141.0], [0.13742, 417126.0], [0.13741, 313621.0], [0.1374, 275793.0], [0.13739, 443415.0], [0.13738, 243695.0], [0.13737, 309727.0], [0.13736, 614718.0], [0.13735, 1056448.0], [0.13734, 835808.0], [0.13733, 320920.0]], "asks": [[0.13753, 245970.0], [0.13754, 333311.0], [0.13755, 339163.0], [0.13756, 572013.0], [0.13757, 890047.0], [0.13758, 914648.0], [0.13759, 493932.0], [0.1376, 359118.0], [0.13761, 582435.0], [0.13762, 1466871.0], [0.13763, 653995.0], [0.13764, 419214.0], [0.13765, 499361.0], [0.13766, 552275.0], [0.13767, 407858.0], [0.13768, 439913.0], [0.13769, 442780.0], [0.1377, 518954.0], [0.13771, 701279.0], [0.13772, 1156449.0]], "timestamp": "2025-12-14T09:42:54.289174+00:00"}, {"symbol": "DOGEUSDT", "bids": [[0.13752, 175211.0], [0.13751, 241271.0], [0.1375, 283362.0], [0.13749, 264908.0], [0.13748, 632794.0], [0.13747, 419171.0], [0.13746, 484437.0], [0.13745, 527369.0], [0.13744, 854931.0], [0.13743, 541599.0], [0.13742, 401007.0], [0.13741, 312488.0], [0.1374, 271469.0], [0.13739, 597138.0], [0.13738, 218280.0], [0.13737, 290519.0], [0.13736, 526757.0], [0.13735, 1166401.0], [0.13734, 862808.0], [0.13733, 320957.0]], "asks": [[0.13753, 38608.0], [0.13754, 148427.0], [0.13755, 247420.0], [0.13756, 447522.0], [0.13757, 1074696.0], [0.13758, 998300.0], [0.13759, 574012.0], [0.1376, 404637.0], [0.13761, 584837.0], [0.13762, 1536520.0], [0.13763, 666622.0], [0.13764, 422490.0], [0.13765, 503244.0], [0.13766, 724346.0], [0.13767, 399160.0], [0.13768, 442039.0], [0.13769, 450480.0], [0.1377, 500030.0], [0.13771, 592737.0], [0.13772, 1238679.0]], "timestamp": "2025-12-14T09:43:47.844568+00:00"}, {"symbol": "DOGEUSDT", "bids": [[0.1375, 87058.0], [0.13749, 38004.0], [0.13748, 256631.0], [0.13747, 128099.0], [0.13746, 433821.0], [0.13745, 579930.0], [0.13744, 334967.0], [0.13743, 529066.0], [0.13742, 399301.0], [0.13741, 285974.0], [0.1374, 829532.0], [0.13739, 682111.0], [0.13738, 158163.0], [0.13737, 336915.0], [0.13736, 556293.0], [0.13735, 959925.0], [0.13734, 926322.0], [0.13733, 336139.0], [0.13732, 1292878.0], [0.13731, 1229156.0]], "asks": [[0.13751, 532719.0], [0.13752, 567624.0], [0.13753, 601226.0], [0.13754, 391696.0], [0.13755, 622990.0], [0.13756, 638773.0], [0.13757, 723136.0], [0.13758, 741152.0], [0.13759, 532148.0], [0.1376, 1168558.0], [0.13761, 486045.0], [0.13762, 564209.0], [0.13763, 502103.0], [0.13764, 436404.0], [0.13765, 494482.0], [0.13766, 509125.0], [0.13767, 661368.0], [0.13768, 398040.0], [0.13769, 317529.0], [0.1377, 366700.0]], "timestamp": "2025-12-14T09:44:42.099748+00:00"}, {"symbol": "DOGEUSDT", "bids": [[0.13749, 23691.0], [0.13748, 87284.0], [0.13747, 194349.0], [0.13746, 282525.0], [0.13745, 396265.0], [0.13744, 600878.0], [0.13743, 585228.0], [0.13742, 394729.0], [0.13741, 520895.0], [0.1374, 1058012.0], [0.13739, 700313.0], [0.13738, 167686.0], [0.13737, 366285.0], [0.13736, 504656.0], [0.13735, 866844.0], [0.13734, 427046.0], [0.13733, 251524.0], [0.13732, 805405.0], [0.13731, 1235343.0], [0.1373, 884870.0]], "asks": [[0.1375, 239912.0], [0.13751, 308264.0], [0.13752, 388059.0], [0.13753, 446056.0], [0.13754, 649093.0], [0.13755, 555180.0], [0.13756, 533664.0], [0.13757, 648761.0], [0.13758, 1516092.0], [0.13759, 498366.0], [0.1376, 460659.0], [0.13761, 600347.0], [0.13762, 814991.0], [0.13763, 538593.0], [0.13764, 383361.0], [0.13765, 465246.0], [0.13766, 424385.0], [0.13767, 645026.0], [0.13768, 831301.0], [0.13769, 1476816.0]], "timestamp": "2025-12-14T09:45:35.350153+00:00"}, {"symbol": "DOGEUSDT", "bids": [[0.13752, 279880.0], [0.13751, 286492.0], [0.1375, 313307.0], [0.13749, 384425.0], [0.13748, 438101.0], [0.13747, 554508.0], [0.13746, 575643.0], [0.13745, 621776.0], [0.13744, 913146.0], [0.13743, 323882.0], [0.13742, 403646.0], [0.13741, 465033.0], [0.1374, 297455.0], [0.13739, 595705.0], [0.13738, 176259.0], [0.13737, 333355.0], [0.13736, 987345.0], [0.13735, 976648.0], [0.13734, 324711.0], [0.13733, 356779.0]], "asks": [[0.13753, 4504.0], [0.13754, 129107.0], [0.13755, 292242.0], [0.13756, 523112.0], [0.13757, 947745.0], [0.13758, 1022424.0], [0.13759, 528387.0], [0.1376, 355020.0], [0.13761, 690597.0], [0.13762, 1635138.0], [0.13763, 625338.0], [0.13764, 497200.0], [0.13765, 471011.0], [0.13766, 580356.0], [0.13767, 784652.0], [0.13768, 699359.0], [0.13769, 804702.0], [0.1377, 773083.0], [0.13771, 431048.0], [0.13772, 921401.0]], "timestamp": "2025-12-14T09:46:28.591079+00:00"}, {"symbol": "DOGEUSDT", "bids": [[0.13755, 5354.0], [0.13754, 165714.0], [0.13753, 228563.0], [0.13752, 321985.0], [0.13751, 789886.0], [0.1375, 620556.0], [0.13749, 520233.0], [0.13748, 436163.0], [0.13747, 320003.0], [0.13746, 585787.0], [0.13745, 885563.0], [0.13744, 208722.0], [0.13743, 424000.0], [0.13742, 505546.0], [0.13741, 752730.0], [0.1374, 357607.0], [0.13739, 1079741.0], [0.13738, 491351.0], [0.13737, 1068158.0], [0.13736, 1455633.0]], "asks": [[0.13756, 531581.0], [0.13757, 487794.0], [0.13758, 404304.0], [0.13759, 527249.0], [0.1376, 788042.0], [0.13761, 995158.0], [0.13762, 605388.0], [0.13763, 737854.0], [0.13764, 1339686.0], [0.13765, 581638.0], [0.13766, 484603.0], [0.13767, 490152.0], [0.13768, 423546.0], [0.13769, 349540.0], [0.1377, 396312.0], [0.13771, 565989.0], [0.13772, 711399.0], [0.13773, 639544.0], [0.13774, 954669.0], [0.13775, 562915.0]], "timestamp": "2025-12-14T09:47:22.358089+00:00"}, {"symbol": "DOGEUSDT", "bids": [[0.13753, 242005.0], [0.13752, 305503.0], [0.13751, 366080.0], [0.1375, 443034.0], [0.13749, 520000.0], [0.13748, 521622.0], [0.13747, 620070.0], [0.13746, 445144.0], [0.13745, 481796.0], [0.13744, 930253.0], [0.13743, 455822.0], [0.13742, 548965.0], [0.13741, 306754.0], [0.1374, 371442.0], [0.13739, 912530.0], [0.13738, 327828.0], [0.13737, 557690.0], [0.13736, 758949.0], [0.13735, 507418.0], [0.13734, 433647.0]], "asks": [[0.13754, 120801.0], [0.13755, 256449.0], [0.13756, 574390.0], [0.13757, 722092.0], [0.13758, 757795.0], [0.13759, 660960.0], [0.1376, 664453.0], [0.13761, 591740.0], [0.13762, 666924.0], [0.13763, 1712235.0], [0.13764, 365717.0], [0.13765, 502234.0], [0.13766, 661246.0], [0.13767, 402286.0], [0.13768, 328769.0], [0.13769, 235176.0], [0.1377, 276931.0], [0.13771, 527197.0], [0.13772, 826300.0], [0.13773, 1391301.0]], "timestamp": "2025-12-14T09:48:15.506712+00:00"}, {"symbol": "DOGEUSDT", "bids": [[0.13751, 150630.0], [0.1375, 214402.0], [0.13749, 310218.0], [0.13748, 393342.0], [0.13747, 627498.0], [0.13746, 385587.0], [0.13745, 456262.0], [0.13744, 257682.0], [0.13743, 568263.0], [0.13742, 1096536.0], [0.13741, 382109.0], [0.1374, 366808.0], [0.13739, 950234.0], [0.13738, 194042.0], [0.13737, 408843.0], [0.13736, 758434.0], [0.13735, 418712.0], [0.13734, 770732.0], [0.13733, 1551902.0], [0.13732, 441281.0]], "asks": [[0.13752, 144852.0], [0.13753, 477876.0], [0.13754, 631456.0], [0.13755, 516520.0], [0.13756, 830726.0], [0.13757, 1031651.0], [0.13758, 497541.0], [0.13759, 745895.0], [0.1376, 1393840.0], [0.13761, 715068.0], [0.13762, 728152.0], [0.13763, 658968.0], [0.13764, 527986.0], [0.13765, 414821.0], [0.13766, 515403.0], [0.13767, 398537.0], [0.13768, 321819.0], [0.13769, 242223.0], [0.1377, 314766.0], [0.13771, 537272.0]], "timestamp": "2025-12-14T09:49:08.259509+00:00"}, {"symbol": "DOGEUSDT", "bids": [[0.13752, 314547.0], [0.13751, 262631.0], [0.1375, 278240.0], [0.13749, 341329.0], [0.13748, 618541.0], [0.13747, 530782.0], [0.13746, 477323.0], [0.13745, 636073.0], [0.13744, 815666.0], [0.13743, 380990.0], [0.13742, 510694.0], [0.13741, 465780.0], [0.1374, 285694.0], [0.13739, 526469.0], [0.13738, 184339.0], [0.13737, 433938.0], [0.13736, 919415.0], [0.13735, 1013419.0], [0.13734, 433648.0], [0.13733, 834887.0]], "asks": [[0.13753, 9681.0], [0.13754, 277387.0], [0.13755, 239675.0], [0.13756, 751933.0], [0.13757, 891893.0], [0.13758, 390647.0], [0.13759, 600470.0], [0.1376, 357006.0], [0.13761, 665139.0], [0.13762, 1638342.0], [0.13763, 589533.0], [0.13764, 436570.0], [0.13765, 431748.0], [0.13766, 546163.0], [0.13767, 678997.0], [0.13768, 313038.0], [0.13769, 371989.0], [0.1377, 757610.0], [0.13771, 1468519.0], [0.13772, 702312.0]], "timestamp": "2025-12-14T09:50:01.190847+00:00"}, {"symbol": "DOGEUSDT", "bids": [[0.13756, 147865.0], [0.13755, 225209.0], [0.13754, 406901.0], [0.13753, 469198.0], [0.13752, 629827.0], [0.13751, 496182.0], [0.1375, 652175.0], [0.13749, 611774.0], [0.13748, 994155.0], [0.13747, 408422.0], [0.13746, 401364.0], [0.13745, 416461.0], [0.13744, 205201.0], [0.13743, 369298.0], [0.13742, 516372.0], [0.13741, 617957.0], [0.1374, 508099.0], [0.13739, 1013222.0], [0.13738, 421435.0], [0.13737, 1142180.0]], "asks": [[0.13757, 339575.0], [0.13758, 305042.0], [0.13759, 324661.0], [0.1376, 476136.0], [0.13761, 855919.0], [0.13762, 591501.0], [0.13763, 726699.0], [0.13764, 365622.0], [0.13765, 635187.0], [0.13766, 1251129.0], [0.13767, 285947.0], [0.13768, 421974.0], [0.13769, 537664.0], [0.1377, 998936.0], [0.13771, 780791.0], [0.13772, 692920.0], [0.13773, 773744.0], [0.13774, 856564.0], [0.13775, 336108.0], [0.13776, 873172.0]], "timestamp": "2025-12-14T09:50:54.738309+00:00"}, {"symbol": "DOGEUSDT", "bids": [[0.13759, 31429.0], [0.13758, 165192.0], [0.13757, 378339.0], [0.13756, 449701.0], [0.13755, 505021.0], [0.13754, 525802.0], [0.13753, 849020.0], [0.13752, 534616.0], [0.13751, 733477.0], [0.1375, 942264.0], [0.13749, 354575.0], [0.13748, 408873.0], [0.13747, 275406.0], [0.13746, 373902.0], [0.13745, 376463.0], [0.13744, 315602.0], [0.13743, 756371.0], [0.13742, 549623.0], [0.13741, 649206.0], [0.1374, 912755.0]], "asks": [[0.1376, 338181.0], [0.13761, 268685.0], [0.13762, 549885.0], [0.13763, 721781.0], [0.13764, 692847.0], [0.13765, 623862.0], [0.13766, 369572.0], [0.13767, 435927.0], [0.13768, 620286.0], [0.13769, 1153365.0], [0.1377, 884992.0], [0.13771, 299042.0], [0.13772, 238880.0], [0.13773, 311396.0], [0.13774, 398538.0], [0.13775, 497940.0], [0.13776, 789876.0], [0.13777, 1059116.0], [0.13778, 559974.0], [0.13779, 828492.0]], "timestamp": "2025-12-14T09:52:08.671689+00:00"}, {"symbol": "DOGEUSDT", "bids": [[0.13756, 37626.0], [0.13755, 166001.0], [0.13754, 279539.0], [0.13753, 445096.0], [0.13752, 745865.0], [0.13751, 866437.0], [0.1375, 408140.0], [0.13749, 421195.0], [0.13748, 997731.0], [0.13747, 288987.0], [0.13746, 373659.0], [0.13745, 436629.0], [0.13744, 263224.0], [0.13743, 382569.0], [0.13742, 569505.0], [0.13741, 577629.0], [0.1374, 508124.0], [0.13739, 1150569.0], [0.13738, 166370.0], [0.13737, 409498.0]], "asks": [[0.13757, 353663.0], [0.13758, 453378.0], [0.13759, 525710.0], [0.1376, 413427.0], [0.13761, 625087.0], [0.13762, 584904.0], [0.13763, 581132.0], [0.13764, 612159.0], [0.13765, 1271354.0], [0.13766, 494590.0], [0.13767, 435396.0], [0.13768, 391904.0], [0.13769, 416604.0], [0.1377, 801651.0], [0.13771, 308247.0], [0.13772, 474875.0], [0.13773, 333818.0], [0.13774, 547958.0], [0.13775, 512746.0], [0.13776, 761593.0]], "timestamp": "2025-12-14T09:53:02.853446+00:00"}, {"symbol": "DOGEUSDT", "bids": [[0.13758, 175059.0], [0.13757, 292737.0], [0.13756, 271289.0], [0.13755, 434995.0], [0.13754, 483896.0], [0.13753, 532102.0], [0.13752, 700188.0], [0.13751, 879281.0], [0.1375, 486140.0], [0.13749, 986221.0], [0.13748, 338453.0], [0.13747, 341351.0], [0.13746, 398304.0], [0.13745, 346771.0], [0.13744, 363913.0], [0.13743, 435382.0], [0.13742, 813217.0], [0.13741, 567038.0], [0.1374, 342089.0], [0.13739, 1020937.0]], "asks": [[0.13759, 118282.0], [0.1376, 146519.0], [0.13761, 324331.0], [0.13762, 642549.0], [0.13763, 818586.0], [0.13764, 649992.0], [0.13765, 574821.0], [0.13766, 507969.0], [0.13767, 1202963.0], [0.13768, 491470.0], [0.13769, 424275.0], [0.1377, 893485.0], [0.13771, 337381.0], [0.13772, 474875.0], [0.13773, 306857.0], [0.13774, 467083.0], [0.13775, 499018.0], [0.13776, 745828.0], [0.13777, 1041783.0], [0.13778, 419192.0]], "timestamp": "2025-12-14T09:53:56.500751+00:00"}, {"symbol": "DOGEUSDT", "bids": [[0.13755, 59831.0], [0.13754, 317558.0], [0.13753, 493293.0], [0.13752, 576271.0], [0.13751, 790378.0], [0.1375, 427573.0], [0.13749, 355694.0], [0.13748, 531272.0], [0.13747, 945380.0], [0.13746, 449538.0], [0.13745, 443778.0], [0.13744, 362352.0], [0.13743, 396570.0], [0.13742, 576298.0], [0.13741, 583866.0], [0.1374, 374125.0], [0.13739, 1286579.0], [0.13738, 146656.0], [0.13737, 386852.0], [0.13736, 1543044.0]], "asks": [[0.13756, 179863.0], [0.13757, 196564.0], [0.13758, 629509.0], [0.13759, 479075.0], [0.1376, 500610.0], [0.13761, 592508.0], [0.13762, 503864.0], [0.13763, 695249.0], [0.13764, 397053.0], [0.13765, 538283.0], [0.13766, 1217357.0], [0.13767, 619947.0], [0.13768, 486571.0], [0.13769, 420788.0], [0.1377, 828090.0], [0.13771, 337135.0], [0.13772, 474915.0], [0.13773, 356780.0], [0.13774, 535324.0], [0.13775, 667792.0]], "timestamp": "2025-12-14T09:54:49.813335+00:00"}, {"symbol": "DOGEUSDT", "bids": [[0.13751, 133670.0], [0.1375, 138141.0], [0.13749, 252562.0], [0.13748, 380622.0], [0.13747, 443696.0], [0.13746, 564263.0], [0.13745, 455138.0], [0.13744, 455846.0], [0.13743, 1039205.0], [0.13742, 701269.0], [0.13741, 270273.0], [0.1374, 298763.0], [0.13739, 517395.0], [0.13738, 168979.0], [0.13737, 282161.0], [0.13736, 911856.0], [0.13735, 1693447.0], [0.13734, 212274.0], [0.13733, 489489.0], [0.13732, 1167229.0]], "asks": [[0.13752, 285935.0], [0.13753, 327722.0], [0.13754, 561164.0], [0.13755, 671108.0], [0.13756, 1048722.0], [0.13757, 582006.0], [0.13758, 656349.0], [0.13759, 666273.0], [0.1376, 546351.0], [0.13761, 508219.0], [0.13762, 1834356.0], [0.13763, 631130.0], [0.13764, 881578.0], [0.13765, 724728.0], [0.13766, 330832.0], [0.13767, 850435.0], [0.13768, 372792.0], [0.13769, 313276.0], [0.1377, 306028.0], [0.13771, 574210.0]], "timestamp": "2025-12-14T09:55:42.826234+00:00"}, {"symbol": "DOGEUSDT", "bids": [[0.13754, 98140.0], [0.13753, 184289.0], [0.13752, 611218.0], [0.13751, 427971.0], [0.1375, 550264.0], [0.13749, 536556.0], [0.13748, 347132.0], [0.13747, 419104.0], [0.13746, 439323.0], [0.13745, 1022023.0], [0.13744, 349497.0], [0.13743, 464535.0], [0.13742, 474546.0], [0.13741, 302646.0], [0.1374, 306564.0], [0.13739, 594582.0], [0.13738, 302920.0], [0.13737, 431434.0], [0.13736, 900619.0], [0.13735, 1455919.0]], "asks": [[0.13755, 268189.0], [0.13756, 309488.0], [0.13757, 350965.0], [0.13758, 588037.0], [0.13759, 1077695.0], [0.1376, 693476.0], [0.13761, 571751.0], [0.13762, 781226.0], [0.13763, 814676.0], [0.13764, 1761014.0], [0.13765, 896085.0], [0.13766, 523480.0], [0.13767, 521512.0], [0.13768, 298631.0], [0.13769, 294542.0], [0.1377, 358499.0], [0.13771, 507032.0], [0.13772, 536839.0], [0.13773, 575003.0], [0.13774, 1002996.0]], "timestamp": "2025-12-14T09:56:36.041856+00:00"}, {"symbol": "DOGEUSDT", "bids": [[0.13754, 211186.0], [0.13753, 164101.0], [0.13752, 445852.0], [0.13751, 377867.0], [0.1375, 559714.0], [0.13749, 536747.0], [0.13748, 414884.0], [0.13747, 402968.0], [0.13746, 448904.0], [0.13745, 977118.0], [0.13744, 443578.0], [0.13743, 464578.0], [0.13742, 383010.0], [0.13741, 313874.0], [0.1374, 297790.0], [0.13739, 698355.0], [0.13738, 211446.0], [0.13737, 431477.0], [0.13736, 900619.0], [0.13735, 1564293.0]], "asks": [[0.13755, 190839.0], [0.13756, 239873.0], [0.13757, 288090.0], [0.13758, 496803.0], [0.13759, 1081415.0], [0.1376, 608058.0], [0.13761, 645722.0], [0.13762, 868499.0], [0.13763, 1567657.0], [0.13764, 886996.0], [0.13765, 937990.0], [0.13766, 498532.0], [0.13767, 491487.0], [0.13768, 267445.0], [0.13769, 266240.0], [0.1377, 361174.0], [0.13771, 525299.0], [0.13772, 617463.0], [0.13773, 643601.0], [0.13774, 868898.0]], "timestamp": "2025-12-14T09:57:29.206534+00:00"}, {"symbol": "DOGEUSDT", "bids": [[0.13756, 549157.0], [0.13755, 299690.0], [0.13754, 448097.0], [0.13753, 533565.0], [0.13752, 579328.0], [0.13751, 675496.0], [0.1375, 406757.0], [0.13749, 253926.0], [0.13748, 410904.0], [0.13747, 913059.0], [0.13746, 442996.0], [0.13745, 309308.0], [0.13744, 316715.0], [0.13743, 553833.0], [0.13742, 395579.0], [0.13741, 371539.0], [0.1374, 896616.0], [0.13739, 1019553.0], [0.13738, 168979.0], [0.13737, 315006.0]], "asks": [[0.13757, 6370.0], [0.13758, 107936.0], [0.13759, 355720.0], [0.1376, 479306.0], [0.13761, 1126334.0], [0.13762, 690370.0], [0.13763, 676778.0], [0.13764, 737725.0], [0.13765, 1506240.0], [0.13766, 558317.0], [0.13767, 591578.0], [0.13768, 591550.0], [0.13769, 366529.0], [0.1377, 440083.0], [0.13771, 637643.0], [0.13772, 843535.0], [0.13773, 721085.0], [0.13774, 946642.0], [0.13775, 1058980.0], [0.13776, 846251.0]], "timestamp": "2025-12-14T09:58:22.743946+00:00"}, {"symbol": "DOGEUSDT", "bids": [[0.13755, 692682.0], [0.13754, 687909.0], [0.13753, 482164.0], [0.13752, 543434.0], [0.13751, 611160.0], [0.1375, 293584.0], [0.13749, 409518.0], [0.13748, 553610.0], [0.13747, 983935.0], [0.13746, 385600.0], [0.13745, 359599.0], [0.13744, 382697.0], [0.13743, 509092.0], [0.13742, 406179.0], [0.13741, 300589.0], [0.1374, 398365.0], [0.13739, 1027972.0], [0.13738, 329447.0], [0.13737, 440941.0], [0.13736, 826461.0]], "asks": [[0.13756, 13408.0], [0.13757, 110521.0], [0.13758, 306447.0], [0.13759, 442212.0], [0.1376, 785081.0], [0.13761, 645957.0], [0.13762, 776750.0], [0.13763, 571621.0], [0.13764, 858710.0], [0.13765, 1389877.0], [0.13766, 455417.0], [0.13767, 599845.0], [0.13768, 589387.0], [0.13769, 388220.0], [0.1377, 451720.0], [0.13771, 638368.0], [0.13772, 909811.0], [0.13773, 1453536.0], [0.13774, 839619.0], [0.13775, 332515.0]], "timestamp": "2025-12-14T09:59:15.653736+00:00"}, {"symbol": "DOGEUSDT", "bids": [[0.13754, 40442.0], [0.13753, 380810.0], [0.13752, 300460.0], [0.13751, 448890.0], [0.1375, 550720.0], [0.13749, 461646.0], [0.13748, 382120.0], [0.13747, 284714.0], [0.13746, 970490.0], [0.13745, 394477.0], [0.13744, 215180.0], [0.13743, 475650.0], [0.13742, 455335.0], [0.13741, 589430.0], [0.1374, 383986.0], [0.13739, 1021545.0], [0.13738, 301352.0], [0.13737, 461524.0], [0.13736, 934455.0], [0.13735, 1701344.0]], "asks": [[0.13755, 317095.0], [0.13756, 338522.0], [0.13757, 413286.0], [0.13758, 458693.0], [0.13759, 772267.0], [0.1376, 492680.0], [0.13761, 650100.0], [0.13762, 872597.0], [0.13763, 1372354.0], [0.13764, 504993.0], [0.13765, 624425.0], [0.13766, 477604.0], [0.13767, 555328.0], [0.13768, 484463.0], [0.13769, 263970.0], [0.1377, 405524.0], [0.13771, 447590.0], [0.13772, 746974.0], [0.13773, 603301.0], [0.13774, 866968.0]], "timestamp": "2025-12-14T10:00:08.950322+00:00"}, {"symbol": "DOGEUSDT", "bids": [[0.13746, 32113.0], [0.13745, 66611.0], [0.13744, 277251.0], [0.13743, 253387.0], [0.13742, 745740.0], [0.13741, 563008.0], [0.1374, 520570.0], [0.13739, 516712.0], [0.13738, 244023.0], [0.13737, 399140.0], [0.13736, 1092658.0], [0.13735, 422674.0], [0.13734, 229013.0], [0.13733, 292331.0], [0.13732, 533993.0], [0.13731, 851425.0], [0.1373, 1426293.0], [0.13729, 672609.0], [0.13728, 723509.0], [0.13727, 1274486.0]], "asks": [[0.13747, 466553.0], [0.13748, 346226.0], [0.13749, 263681.0], [0.1375, 612107.0], [0.13751, 903874.0], [0.13752, 1053424.0], [0.13753, 539701.0], [0.13754, 491579.0], [0.13755, 1248653.0], [0.13756, 534858.0], [0.13757, 636369.0], [0.13758, 598446.0], [0.13759, 595666.0], [0.1376, 463721.0], [0.13761, 570978.0], [0.13762, 697079.0], [0.13763, 388473.0], [0.13764, 465144.0], [0.13765, 621937.0], [0.13766, 1037102.0]], "timestamp": "2025-12-14T10:01:02.694609+00:00"}, {"symbol": "DOGEUSDT", "bids": [[0.13746, 74604.0], [0.13745, 350817.0], [0.13744, 299736.0], [0.13743, 435968.0], [0.13742, 604858.0], [0.13741, 428765.0], [0.1374, 519321.0], [0.13739, 419584.0], [0.13738, 336275.0], [0.13737, 950178.0], [0.13736, 470631.0], [0.13735, 491713.0], [0.13734, 233116.0], [0.13733, 309968.0], [0.13732, 487754.0], [0.13731, 510233.0], [0.1373, 1506467.0], [0.13729, 674423.0], [0.13728, 670815.0], [0.13727, 654892.0]], "asks": [[0.13747, 225163.0], [0.13748, 166583.0], [0.13749, 299437.0], [0.1375, 511483.0], [0.13751, 1036180.0], [0.13752, 1027248.0], [0.13753, 657041.0], [0.13754, 303264.0], [0.13755, 414977.0], [0.13756, 1179581.0], [0.13757, 749425.0], [0.13758, 633264.0], [0.13759, 597369.0], [0.1376, 392846.0], [0.13761, 595945.0], [0.13762, 721506.0], [0.13763, 391865.0], [0.13764, 464631.0], [0.13765, 660060.0], [0.13766, 1048951.0]], "timestamp": "2025-12-14T10:01:56.579678+00:00"}, {"symbol": "DOGEUSDT", "bids": [[0.13745, 21669.0], [0.13744, 88505.0], [0.13743, 121949.0], [0.13742, 324086.0], [0.13741, 470664.0], [0.1374, 378252.0], [0.13739, 769978.0], [0.13738, 264693.0], [0.13737, 306257.0], [0.13736, 1087413.0], [0.13735, 588938.0], [0.13734, 173985.0], [0.13733, 352658.0], [0.13732, 516425.0], [0.13731, 542541.0], [0.1373, 1437241.0], [0.13729, 756514.0], [0.13728, 700596.0], [0.13727, 671725.0], [0.13726, 1038233.0]], "asks": [[0.13746, 411352.0], [0.13747, 332712.0], [0.13748, 451643.0], [0.13749, 561704.0], [0.1375, 727115.0], [0.13751, 816765.0], [0.13752, 1097798.0], [0.13753, 561465.0], [0.13754, 1143163.0], [0.13755, 349225.0], [0.13756, 445247.0], [0.13757, 628603.0], [0.13758, 491027.0], [0.13759, 593059.0], [0.1376, 392945.0], [0.13761, 608934.0], [0.13762, 719688.0], [0.13763, 391822.0], [0.13764, 516351.0], [0.13765, 1418126.0]], "timestamp": "2025-12-14T10:02:50.420469+00:00"}, {"symbol": "DOGEUSDT", "bids": [[0.13744, 162723.0], [0.13743, 125101.0], [0.13742, 304618.0], [0.13741, 357133.0], [0.1374, 487846.0], [0.13739, 755572.0], [0.13738, 253879.0], [0.13737, 345837.0], [0.13736, 652209.0], [0.13735, 1099752.0], [0.13734, 176125.0], [0.13733, 449599.0], [0.13732, 481438.0], [0.13731, 465376.0], [0.1373, 1444169.0], [0.13729, 514564.0], [0.13728, 817072.0], [0.13727, 790838.0], [0.13726, 928032.0], [0.13725, 300677.0]], "asks": [[0.13745, 187603.0], [0.13746, 252456.0], [0.13747, 423164.0], [0.13748, 440110.0], [0.13749, 813669.0], [0.1375, 566005.0], [0.13751, 1148310.0], [0.13752, 921899.0], [0.13753, 1216679.0], [0.13754, 476005.0], [0.13755, 485877.0], [0.13756, 397744.0], [0.13757, 483276.0], [0.13758, 247052.0], [0.13759, 500059.0], [0.1376, 177476.0], [0.13761, 381235.0], [0.13762, 679245.0], [0.13763, 352958.0], [0.13764, 659135.0]], "timestamp": "2025-12-14T10:03:43.423717+00:00"}, {"symbol": "DOGEUSDT", "bids": [[0.13741, 90197.0], [0.1374, 96568.0], [0.13739, 261618.0], [0.13738, 316208.0], [0.13737, 645145.0], [0.13736, 575885.0], [0.13735, 538982.0], [0.13734, 457610.0], [0.13733, 953418.0], [0.13732, 542149.0], [0.13731, 510292.0], [0.1373, 976414.0], [0.13729, 507966.0], [0.13728, 404665.0], [0.13727, 556193.0], [0.13726, 920235.0], [0.13725, 413623.0], [0.13724, 1442435.0], [0.13723, 877642.0], [0.13722, 366188.0]], "asks": [[0.13742, 363273.0], [0.13743, 257225.0], [0.13744, 354996.0], [0.13745, 432196.0], [0.13746, 995321.0], [0.13747, 749873.0], [0.13748, 471829.0], [0.13749, 676078.0], [0.1375, 750359.0], [0.13751, 724266.0], [0.13752, 1240749.0], [0.13753, 506829.0], [0.13754, 398397.0], [0.13755, 380276.0], [0.13756, 586119.0], [0.13757, 469529.0], [0.13758, 426648.0], [0.13759, 502023.0], [0.1376, 585901.0], [0.13761, 594256.0]], "timestamp": "2025-12-14T10:04:36.612111+00:00"}, {"symbol": "DOGEUSDT", "bids": [[0.13744, 297836.0], [0.13743, 342815.0], [0.13742, 438852.0], [0.13741, 632047.0], [0.1374, 519165.0], [0.13739, 655359.0], [0.13738, 334205.0], [0.13737, 340590.0], [0.13736, 537008.0], [0.13735, 1356754.0], [0.13734, 216826.0], [0.13733, 452307.0], [0.13732, 512404.0], [0.13731, 440165.0], [0.1373, 1132026.0], [0.13729, 748982.0], [0.13728, 616999.0], [0.13727, 663174.0], [0.13726, 825021.0], [0.13725, 420422.0]], "asks": [[0.13745, 42259.0], [0.13746, 148018.0], [0.13747, 341412.0], [0.13748, 617483.0], [0.13749, 557858.0], [0.1375, 561163.0], [0.13751, 502986.0], [0.13752, 383815.0], [0.13753, 649518.0], [0.13754, 1211652.0], [0.13755, 479931.0], [0.13756, 598780.0], [0.13757, 609672.0], [0.13758, 555572.0], [0.13759, 641034.0], [0.1376, 668691.0], [0.13761, 786300.0], [0.13762, 1391424.0], [0.13763, 224088.0], [0.13764, 411851.0]], "timestamp": "2025-12-14T10:05:29.969897+00:00"}, {"symbol": "DOGEUSDT", "bids": [[0.13753, 50539.0], [0.13752, 220098.0], [0.13751, 211057.0], [0.1375, 641924.0], [0.13749, 836746.0], [0.13748, 656347.0], [0.13747, 539937.0], [0.13746, 371296.0], [0.13745, 488328.0], [0.13744, 1041804.0], [0.13743, 500831.0], [0.13742, 367318.0], [0.13741, 264901.0], [0.1374, 296832.0], [0.13739, 505301.0], [0.13738, 747068.0], [0.13737, 485734.0], [0.13736, 875839.0], [0.13735, 1392819.0], [0.13734, 812330.0]], "asks": [[0.13754, 301400.0], [0.13755, 352109.0], [0.13756, 243804.0], [0.13757, 402960.0], [0.13758, 882087.0], [0.13759, 420273.0], [0.1376, 570381.0], [0.13761, 446832.0], [0.13762, 625395.0], [0.13763, 1072006.0], [0.13764, 427721.0], [0.13765, 349996.0], [0.13766, 438902.0], [0.13767, 440218.0], [0.13768, 605071.0], [0.13769, 1131959.0], [0.1377, 800866.0], [0.13771, 432620.0], [0.13772, 671108.0], [0.13773, 610458.0]], "timestamp": "2025-12-14T10:06:23.439325+00:00"}, {"symbol": "DOGEUSDT", "bids": [[0.1375, 195863.0], [0.13749, 202733.0], [0.13748, 230414.0], [0.13747, 265990.0], [0.13746, 478145.0], [0.13745, 697311.0], [0.13744, 426363.0], [0.13743, 465565.0], [0.13742, 454008.0], [0.13741, 879848.0], [0.1374, 400990.0], [0.13739, 524349.0], [0.13738, 344708.0], [0.13737, 234915.0], [0.13736, 463560.0], [0.13735, 1125160.0], [0.13734, 1049718.0], [0.13733, 572579.0], [0.13732, 443699.0], [0.13731, 468194.0]], "asks": [[0.13751, 163871.0], [0.13752, 431836.0], [0.13753, 499860.0], [0.13754, 649284.0], [0.13755, 762324.0], [0.13756, 743013.0], [0.13757, 604949.0], [0.13758, 387351.0], [0.13759, 1083380.0], [0.1376, 318671.0], [0.13761, 728453.0], [0.13762, 434767.0], [0.13763, 189493.0], [0.13764, 396229.0], [0.13765, 429565.0], [0.13766, 551504.0], [0.13767, 550114.0], [0.13768, 528502.0], [0.13769, 863900.0], [0.1377, 571175.0]], "timestamp": "2025-12-14T10:07:16.833231+00:00"}, {"symbol": "DOGEUSDT", "bids": [[0.13747, 72017.0], [0.13746, 28478.0], [0.13745, 201081.0], [0.13744, 299436.0], [0.13743, 586242.0], [0.13742, 608405.0], [0.13741, 394021.0], [0.1374, 411932.0], [0.13739, 553883.0], [0.13738, 1021167.0], [0.13737, 326952.0], [0.13736, 425121.0], [0.13735, 593581.0], [0.13734, 220600.0], [0.13733, 415636.0], [0.13732, 593690.0], [0.13731, 941177.0], [0.1373, 1123136.0], [0.13729, 1312090.0], [0.13728, 460748.0]], "asks": [[0.13748, 529174.0], [0.13749, 243921.0], [0.1375, 244005.0], [0.13751, 465763.0], [0.13752, 810424.0], [0.13753, 839402.0], [0.13754, 722867.0], [0.13755, 495282.0], [0.13756, 1312912.0], [0.13757, 606466.0], [0.13758, 514428.0], [0.13759, 399080.0], [0.1376, 297494.0], [0.13761, 781944.0], [0.13762, 420684.0], [0.13763, 207189.0], [0.13764, 385378.0], [0.13765, 370497.0], [0.13766, 319653.0], [0.13767, 713935.0]], "timestamp": "2025-12-14T10:08:09.718955+00:00"}, {"symbol": "DOGEUSDT", "bids": [[0.13746, 59509.0], [0.13745, 90723.0], [0.13744, 227688.0], [0.13743, 303280.0], [0.13742, 795692.0], [0.13741, 309463.0], [0.1374, 350121.0], [0.13739, 510335.0], [0.13738, 539168.0], [0.13737, 1019943.0], [0.13736, 415468.0], [0.13735, 645192.0], [0.13734, 238799.0], [0.13733, 328768.0], [0.13732, 407518.0], [0.13731, 929062.0], [0.1373, 1122460.0], [0.13729, 1457152.0], [0.13728, 570847.0], [0.13727, 1177908.0]], "asks": [[0.13747, 258092.0], [0.13748, 368533.0], [0.13749, 265263.0], [0.1375, 443250.0], [0.13751, 707683.0], [0.13752, 588527.0], [0.13753, 727808.0], [0.13754, 678069.0], [0.13755, 1170413.0], [0.13756, 550689.0], [0.13757, 791858.0], [0.13758, 537065.0], [0.13759, 438173.0], [0.1376, 500267.0], [0.13761, 762286.0], [0.13762, 786066.0], [0.13763, 251179.0], [0.13764, 527390.0], [0.13765, 666998.0], [0.13766, 1132239.0]], "timestamp": "2025-12-14T10:09:02.772013+00:00"}, {"symbol": "DOGEUSDT", "bids": [[0.13742, 309736.0], [0.13741, 214337.0], [0.1374, 334466.0], [0.13739, 371975.0], [0.13738, 649312.0], [0.13737, 441544.0], [0.13736, 542413.0], [0.13735, 757361.0], [0.13734, 898670.0], [0.13733, 291029.0], [0.13732, 529216.0], [0.13731, 466606.0], [0.1373, 1032015.0], [0.13729, 471418.0], [0.13728, 401558.0], [0.13727, 537131.0], [0.13726, 825185.0], [0.13725, 1665497.0], [0.13724, 1129024.0], [0.13723, 355338.0]], "asks": [[0.13743, 74681.0], [0.13744, 117651.0], [0.13745, 322670.0], [0.13746, 592327.0], [0.13747, 644585.0], [0.13748, 513501.0], [0.13749, 670908.0], [0.1375, 547054.0], [0.13751, 297995.0], [0.13752, 736067.0], [0.13753, 1316076.0], [0.13754, 241817.0], [0.13755, 351328.0], [0.13756, 542091.0], [0.13757, 487848.0], [0.13758, 435032.0], [0.13759, 496776.0], [0.1376, 693337.0], [0.13761, 611052.0], [0.13762, 1157657.0]], "timestamp": "2025-12-14T10:09:55.795503+00:00"}, {"symbol": "DOGEUSDT", "bids": [[0.13741, 118528.0], [0.1374, 245346.0], [0.13739, 214301.0], [0.13738, 410902.0], [0.13737, 440047.0], [0.13736, 567036.0], [0.13735, 655952.0], [0.13734, 425792.0], [0.13733, 545718.0], [0.13732, 1280440.0], [0.13731, 365389.0], [0.1373, 1114075.0], [0.13729, 556718.0], [0.13728, 375957.0], [0.13727, 468467.0], [0.13726, 765654.0], [0.13725, 813572.0], [0.13724, 1235637.0], [0.13723, 570216.0], [0.13722, 1120211.0]], "asks": [[0.13742, 281705.0], [0.13743, 390951.0], [0.13744, 427466.0], [0.13745, 547265.0], [0.13746, 716518.0], [0.13747, 513777.0], [0.13748, 279763.0], [0.13749, 556893.0], [0.1375, 1197144.0], [0.13751, 402920.0], [0.13752, 426936.0], [0.13753, 429811.0], [0.13754, 154858.0], [0.13755, 436290.0], [0.13756, 671338.0], [0.13757, 699394.0], [0.13758, 317676.0], [0.13759, 499060.0], [0.1376, 868808.0], [0.13761, 538054.0]], "timestamp": "2025-12-14T10:10:49.098069+00:00"}, {"symbol": "DOGEUSDT", "bids": [[0.13747, 122476.0], [0.13746, 185444.0], [0.13745, 311373.0], [0.13744, 430561.0], [0.13743, 624374.0], [0.13742, 476386.0], [0.13741, 557308.0], [0.1374, 582787.0], [0.13739, 1129897.0], [0.13738, 243639.0], [0.13737, 358258.0], [0.13736, 465181.0], [0.13735, 634794.0], [0.13734, 255011.0], [0.13733, 437532.0], [0.13732, 553023.0], [0.13731, 663096.0], [0.1373, 1295017.0], [0.13729, 1222282.0], [0.13728, 480175.0]], "asks": [[0.13748, 236118.0], [0.13749, 260395.0], [0.1375, 464257.0], [0.13751, 530665.0], [0.13752, 645116.0], [0.13753, 463971.0], [0.13754, 345406.0], [0.13755, 506984.0], [0.13756, 1099407.0], [0.13757, 526958.0], [0.13758, 266271.0], [0.13759, 458204.0], [0.1376, 847919.0], [0.13761, 507206.0], [0.13762, 861097.0], [0.13763, 1206971.0], [0.13764, 605534.0], [0.13765, 905337.0], [0.13766, 629390.0], [0.13767, 1122022.0]], "timestamp": "2025-12-14T10:11:43.066142+00:00"}, {"symbol": "DOGEUSDT", "bids": [[0.13737, 3155.0], [0.13736, 150655.0], [0.13735, 245071.0], [0.13734, 368799.0], [0.13733, 619989.0], [0.13732, 678513.0], [0.13731, 904089.0], [0.1373, 1007272.0], [0.13729, 429242.0], [0.13728, 378042.0], [0.13727, 507185.0], [0.13726, 1111883.0], [0.13725, 472034.0], [0.13724, 269397.0], [0.13723, 388494.0], [0.13722, 600211.0], [0.13721, 415616.0], [0.1372, 702057.0], [0.13719, 964224.0], [0.13718, 311663.0]], "asks": [[0.13738, 292999.0], [0.13739, 312832.0], [0.1374, 524041.0], [0.13741, 721910.0], [0.13742, 609972.0], [0.13743, 477436.0], [0.13744, 375517.0], [0.13745, 618781.0], [0.13746, 1194243.0], [0.13747, 220640.0], [0.13748, 437143.0], [0.13749, 665491.0], [0.1375, 523314.0], [0.13751, 526716.0], [0.13752, 983804.0], [0.13753, 912331.0], [0.13754, 460922.0], [0.13755, 416392.0], [0.13756, 424413.0], [0.13757, 748560.0]], "timestamp": "2025-12-14T10:12:36.360619+00:00"}, {"symbol": "DOGEUSDT", "bids": [[0.13725, 238180.0], [0.13724, 336169.0], [0.13723, 549522.0], [0.13722, 273366.0], [0.13721, 370739.0], [0.1372, 631470.0], [0.13719, 431250.0], [0.13718, 391457.0], [0.13717, 372716.0], [0.13716, 471353.0], [0.13715, 428993.0], [0.13714, 238761.0], [0.13713, 402804.0], [0.13712, 546188.0], [0.13711, 295656.0], [0.1371, 447915.0], [0.13709, 365848.0], [0.13708, 395000.0], [0.13707, 504711.0], [0.13706, 851135.0]], "asks": [[0.13726, 107756.0], [0.13727, 148884.0], [0.13728, 466569.0], [0.13729, 586726.0], [0.1373, 1277939.0], [0.13731, 873373.0], [0.13732, 536824.0], [0.13733, 654356.0], [0.13734, 1354023.0], [0.13735, 559050.0], [0.13736, 628569.0], [0.13737, 713517.0], [0.13738, 517794.0], [0.13739, 370516.0], [0.1374, 613587.0], [0.13741, 436694.0], [0.13742, 361523.0], [0.13743, 477638.0], [0.13744, 705119.0], [0.13745, 419693.0]], "timestamp": "2025-12-14T10:13:29.399220+00:00"}, {"symbol": "DOGEUSDT", "bids": [[0.13694, 29912.0], [0.13693, 9651.0], [0.13692, 251164.0], [0.13691, 412056.0], [0.1369, 607014.0], [0.13689, 712034.0], [0.13688, 696017.0], [0.13687, 600300.0], [0.13686, 712752.0], [0.13685, 458532.0], [0.13684, 499452.0], [0.13683, 529017.0], [0.13682, 1055378.0], [0.13681, 586130.0], [0.1368, 394991.0], [0.13679, 205881.0], [0.13678, 349785.0], [0.13677, 881870.0], [0.13676, 384762.0], [0.13675, 446639.0]], "asks": [[0.13695, 310682.0], [0.13696, 1025046.0], [0.13697, 313187.0], [0.13698, 317822.0], [0.13699, 1038677.0], [0.137, 822108.0], [0.13701, 761761.0], [0.13702, 624791.0], [0.13703, 1397180.0], [0.13704, 485211.0], [0.13705, 744954.0], [0.13706, 470008.0], [0.13707, 368547.0], [0.13708, 550107.0], [0.13709, 442424.0], [0.1371, 1058198.0], [0.13711, 367270.0], [0.13712, 678466.0], [0.13713, 651475.0], [0.13714, 760063.0]], "timestamp": "2025-12-14T10:14:22.748734+00:00"}, {"symbol": "DOGEUSDT", "bids": [[0.13707, 252853.0], [0.13706, 473211.0], [0.13705, 606045.0], [0.13704, 477851.0], [0.13703, 653473.0], [0.13702, 1192262.0], [0.13701, 487523.0], [0.137, 558897.0], [0.13699, 657977.0], [0.13698, 401023.0], [0.13697, 1005888.0], [0.13696, 549298.0], [0.13695, 407334.0], [0.13694, 407914.0], [0.13693, 433634.0], [0.13692, 219808.0], [0.13691, 327466.0], [0.1369, 684735.0], [0.13689, 1137248.0], [0.13688, 635616.0]], "asks": [[0.13708, 16604.0], [0.13709, 285836.0], [0.1371, 476477.0], [0.13711, 358000.0], [0.13712, 756976.0], [0.13713, 598563.0], [0.13714, 669731.0], [0.13715, 635588.0], [0.13716, 414329.0], [0.13717, 398000.0], [0.13718, 1539928.0], [0.13719, 661201.0], [0.1372, 730335.0], [0.13721, 521415.0], [0.13722, 619482.0], [0.13723, 558668.0], [0.13724, 702667.0], [0.13725, 652396.0], [0.13726, 1276798.0], [0.13727, 1043872.0]], "timestamp": "2025-12-14T10:15:15.610085+00:00"}, {"symbol": "DOGEUSDT", "bids": [[0.13704, 34538.0], [0.13703, 4732.0], [0.13702, 90840.0], [0.13701, 162627.0], [0.137, 304162.0], [0.13699, 572985.0], [0.13698, 419198.0], [0.13697, 677745.0], [0.13696, 515306.0], [0.13695, 318781.0], [0.13694, 1074183.0], [0.13693, 517636.0], [0.13692, 338685.0], [0.13691, 858640.0], [0.1369, 1286804.0], [0.13689, 756827.0], [0.13688, 392246.0], [0.13687, 392597.0], [0.13686, 584202.0], [0.13685, 811719.0]], "asks": [[0.13705, 217148.0], [0.13706, 331770.0], [0.13707, 368176.0], [0.13708, 423366.0], [0.13709, 594354.0], [0.1371, 855489.0], [0.13711, 639736.0], [0.13712, 343216.0], [0.13713, 596760.0], [0.13714, 1353618.0], [0.13715, 224898.0], [0.13716, 507785.0], [0.13717, 745080.0], [0.13718, 269493.0], [0.13719, 424268.0], [0.1372, 848875.0], [0.13721, 906471.0], [0.13722, 417091.0], [0.13723, 607034.0], [0.13724, 485711.0]], "timestamp": "2025-12-14T10:16:09.728127+00:00"}, {"symbol": "DOGEUSDT", "bids": [[0.13716, 72161.0], [0.13715, 68957.0], [0.13714, 213955.0], [0.13713, 331994.0], [0.13712, 880696.0], [0.13711, 700147.0], [0.1371, 463669.0], [0.13709, 482669.0], [0.13708, 175299.0], [0.13707, 342493.0], [0.13706, 798160.0], [0.13705, 1095968.0], [0.13704, 289023.0], [0.13703, 563380.0], [0.13702, 618781.0], [0.13701, 393511.0], [0.137, 861094.0], [0.13699, 498011.0], [0.13698, 475639.0], [0.13697, 518624.0]], "asks": [[0.13717, 438139.0], [0.13718, 417867.0], [0.13719, 405000.0], [0.1372, 654518.0], [0.13721, 627815.0], [0.13722, 657660.0], [0.13723, 628349.0], [0.13724, 674174.0], [0.13725, 543501.0], [0.13726, 869483.0], [0.13727, 1209430.0], [0.13728, 503921.0], [0.13729, 583041.0], [0.1373, 306495.0], [0.13731, 276939.0], [0.13732, 481604.0], [0.13733, 698434.0], [0.13734, 475923.0], [0.13735, 203090.0], [0.13736, 474795.0]], "timestamp": "2025-12-14T10:17:02.777093+00:00"}, {"symbol": "DOGEUSDT", "bids": [[0.1371, 187683.0], [0.13709, 401252.0], [0.13708, 441778.0], [0.13707, 237063.0], [0.13706, 473390.0], [0.13705, 392511.0], [0.13704, 539944.0], [0.13703, 510237.0], [0.13702, 567082.0], [0.13701, 384250.0], [0.137, 465056.0], [0.13699, 395223.0], [0.13698, 1202065.0], [0.13697, 409876.0], [0.13696, 495451.0], [0.13695, 339030.0], [0.13694, 1073096.0], [0.13693, 492065.0], [0.13692, 611211.0], [0.13691, 598254.0]], "asks": [[0.13711, 140909.0], [0.13712, 225366.0], [0.13713, 572146.0], [0.13714, 554811.0], [0.13715, 668093.0], [0.13716, 821010.0], [0.13717, 834163.0], [0.13718, 396029.0], [0.13719, 337647.0], [0.1372, 730413.0], [0.13721, 1550099.0], [0.13722, 649545.0], [0.13723, 457600.0], [0.13724, 643825.0], [0.13725, 705330.0], [0.13726, 735967.0], [0.13727, 620434.0], [0.13728, 1177075.0], [0.13729, 1026539.0], [0.1373, 304734.0]], "timestamp": "2025-12-14T10:17:55.955153+00:00"}, {"symbol": "DOGEUSDT", "bids": [[0.13725, 28210.0], [0.13724, 78517.0], [0.13723, 199327.0], [0.13722, 422533.0], [0.13721, 382474.0], [0.1372, 320238.0], [0.13719, 822079.0], [0.13718, 479879.0], [0.13717, 826709.0], [0.13716, 726300.0], [0.13715, 408589.0], [0.13714, 1174816.0], [0.13713, 363288.0], [0.13712, 384380.0], [0.13711, 335082.0], [0.1371, 392393.0], [0.13709, 496793.0], [0.13708, 751209.0], [0.13707, 458567.0], [0.13706, 974665.0]], "asks": [[0.13726, 403806.0], [0.13727, 332859.0], [0.13728, 488030.0], [0.13729, 527510.0], [0.1373, 684693.0], [0.13731, 602746.0], [0.13732, 570173.0], [0.13733, 634326.0], [0.13734, 727226.0], [0.13735, 942176.0], [0.13736, 520816.0], [0.13737, 503518.0], [0.13738, 407809.0], [0.13739, 628675.0], [0.1374, 446986.0], [0.13741, 612738.0], [0.13742, 508383.0], [0.13743, 556123.0], [0.13744, 1282715.0], [0.13745, 1175832.0]], "timestamp": "2025-12-14T10:18:49.203671+00:00"}, {"symbol": "DOGEUSDT", "bids": [[0.13721, 262383.0], [0.1372, 172262.0], [0.13719, 511454.0], [0.13718, 444859.0], [0.13717, 797691.0], [0.13716, 943329.0], [0.13715, 323104.0], [0.13714, 454420.0], [0.13713, 341321.0], [0.13712, 530938.0], [0.13711, 1126140.0], [0.1371, 407140.0], [0.13709, 409320.0], [0.13708, 254677.0], [0.13707, 448671.0], [0.13706, 858009.0], [0.13705, 331729.0], [0.13704, 770181.0], [0.13703, 458033.0], [0.13702, 575859.0]], "asks": [[0.13722, 207072.0], [0.13723, 114888.0], [0.13724, 157232.0], [0.13725, 368969.0], [0.13726, 578049.0], [0.13727, 508761.0], [0.13728, 560532.0], [0.13729, 567547.0], [0.1373, 523791.0], [0.13731, 645660.0], [0.13732, 467369.0], [0.13733, 1018585.0], [0.13734, 530115.0], [0.13735, 315069.0], [0.13736, 639120.0], [0.13737, 484813.0], [0.13738, 494818.0], [0.13739, 835811.0], [0.1374, 432213.0], [0.13741, 300025.0]], "timestamp": "2025-12-14T10:19:42.247633+00:00"}, {"symbol": "DOGEUSDT", "bids": [[0.13729, 264815.0], [0.13728, 193738.0], [0.13727, 257913.0], [0.13726, 392616.0], [0.13725, 388731.0], [0.13724, 1121457.0], [0.13723, 906881.0], [0.13722, 315115.0], [0.13721, 650916.0], [0.1372, 281262.0], [0.13719, 372531.0], [0.13718, 1299258.0], [0.13717, 229521.0], [0.13716, 290567.0], [0.13715, 1760776.0], [0.13714, 6813092.0], [0.13713, 231217.0], [0.13712, 724494.0], [0.13711, 604309.0], [0.1371, 449174.0]], "asks": [[0.1373, 71251.0], [0.13731, 278220.0], [0.13732, 356855.0], [0.13733, 373593.0], [0.13734, 368888.0], [0.13735, 491836.0], [0.13736, 442545.0], [0.13737, 487758.0], [0.13738, 647505.0], [0.13739, 562699.0], [0.1374, 1134731.0], [0.13741, 369678.0], [0.13742, 318604.0], [0.13743, 358375.0], [0.13744, 621104.0], [0.13745, 476975.0], [0.13746, 570597.0], [0.13747, 680843.0], [0.13748, 923294.0], [0.13749, 613858.0]], "timestamp": "2025-12-14T10:20:35.086735+00:00"}, {"symbol": "DOGEUSDT", "bids": [[0.13733, 358615.0], [0.13732, 227550.0], [0.13731, 489641.0], [0.1373, 389809.0], [0.13729, 798106.0], [0.13728, 1029736.0], [0.13727, 565941.0], [0.13726, 409536.0], [0.13725, 487738.0], [0.13724, 495139.0], [0.13723, 451616.0], [0.13722, 1169111.0], [0.13721, 377482.0], [0.1372, 480490.0], [0.13719, 421543.0], [0.13718, 564424.0], [0.13717, 515000.0], [0.13716, 1027015.0], [0.13715, 527565.0], [0.13714, 186787.0]], "asks": [[0.13734, 29182.0], [0.13735, 300641.0], [0.13736, 210187.0], [0.13737, 527814.0], [0.13738, 668710.0], [0.13739, 431116.0], [0.1374, 834090.0], [0.13741, 378903.0], [0.13742, 577331.0], [0.13743, 722306.0], [0.13744, 494063.0], [0.13745, 1057859.0], [0.13746, 478023.0], [0.13747, 575655.0], [0.13748, 588313.0], [0.13749, 664795.0], [0.1375, 1181595.0], [0.13751, 437576.0], [0.13752, 917010.0], [0.13753, 1119404.0]], "timestamp": "2025-12-14T10:21:28.447074+00:00"}, {"symbol": "DOGEUSDT", "bids": [[0.13736, 168704.0], [0.13735, 244881.0], [0.13734, 414755.0], [0.13733, 610149.0], [0.13732, 469890.0], [0.13731, 725099.0], [0.1373, 549706.0], [0.13729, 531060.0], [0.13728, 727160.0], [0.13727, 302694.0], [0.13726, 542440.0], [0.13725, 1210404.0], [0.13724, 389648.0], [0.13723, 232973.0], [0.13722, 488648.0], [0.13721, 716676.0], [0.1372, 946036.0], [0.13719, 548259.0], [0.13718, 515797.0], [0.13717, 433516.0]], "asks": [[0.13737, 36503.0], [0.13738, 186749.0], [0.13739, 252627.0], [0.1374, 451924.0], [0.13741, 577461.0], [0.13742, 433263.0], [0.13743, 562285.0], [0.13744, 602956.0], [0.13745, 436329.0], [0.13746, 313922.0], [0.13747, 482918.0], [0.13748, 1342096.0], [0.13749, 444378.0], [0.1375, 496380.0], [0.13751, 432319.0], [0.13752, 597325.0], [0.13753, 650851.0], [0.13754, 631209.0], [0.13755, 468742.0], [0.13756, 644963.0]], "timestamp": "2025-12-14T10:22:22.198424+00:00"}, {"symbol": "DOGEUSDT", "bids": [[0.13739, 268269.0], [0.13738, 285917.0], [0.13737, 526618.0], [0.13736, 499669.0], [0.13735, 472256.0], [0.13734, 789467.0], [0.13733, 772057.0], [0.13732, 422861.0], [0.13731, 492506.0], [0.1373, 534221.0], [0.13729, 239433.0], [0.13728, 635756.0], [0.13727, 1126026.0], [0.13726, 292384.0], [0.13725, 631746.0], [0.13724, 423809.0], [0.13723, 271127.0], [0.13722, 481828.0], [0.13721, 534015.0], [0.1372, 403508.0]], "asks": [[0.1374, 188210.0], [0.13741, 179416.0], [0.13742, 395936.0], [0.13743, 481382.0], [0.13744, 633637.0], [0.13745, 917738.0], [0.13746, 618405.0], [0.13747, 713090.0], [0.13748, 433592.0], [0.13749, 1189277.0], [0.1375, 859954.0], [0.13751, 533506.0], [0.13752, 336376.0], [0.13753, 752398.0], [0.13754, 672508.0], [0.13755, 438970.0], [0.13756, 678459.0], [0.13757, 1063723.0], [0.13758, 844799.0], [0.13759, 1150014.0]], "timestamp": "2025-12-14T10:23:15.245480+00:00"}, {"symbol": "DOGEUSDT", "bids": [[0.13747, 302545.0], [0.13746, 268533.0], [0.13745, 159463.0], [0.13744, 309454.0], [0.13743, 663964.0], [0.13742, 759937.0], [0.13741, 797649.0], [0.1374, 876794.0], [0.13739, 334588.0], [0.13738, 482420.0], [0.13737, 574377.0], [0.13736, 988072.0], [0.13735, 467763.0], [0.13734, 594559.0], [0.13733, 602789.0], [0.13732, 260327.0], [0.13731, 452583.0], [0.1373, 641139.0], [0.13729, 513429.0], [0.13728, 886759.0]], "asks": [[0.13748, 83155.0], [0.13749, 203565.0], [0.1375, 353974.0], [0.13751, 370688.0], [0.13752, 728249.0], [0.13753, 760030.0], [0.13754, 674818.0], [0.13755, 618622.0], [0.13756, 532389.0], [0.13757, 1206227.0], [0.13758, 568766.0], [0.13759, 434861.0], [0.1376, 663944.0], [0.13761, 513123.0], [0.13762, 574811.0], [0.13763, 625477.0], [0.13764, 947917.0], [0.13765, 567450.0], [0.13766, 537130.0], [0.13767, 902817.0]], "timestamp": "2025-12-14T10:24:08.433835+00:00"}