[{"id": "979948671", "price": 0.13411, "amount": 44.0, "side": "buy", "timestamp": 1765755716519}, {"id": "979948672", "price": 0.1341, "amount": 500.0, "side": "sell", "timestamp": 1765755716909}, {"id": "979948673", "price": 0.1341, "amount": 105.0, "side": "sell", "timestamp": 1765755717025}, {"id": "979948674", "price": 0.13411, "amount": 100.0, "side": "buy", "timestamp": 1765755717125}, {"id": "979948675", "price": 0.1341, "amount": 22577.0, "side": "sell", "timestamp": 1765755717173}, {"id": "979948676", "price": 0.13409, "amount": 2998.0, "side": "sell", "timestamp": 1765755717222}, {"id": "979948677", "price": 0.13408, "amount": 66.0, "side": "sell", "timestamp": 1765755717397}, {"id": "979948678", "price": 0.13408, "amount": 129.0, "side": "sell", "timestamp": 1765755718025}, {"id": "979948679", "price": 0.13409, "amount": 660.0, "side": "buy", "timestamp": 1765755718097}, {"id": "979948680", "price": 0.13408, "amount": 1328.0, "side": "sell", "timestamp": 1765755718281}, {"id": "979948681", "price": 0.13409, "amount": 467.0, "side": "buy", "timestamp": 1765755718472}, {"id": "979948682", "price": 0.1341, "amount": 99.0, "side": "buy", "timestamp": 1765755718852}, {"id": "979948683", "price": 0.13409, "amount": 88.0, "side": "sell", "timestamp": 1765755719684}, {"id": "979948684", "price": 0.13409, "amount": 1639.0, "side": "sell", "timestamp": 1765755720071}, {"id": "979948685", "price": 0.13408, "amount": 105.0, "side": "sell", "timestamp": 1765755720091}, {"id": "979948686", "price": 0.13409, "amount": 1410.0, "side": "buy", "timestamp": 1765755720171}, {"id": "979948687", "price": 0.13409, "amount": 22201.0, "side": "buy", "timestamp": 1765755720415}, {"id": "979948688", "price": 0.13408, "amount": 62.0, "side": "sell", "timestamp": 1765755720516}, {"id": "979948689", "price": 0.13408, "amount": 75.0, "side": "sell", "timestamp": 1765755720656}, {"id": "979948690", "price": 0.13408, "amount": 231.0, "side": "sell", "timestamp": 1765755720970}, {"id": "979948691", "price": 0.13408, "amount": 242.0, "side": "sell", "timestamp": 1765755721115}, {"id": "979948692", "price": 0.13408, "amount": 219.0, "side": "sell", "timestamp": 1765755721552}, {"id": "979948693", "price": 0.13408, "amount": 80.0, "side": "sell", "timestamp": 1765755722696}, {"id": "979948694", "price": 0.13409, "amount": 60.0, "side": "buy", "timestamp": 1765755722749}, {"id": "979948695", "price": 0.13408, "amount": 105.0, "side": "sell", "timestamp": 1765755723138}, {"id": "979948696", "price": 0.13409, "amount": 116620.0, "side": "buy", "timestamp": 1765755723359}, {"id": "979948697", "price": 0.13409, "amount": 1606.0, "side": "sell", "timestamp": 1765755723399}, {"id": "979948698", "price": 0.13409, "amount": 279.0, "side": "sell", "timestamp": 1765755723772}, {"id": "979948699", "price": 0.13409, "amount": 5000.0, "side": "sell", "timestamp": 1765755724270}, {"id": "979948700", "price": 0.1341, "amount": 372.0, "side": "buy", "timestamp": 1765755724369}, {"id": "979948701", "price": 0.1341, "amount": 1154.0, "side": "buy", "timestamp": 1765755724516}, {"id": "979948702", "price": 0.13409, "amount": 14282.0, "side": "sell", "timestamp": 1765755724585}, {"id": "979948703", "price": 0.13408, "amount": 234515.0, "side": "sell", "timestamp": 1765755724671}, {"id": "979948704", "price": 0.13408, "amount": 60.0, "side": "buy", "timestamp": 1765755724718}, {"id": "979948705", "price": 0.13408, "amount": 38.0, "side": "buy", "timestamp": 1765755725131}, {"id": "979948706", "price": 0.13408, "amount": 278.0, "side": "buy", "timestamp": 1765755725272}, {"id": "979948707", "price": 0.13407, "amount": 372.0, "side": "sell", "timestamp": 1765755725729}, {"id": "979948708", "price": 0.13408, "amount": 61.0, "side": "buy", "timestamp": 1765755725731}, {"id": "979948709", "price": 0.13407, "amount": 105.0, "side": "sell", "timestamp": 1765755726180}, {"id": "979948710", "price": 0.13407, "amount": 222.0, "side": "sell", "timestamp": 1765755726292}, {"id": "979948711", "price": 0.13407, "amount": 427.0, "side": "sell", "timestamp": 1765755726407}, {"id": "979948712", "price": 0.13407, "amount": 3000.0, "side": "sell", "timestamp": 1765755726994}, {"id": "979948713", "price": 0.13408, "amount": 3367.0, "side": "buy", "timestamp": 1765755727215}, {"id": "979948714", "price": 0.13409, "amount": 40662.0, "side": "buy", "timestamp": 1765755727236}, {"id": "979948715", "price": 0.1341, "amount": 33992.0, "side": "buy", "timestamp": 1765755727271}, {"id": "979948716", "price": 0.1341, "amount": 789.0, "side": "sell", "timestamp": 1765755727441}, {"id": "979948717", "price": 0.1341, "amount": 13406.0, "side": "sell", "timestamp": 1765755728567}, {"id": "979948718", "price": 0.13409, "amount": 2411.0, "side": "sell", "timestamp": 1765755728717}, {"id": "979948719", "price": 0.13408, "amount": 4044.0, "side": "sell", "timestamp": 1765755728871}, {"id": "979948720", "price": 0.13407, "amount": 170.0, "side": "sell", "timestamp": 1765755729062}, {"id": "979948825", "price": 0.134, "amount": 6039.0, "side": "buy", "timestamp": 1765755763666}, {"id": "979948826", "price": 0.13399, "amount": 75.0, "side": "buy", "timestamp": 1765755763670}, {"id": "979948827", "price": 0.13399, "amount": 134.0, "side": "sell", "timestamp": 1765755763681}, {"id": "979948828", "price": 0.13399, "amount": 1792.0, "side": "sell", "timestamp": 1765755763849}, {"id": "979948829", "price": 0.13399, "amount": 1222.0, "side": "sell", "timestamp": 1765755764500}, {"id": "979948830", "price": 0.13399, "amount": 105.0, "side": "sell", "timestamp": 1765755765121}, {"id": "979948831", "price": 0.134, "amount": 3152.0, "side": "buy", "timestamp": 1765755765665}, {"id": "979948832", "price": 0.134, "amount": 300.0, "side": "sell", "timestamp": 1765755766203}, {"id": "979948833", "price": 0.13399, "amount": 2190.0, "side": "sell", "timestamp": 1765755766381}, {"id": "979948834", "price": 0.13399, "amount": 352.0, "side": "buy", "timestamp": 1765755767180}, {"id": "979948835", "price": 0.13399, "amount": 327.0, "side": "sell", "timestamp": 1765755767413}, {"id": "979948836", "price": 0.13398, "amount": 6.0, "side": "sell", "timestamp": 1765755767457}, {"id": "979948837", "price": 0.13398, "amount": 105.0, "side": "sell", "timestamp": 1765755768170}, {"id": "979948838", "price": 0.13398, "amount": 128.0, "side": "sell", "timestamp": 1765755768820}, {"id": "979948839", "price": 0.13399, "amount": 8874.0, "side": "buy", "timestamp": 1765755769702}, {"id": "979948840", "price": 0.13398, "amount": 58.0, "side": "sell", "timestamp": 1765755770176}, {"id": "979948841", "price": 0.13398, "amount": 44.0, "side": "sell", "timestamp": 1765755770528}, {"id": "979948842", "price": 0.13398, "amount": 105.0, "side": "sell", "timestamp": 1765755771187}, {"id": "979948843", "price": 0.13398, "amount": 1314.0, "side": "sell", "timestamp": 1765755772099}, {"id": "979948844", "price": 0.13398, "amount": 288.0, "side": "sell", "timestamp": 1765755774002}, {"id": "979948845", "price": 0.13398, "amount": 653.0, "side": "sell", "timestamp": 1765755775603}, {"id": "979948846", "price": 0.13399, "amount": 16227.0, "side": "buy", "timestamp": 1765755775616}, {"id": "979948847", "price": 0.134, "amount": 566.0, "side": "buy", "timestamp": 1765755775639}, {"id": "979948848", "price": 0.134, "amount": 159.0, "side": "sell", "timestamp": 1765755776145}, {"id": "979948849", "price": 0.134, "amount": 109.0, "side": "sell", "timestamp": 1765755776338}, {"id": "979948850", "price": 0.134, "amount": 78.0, "side": "sell", "timestamp": 1765755776473}, {"id": "979948851", "price": 0.134, "amount": 1000.0, "side": "sell", "timestamp": 1765755776869}, {"id": "979948852", "price": 0.134, "amount": 105.0, "side": "sell", "timestamp": 1765755777113}, {"id": "979948853", "price": 0.134, "amount": 1880.0, "side": "sell", "timestamp": 1765755777237}, {"id": "979948854", "price": 0.134, "amount": 377.0, "side": "sell", "timestamp": 1765755777605}, {"id": "979948855", "price": 0.13401, "amount": 5424.0, "side": "buy", "timestamp": 1765755777683}, {"id": "979948856", "price": 0.13402, "amount": 2038.0, "side": "buy", "timestamp": 1765755777684}, {"id": "979948857", "price": 0.13402, "amount": 37310.0, "side": "buy", "timestamp": 1765755778713}, {"id": "979948858", "price": 0.13401, "amount": 51.0, "side": "sell", "timestamp": 1765755779539}, {"id": "979948859", "price": 0.13401, "amount": 170.0, "side": "sell", "timestamp": 1765755780126}, {"id": "979948860", "price": 0.13402, "amount": 13184.0, "side": "buy", "timestamp": 1765755780487}, {"id": "979948861", "price": 0.13402, "amount": 83635.0, "side": "buy", "timestamp": 1765755781576}, {"id": "979948862", "price": 0.13403, "amount": 18538.0, "side": "buy", "timestamp": 1765755781679}, {"id": "979948863", "price": 0.13403, "amount": 132.0, "side": "sell", "timestamp": 1765755781886}, {"id": "979948864", "price": 0.13402, "amount": 68.0, "side": "sell", "timestamp": 1765755782190}, {"id": "979948865", "price": 0.13403, "amount": 387.0, "side": "buy", "timestamp": 1765755782334}, {"id": "979948866", "price": 0.13404, "amount": 5325.0, "side": "buy", "timestamp": 1765755782384}, {"id": "979948867", "price": 0.13405, "amount": 57988.0, "side": "buy", "timestamp": 1765755782442}, {"id": "979948868", "price": 0.13406, "amount": 786.0, "side": "buy", "timestamp": 1765755782574}, {"id": "979948869", "price": 0.13406, "amount": 6616.0, "side": "buy", "timestamp": 1765755782783}, {"id": "979948870", "price": 0.13406, "amount": 105.0, "side": "sell", "timestamp": 1765755783181}, {"id": "979948871", "price": 0.13407, "amount": 10269.0, "side": "buy", "timestamp": 1765755783232}, {"id": "979948872", "price": 0.13408, "amount": 117.0, "side": "buy", "timestamp": 1765755783239}, {"id": "979948873", "price": 0.13409, "amount": 55.0, "side": "buy", "timestamp": 1765755783630}, {"id": "979948874", "price": 0.13408, "amount": 85.0, "side": "sell", "timestamp": 1765755783973}, {"id": "979948951", "price": 0.13409, "amount": 105.0, "side": "sell", "timestamp": 1765755813187}, {"id": "979948952", "price": 0.13409, "amount": 309.0, "side": "sell", "timestamp": 1765755814205}, {"id": "979948953", "price": 0.13409, "amount": 310.0, "side": "sell", "timestamp": 1765755815034}, {"id": "979948954", "price": 0.13409, "amount": 168898.0, "side": "sell", "timestamp": 1765755815884}, {"id": "979948955", "price": 0.13409, "amount": 105.0, "side": "sell", "timestamp": 1765755816014}, {"id": "979948956", "price": 0.13409, "amount": 342.0, "side": "sell", "timestamp": 1765755816123}, {"id": "979948957", "price": 0.1341, "amount": 9859.0, "side": "buy", "timestamp": 1765755816766}, {"id": "979948958", "price": 0.13409, "amount": 74.0, "side": "sell", "timestamp": 1765755817269}, {"id": "979948959", "price": 0.13409, "amount": 118.0, "side": "sell", "timestamp": 1765755817400}, {"id": "979948960", "price": 0.1341, "amount": 82980.0, "side": "buy", "timestamp": 1765755817593}, {"id": "979948961", "price": 0.13411, "amount": 13860.0, "side": "buy", "timestamp": 1765755817608}, {"id": "979948962", "price": 0.13411, "amount": 51.0, "side": "sell", "timestamp": 1765755817993}, {"id": "979948963", "price": 0.13411, "amount": 105.0, "side": "sell", "timestamp": 1765755819081}, {"id": "979948964", "price": 0.13411, "amount": 344.0, "side": "sell", "timestamp": 1765755819281}, {"id": "979948965", "price": 0.13411, "amount": 654.0, "side": "sell", "timestamp": 1765755819493}, {"id": "979948966", "price": 0.13411, "amount": 129.0, "side": "sell", "timestamp": 1765755819965}, {"id": "979948967", "price": 0.13412, "amount": 745.0, "side": "buy", "timestamp": 1765755820710}, {"id": "979948968", "price": 0.13411, "amount": 526.0, "side": "sell", "timestamp": 1765755821181}, {"id": "979948969", "price": 0.13411, "amount": 52.0, "side": "sell", "timestamp": 1765755821326}, {"id": "979948970", "price": 0.13411, "amount": 525.0, "side": "sell", "timestamp": 1765755821514}, {"id": "979948971", "price": 0.13411, "amount": 626.0, "side": "sell", "timestamp": 1765755821711}, {"id": "979948972", "price": 0.13411, "amount": 449.0, "side": "sell", "timestamp": 1765755822034}, {"id": "979948973", "price": 0.13411, "amount": 58.0, "side": "sell", "timestamp": 1765755822523}, {"id": "979948974", "price": 0.13411, "amount": 490.0, "side": "sell", "timestamp": 1765755825183}, {"id": "979948975", "price": 0.13411, "amount": 779.0, "side": "sell", "timestamp": 1765755826114}, {"id": "979948976", "price": 0.13411, "amount": 50.0, "side": "sell", "timestamp": 1765755826358}, {"id": "979948977", "price": 0.13411, "amount": 72413.0, "side": "sell", "timestamp": 1765755826927}, {"id": "979948978", "price": 0.1341, "amount": 14793.0, "side": "sell", "timestamp": 1765755826969}, {"id": "979948979", "price": 0.1341, "amount": 436.0, "side": "buy", "timestamp": 1765755827101}, {"id": "979948980", "price": 0.1341, "amount": 203.0, "side": "sell", "timestamp": 1765755827686}, {"id": "979948981", "price": 0.1341, "amount": 463.0, "side": "sell", "timestamp": 1765755828010}, {"id": "979948982", "price": 0.13409, "amount": 390.0, "side": "sell", "timestamp": 1765755828186}, {"id": "979948983", "price": 0.13409, "amount": 497.0, "side": "sell", "timestamp": 1765755828707}, {"id": "979948984", "price": 0.13409, "amount": 467.0, "side": "sell", "timestamp": 1765755829186}, {"id": "979948985", "price": 0.13409, "amount": 110039.0, "side": "sell", "timestamp": 1765755830447}, {"id": "979948986", "price": 0.13408, "amount": 49.0, "side": "sell", "timestamp": 1765755830850}, {"id": "979948987", "price": 0.13408, "amount": 514.0, "side": "sell", "timestamp": 1765755830993}, {"id": "979948988", "price": 0.13408, "amount": 430.0, "side": "sell", "timestamp": 1765755831137}, {"id": "979948989", "price": 0.13409, "amount": 578.0, "side": "buy", "timestamp": 1765755833101}, {"id": "979948990", "price": 0.13408, "amount": 13262.0, "side": "sell", "timestamp": 1765755833247}, {"id": "979948991", "price": 0.13407, "amount": 433.0, "side": "sell", "timestamp": 1765755833596}, {"id": "979948992", "price": 0.13407, "amount": 105.0, "side": "sell", "timestamp": 1765755834123}, {"id": "979948993", "price": 0.13407, "amount": 331.0, "side": "sell", "timestamp": 1765755834282}, {"id": "979948994", "price": 0.13407, "amount": 61.0, "side": "sell", "timestamp": 1765755835693}, {"id": "979948995", "price": 0.13407, "amount": 150.0, "side": "sell", "timestamp": 1765755836038}, {"id": "979948996", "price": 0.13407, "amount": 19460.0, "side": "sell", "timestamp": 1765755836549}, {"id": "979948997", "price": 0.13406, "amount": 2029.0, "side": "sell", "timestamp": 1765755837092}, {"id": "979948998", "price": 0.13407, "amount": 1864.0, "side": "buy", "timestamp": 1765755837334}, {"id": "979948999", "price": 0.13406, "amount": 1127.0, "side": "sell", "timestamp": 1765755838162}, {"id": "979949000", "price": 0.13407, "amount": 45775.0, "side": "buy", "timestamp": 1765755838481}, {"id": "979949066", "price": 0.13409, "amount": 1491.0, "side": "sell", "timestamp": 1765755868417}, {"id": "979949067", "price": 0.13409, "amount": 20585.0, "side": "sell", "timestamp": 1765755870052}, {"id": "979949068", "price": 0.13408, "amount": 105.0, "side": "sell", "timestamp": 1765755870274}, {"id": "979949069", "price": 0.13408, "amount": 129.0, "side": "sell", "timestamp": 1765755870721}, {"id": "979949070", "price": 0.13408, "amount": 55.0, "side": "sell", "timestamp": 1765755870846}, {"id": "979949071", "price": 0.13409, "amount": 202.0, "side": "buy", "timestamp": 1765755870977}, {"id": "979949072", "price": 0.13408, "amount": 407.0, "side": "sell", "timestamp": 1765755871487}, {"id": "979949073", "price": 0.13407, "amount": 2983.0, "side": "sell", "timestamp": 1765755871794}, {"id": "979949074", "price": 0.13407, "amount": 345.0, "side": "sell", "timestamp": 1765755872188}, {"id": "979949075", "price": 0.13407, "amount": 5109.0, "side": "sell", "timestamp": 1765755872496}, {"id": "979949076", "price": 0.13406, "amount": 3149.0, "side": "sell", "timestamp": 1765755873003}, {"id": "979949077", "price": 0.13405, "amount": 1076.0, "side": "sell", "timestamp": 1765755873012}, {"id": "979949078", "price": 0.13404, "amount": 467.0, "side": "sell", "timestamp": 1765755873034}, {"id": "979949079", "price": 0.13403, "amount": 105.0, "side": "sell", "timestamp": 1765755873136}, {"id": "979949080", "price": 0.13403, "amount": 29914.0, "side": "sell", "timestamp": 1765755873759}, {"id": "979949081", "price": 0.13402, "amount": 744.0, "side": "sell", "timestamp": 1765755874293}, {"id": "979949082", "price": 0.13403, "amount": 1538.0, "side": "buy", "timestamp": 1765755874795}, {"id": "979949083", "price": 0.13402, "amount": 6254.0, "side": "sell", "timestamp": 1765755875088}, {"id": "979949084", "price": 0.13401, "amount": 1860.0, "side": "sell", "timestamp": 1765755875232}, {"id": "979949085", "price": 0.13401, "amount": 187.0, "side": "sell", "timestamp": 1765755875779}, {"id": "979949086", "price": 0.134, "amount": 105.0, "side": "sell", "timestamp": 1765755876003}, {"id": "979949087", "price": 0.134, "amount": 3489.0, "side": "sell", "timestamp": 1765755876903}, {"id": "979949088", "price": 0.13399, "amount": 117.0, "side": "sell", "timestamp": 1765755877050}, {"id": "979949089", "price": 0.13398, "amount": 885.0, "side": "sell", "timestamp": 1765755877050}, {"id": "979949090", "price": 0.13399, "amount": 2000.0, "side": "buy", "timestamp": 1765755877096}, {"id": "979949091", "price": 0.13399, "amount": 605.0, "side": "buy", "timestamp": 1765755877316}, {"id": "979949092", "price": 0.13398, "amount": 139.0, "side": "sell", "timestamp": 1765755878179}, {"id": "979949093", "price": 0.13398, "amount": 483.0, "side": "sell", "timestamp": 1765755879079}, {"id": "979949094", "price": 0.13399, "amount": 298.0, "side": "buy", "timestamp": 1765755879872}, {"id": "979949095", "price": 0.13398, "amount": 344.0, "side": "sell", "timestamp": 1765755880178}, {"id": "979949096", "price": 0.13399, "amount": 6760.0, "side": "buy", "timestamp": 1765755881468}, {"id": "979949097", "price": 0.13399, "amount": 237.0, "side": "sell", "timestamp": 1765755881778}, {"id": "979949098", "price": 0.13398, "amount": 105.0, "side": "sell", "timestamp": 1765755882162}, {"id": "979949099", "price": 0.13399, "amount": 10813.0, "side": "buy", "timestamp": 1765755883035}, {"id": "979949100", "price": 0.13398, "amount": 345.0, "side": "sell", "timestamp": 1765755883062}, {"id": "979949101", "price": 0.13398, "amount": 105.0, "side": "sell", "timestamp": 1765755885080}, {"id": "979949102", "price": 0.13399, "amount": 1848.0, "side": "buy", "timestamp": 1765755885451}, {"id": "979949103", "price": 0.13398, "amount": 2810.0, "side": "sell", "timestamp": 1765755886066}, {"id": "979949104", "price": 0.13398, "amount": 45.0, "side": "sell", "timestamp": 1765755887519}, {"id": "979949105", "price": 0.13398, "amount": 69.0, "side": "sell", "timestamp": 1765755887852}, {"id": "979949106", "price": 0.13398, "amount": 105.0, "side": "sell", "timestamp": 1765755888107}, {"id": "979949107", "price": 0.13398, "amount": 345.0, "side": "sell", "timestamp": 1765755889244}, {"id": "979949108", "price": 0.13398, "amount": 343.0, "side": "sell", "timestamp": 1765755890268}, {"id": "979949109", "price": 0.13399, "amount": 92.0, "side": "buy", "timestamp": 1765755890683}, {"id": "979949110", "price": 0.13398, "amount": 513.0, "side": "sell", "timestamp": 1765755891071}, {"id": "979949111", "price": 0.13399, "amount": 519.0, "side": "buy", "timestamp": 1765755891131}, {"id": "979949112", "price": 0.13399, "amount": 584.0, "side": "buy", "timestamp": 1765755891580}, {"id": "979949113", "price": 0.13399, "amount": 80072.0, "side": "buy", "timestamp": 1765755893106}, {"id": "979949114", "price": 0.134, "amount": 422.0, "side": "buy", "timestamp": 1765755893553}, {"id": "979949115", "price": 0.134, "amount": 19988.0, "side": "buy", "timestamp": 1765755893767}, {"id": "979949215", "price": 0.13402, "amount": 33570.0, "side": "buy", "timestamp": 1765755927661}, {"id": "979949216", "price": 0.13402, "amount": 7272.0, "side": "buy", "timestamp": 1765755927779}, {"id": "979949217", "price": 0.13402, "amount": 342.0, "side": "buy", "timestamp": 1765755928146}, {"id": "979949218", "price": 0.13402, "amount": 52.0, "side": "sell", "timestamp": 1765755928502}, {"id": "979949219", "price": 0.13402, "amount": 105.0, "side": "sell", "timestamp": 1765755930186}, {"id": "979949220", "price": 0.13402, "amount": 4922.0, "side": "sell", "timestamp": 1765755930889}, {"id": "979949221", "price": 0.13402, "amount": 167.0, "side": "buy", "timestamp": 1765755931257}, {"id": "979949222", "price": 0.13401, "amount": 4325.0, "side": "sell", "timestamp": 1765755931400}, {"id": "979949223", "price": 0.13402, "amount": 39.0, "side": "buy", "timestamp": 1765755931902}, {"id": "979949224", "price": 0.13401, "amount": 105.0, "side": "sell", "timestamp": 1765755933008}, {"id": "979949225", "price": 0.13402, "amount": 49197.0, "side": "buy", "timestamp": 1765755933226}, {"id": "979949226", "price": 0.13402, "amount": 82.0, "side": "buy", "timestamp": 1765755933384}, {"id": "979949227", "price": 0.13402, "amount": 84.0, "side": "buy", "timestamp": 1765755933892}, {"id": "979949228", "price": 0.13401, "amount": 1119.0, "side": "sell", "timestamp": 1765755934385}, {"id": "979949229", "price": 0.13401, "amount": 17205.0, "side": "sell", "timestamp": 1765755934960}, {"id": "979949230", "price": 0.13401, "amount": 148.0, "side": "sell", "timestamp": 1765755935491}, {"id": "979949231", "price": 0.13401, "amount": 89.0, "side": "sell", "timestamp": 1765755935694}, {"id": "979949232", "price": 0.13402, "amount": 88663.0, "side": "buy", "timestamp": 1765755935877}, {"id": "979949233", "price": 0.13401, "amount": 105.0, "side": "sell", "timestamp": 1765755936080}, {"id": "979949234", "price": 0.13402, "amount": 1438.0, "side": "buy", "timestamp": 1765755937661}, {"id": "979949235", "price": 0.13401, "amount": 149.0, "side": "sell", "timestamp": 1765755937788}, {"id": "979949236", "price": 0.13402, "amount": 11193.0, "side": "buy", "timestamp": 1765755937903}, {"id": "979949237", "price": 0.13401, "amount": 304.0, "side": "sell", "timestamp": 1765755938174}, {"id": "979949238", "price": 0.13401, "amount": 225.0, "side": "sell", "timestamp": 1765755938630}, {"id": "979949239", "price": 0.13402, "amount": 44.0, "side": "buy", "timestamp": 1765755938968}, {"id": "979949240", "price": 0.13401, "amount": 408.0, "side": "sell", "timestamp": 1765755939149}, {"id": "979949241", "price": 0.13401, "amount": 73.0, "side": "sell", "timestamp": 1765755939632}, {"id": "979949242", "price": 0.13401, "amount": 80169.0, "side": "sell", "timestamp": 1765755940474}, {"id": "979949243", "price": 0.134, "amount": 304.0, "side": "sell", "timestamp": 1765755941288}, {"id": "979949244", "price": 0.13401, "amount": 7849.0, "side": "buy", "timestamp": 1765755941342}, {"id": "979949245", "price": 0.13401, "amount": 793.0, "side": "buy", "timestamp": 1765755941821}, {"id": "979949246", "price": 0.134, "amount": 105.0, "side": "sell", "timestamp": 1765755942179}, {"id": "979949247", "price": 0.134, "amount": 154.0, "side": "sell", "timestamp": 1765755942377}, {"id": "979949248", "price": 0.134, "amount": 2529.0, "side": "sell", "timestamp": 1765755942916}, {"id": "979949249", "price": 0.134, "amount": 20283.0, "side": "sell", "timestamp": 1765755943575}, {"id": "979949250", "price": 0.134, "amount": 1181.0, "side": "sell", "timestamp": 1765755944149}, {"id": "979949251", "price": 0.13399, "amount": 117.0, "side": "sell", "timestamp": 1765755944241}, {"id": "979949252", "price": 0.13398, "amount": 214.0, "side": "sell", "timestamp": 1765755944860}, {"id": "979949253", "price": 0.13399, "amount": 40.0, "side": "buy", "timestamp": 1765755944991}, {"id": "979949254", "price": 0.13398, "amount": 105.0, "side": "sell", "timestamp": 1765755945009}, {"id": "979949255", "price": 0.13398, "amount": 416.0, "side": "sell", "timestamp": 1765755945270}, {"id": "979949256", "price": 0.13399, "amount": 1868.0, "side": "buy", "timestamp": 1765755945679}, {"id": "979949257", "price": 0.13398, "amount": 470.0, "side": "sell", "timestamp": 1765755946112}, {"id": "979949258", "price": 0.13398, "amount": 519.0, "side": "sell", "timestamp": 1765755946225}, {"id": "979949259", "price": 0.13398, "amount": 15882.0, "side": "sell", "timestamp": 1765755947008}, {"id": "979949260", "price": 0.13397, "amount": 9905.0, "side": "sell", "timestamp": 1765755947632}, {"id": "979949261", "price": 0.13396, "amount": 2227.0, "side": "sell", "timestamp": 1765755947752}, {"id": "979949262", "price": 0.13395, "amount": 4232.0, "side": "sell", "timestamp": 1765755947863}, {"id": "979949263", "price": 0.13395, "amount": 76.0, "side": "buy", "timestamp": 1765755948010}, {"id": "979949264", "price": 0.13394, "amount": 213.0, "side": "sell", "timestamp": 1765755948055}, {"id": "979949412", "price": 0.13393, "amount": 26.0, "side": "buy", "timestamp": 1765755986286}, {"id": "979949413", "price": 0.13392, "amount": 105.0, "side": "sell", "timestamp": 1765755987192}, {"id": "979949414", "price": 0.13393, "amount": 76.0, "side": "buy", "timestamp": 1765755987312}, {"id": "979949415", "price": 0.13393, "amount": 410.0, "side": "buy", "timestamp": 1765755987535}, {"id": "979949416", "price": 0.13392, "amount": 316.0, "side": "sell", "timestamp": 1765755988114}, {"id": "979949417", "price": 0.13392, "amount": 7732.0, "side": "sell", "timestamp": 1765755988302}, {"id": "979949418", "price": 0.13393, "amount": 373.0, "side": "buy", "timestamp": 1765755989219}, {"id": "979949419", "price": 0.13392, "amount": 36618.0, "side": "sell", "timestamp": 1765755989378}, {"id": "979949420", "price": 0.13392, "amount": 1411.0, "side": "buy", "timestamp": 1765755989381}, {"id": "979949421", "price": 0.13391, "amount": 105.0, "side": "sell", "timestamp": 1765755990007}, {"id": "979949422", "price": 0.13392, "amount": 28195.0, "side": "buy", "timestamp": 1765755990253}, {"id": "979949423", "price": 0.13391, "amount": 373.0, "side": "sell", "timestamp": 1765755990605}, {"id": "979949424", "price": 0.13391, "amount": 47.0, "side": "sell", "timestamp": 1765755991076}, {"id": "979949425", "price": 0.13392, "amount": 2862.0, "side": "buy", "timestamp": 1765755991343}, {"id": "979949426", "price": 0.13392, "amount": 2946.0, "side": "buy", "timestamp": 1765755991548}, {"id": "979949427", "price": 0.13393, "amount": 20584.0, "side": "buy", "timestamp": 1765755992479}, {"id": "979949428", "price": 0.13394, "amount": 382.0, "side": "buy", "timestamp": 1765755992806}, {"id": "979949429", "price": 0.13394, "amount": 56870.0, "side": "buy", "timestamp": 1765755992963}, {"id": "979949430", "price": 0.13395, "amount": 854.0, "side": "buy", "timestamp": 1765755992979}, {"id": "979949431", "price": 0.13396, "amount": 2588.0, "side": "buy", "timestamp": 1765755993004}, {"id": "979949432", "price": 0.13395, "amount": 105.0, "side": "sell", "timestamp": 1765755993072}, {"id": "979949433", "price": 0.13396, "amount": 3727.0, "side": "buy", "timestamp": 1765755993337}, {"id": "979949434", "price": 0.13395, "amount": 890.0, "side": "sell", "timestamp": 1765755993490}, {"id": "979949435", "price": 0.13396, "amount": 188.0, "side": "buy", "timestamp": 1765755993920}, {"id": "979949436", "price": 0.13397, "amount": 547.0, "side": "buy", "timestamp": 1765755993924}, {"id": "979949437", "price": 0.13398, "amount": 2158.0, "side": "buy", "timestamp": 1765755994938}, {"id": "979949438", "price": 0.13399, "amount": 511.0, "side": "buy", "timestamp": 1765755994951}, {"id": "979949439", "price": 0.134, "amount": 2663.0, "side": "buy", "timestamp": 1765755995103}, {"id": "979949440", "price": 0.13399, "amount": 29047.0, "side": "sell", "timestamp": 1765755995296}, {"id": "979949441", "price": 0.13398, "amount": 188.0, "side": "sell", "timestamp": 1765755995419}, {"id": "979949442", "price": 0.13397, "amount": 29319.0, "side": "sell", "timestamp": 1765755995889}, {"id": "979949443", "price": 0.13396, "amount": 424.0, "side": "sell", "timestamp": 1765755995899}, {"id": "979949444", "price": 0.13396, "amount": 105.0, "side": "sell", "timestamp": 1765755996129}, {"id": "979949445", "price": 0.13397, "amount": 284.0, "side": "buy", "timestamp": 1765755997560}, {"id": "979949446", "price": 0.13396, "amount": 35513.0, "side": "sell", "timestamp": 1765755997795}, {"id": "979949447", "price": 0.13395, "amount": 6500.0, "side": "sell", "timestamp": 1765755998121}, {"id": "979949448", "price": 0.13394, "amount": 1434.0, "side": "sell", "timestamp": 1765755998215}, {"id": "979949449", "price": 0.13393, "amount": 255909.0, "side": "sell", "timestamp": 1765755998411}, {"id": "979949450", "price": 0.13392, "amount": 480.0, "side": "sell", "timestamp": 1765755998899}, {"id": "979949451", "price": 0.13393, "amount": 449.0, "side": "buy", "timestamp": 1765755999061}, {"id": "979949452", "price": 0.13392, "amount": 105.0, "side": "sell", "timestamp": 1765755999174}, {"id": "979949453", "price": 0.13393, "amount": 76.0, "side": "buy", "timestamp": 1765755999506}, {"id": "979949454", "price": 0.13392, "amount": 2714.0, "side": "sell", "timestamp": 1765755999507}, {"id": "979949455", "price": 0.13391, "amount": 1373.0, "side": "sell", "timestamp": 1765755999625}, {"id": "979949456", "price": 0.13391, "amount": 1495.0, "side": "buy", "timestamp": 1765756000222}, {"id": "979949457", "price": 0.1339, "amount": 156.0, "side": "sell", "timestamp": 1765756000770}, {"id": "979949458", "price": 0.13391, "amount": 560.0, "side": "buy", "timestamp": 1765756001172}, {"id": "979949459", "price": 0.1339, "amount": 10404.0, "side": "sell", "timestamp": 1765756001762}, {"id": "979949460", "price": 0.1339, "amount": 105.0, "side": "sell", "timestamp": 1765756002011}, {"id": "979949461", "price": 0.1339, "amount": 117.0, "side": "sell", "timestamp": 1765756002651}, {"id": "979949544", "price": 0.13396, "amount": 38.0, "side": "buy", "timestamp": 1765756034608}, {"id": "979949545", "price": 0.13395, "amount": 105.0, "side": "sell", "timestamp": 1765756035069}, {"id": "979949546", "price": 0.13395, "amount": 214.0, "side": "sell", "timestamp": 1765756035791}, {"id": "979949547", "price": 0.13396, "amount": 193.0, "side": "buy", "timestamp": 1765756035870}, {"id": "979949548", "price": 0.13395, "amount": 96027.0, "side": "sell", "timestamp": 1765756036310}, {"id": "979949549", "price": 0.13394, "amount": 509.0, "side": "sell", "timestamp": 1765756036323}, {"id": "979949550", "price": 0.13393, "amount": 52.0, "side": "sell", "timestamp": 1765756036817}, {"id": "979949551", "price": 0.13393, "amount": 390.0, "side": "sell", "timestamp": 1765756037234}, {"id": "979949552", "price": 0.13394, "amount": 7.0, "side": "buy", "timestamp": 1765756037537}, {"id": "979949553", "price": 0.13393, "amount": 105.0, "side": "sell", "timestamp": 1765756038120}, {"id": "979949554", "price": 0.13394, "amount": 18728.0, "side": "buy", "timestamp": 1765756038196}, {"id": "979949555", "price": 0.13394, "amount": 143.0, "side": "sell", "timestamp": 1765756038433}, {"id": "979949556", "price": 0.13395, "amount": 112469.0, "side": "buy", "timestamp": 1765756039401}, {"id": "979949557", "price": 0.13396, "amount": 28703.0, "side": "buy", "timestamp": 1765756039411}, {"id": "979949558", "price": 0.13397, "amount": 2835.0, "side": "buy", "timestamp": 1765756039565}, {"id": "979949559", "price": 0.13397, "amount": 105.0, "side": "sell", "timestamp": 1765756041175}, {"id": "979949560", "price": 0.13398, "amount": 289.0, "side": "buy", "timestamp": 1765756041590}, {"id": "979949561", "price": 0.13398, "amount": 44.0, "side": "buy", "timestamp": 1765756041985}, {"id": "979949562", "price": 0.13397, "amount": 224.0, "side": "sell", "timestamp": 1765756042866}, {"id": "979949563", "price": 0.13397, "amount": 712.0, "side": "sell", "timestamp": 1765756043691}, {"id": "979949564", "price": 0.13397, "amount": 105.0, "side": "sell", "timestamp": 1765756044031}, {"id": "979949565", "price": 0.13398, "amount": 40.0, "side": "buy", "timestamp": 1765756044042}, {"id": "979949566", "price": 0.13397, "amount": 134.0, "side": "sell", "timestamp": 1765756044703}, {"id": "979949567", "price": 0.13398, "amount": 123653.0, "side": "buy", "timestamp": 1765756044824}, {"id": "979949568", "price": 0.13399, "amount": 41032.0, "side": "buy", "timestamp": 1765756044824}, {"id": "979949569", "price": 0.134, "amount": 58761.0, "side": "buy", "timestamp": 1765756044824}, {"id": "979949570", "price": 0.13399, "amount": 59.0, "side": "sell", "timestamp": 1765756044967}, {"id": "979949571", "price": 0.13399, "amount": 57.0, "side": "sell", "timestamp": 1765756046484}, {"id": "979949572", "price": 0.134, "amount": 10513.0, "side": "buy", "timestamp": 1765756047003}, {"id": "979949573", "price": 0.13399, "amount": 105.0, "side": "sell", "timestamp": 1765756047095}, {"id": "979949574", "price": 0.134, "amount": 50.0, "side": "buy", "timestamp": 1765756047126}, {"id": "979949575", "price": 0.134, "amount": 19196.0, "side": "buy", "timestamp": 1765756047356}, {"id": "979949576", "price": 0.134, "amount": 56109.0, "side": "buy", "timestamp": 1765756047467}, {"id": "979949577", "price": 0.134, "amount": 759.0, "side": "buy", "timestamp": 1765756047596}, {"id": "979949578", "price": 0.134, "amount": 11205.0, "side": "buy", "timestamp": 1765756048610}, {"id": "979949579", "price": 0.13401, "amount": 2074.0, "side": "buy", "timestamp": 1765756048667}, {"id": "979949580", "price": 0.13401, "amount": 85789.0, "side": "buy", "timestamp": 1765756049247}, {"id": "979949581", "price": 0.13402, "amount": 38.0, "side": "buy", "timestamp": 1765756049590}, {"id": "979949582", "price": 0.13401, "amount": 105.0, "side": "sell", "timestamp": 1765756050134}, {"id": "979949583", "price": 0.13401, "amount": 33306.0, "side": "sell", "timestamp": 1765756050734}, {"id": "979949584", "price": 0.134, "amount": 283.0, "side": "sell", "timestamp": 1765756050759}, {"id": "979949585", "price": 0.134, "amount": 77.0, "side": "buy", "timestamp": 1765756050916}, {"id": "979949586", "price": 0.134, "amount": 37310.0, "side": "buy", "timestamp": 1765756051290}, {"id": "979949587", "price": 0.13399, "amount": 105.0, "side": "sell", "timestamp": 1765756053186}, {"id": "979949588", "price": 0.13399, "amount": 410.0, "side": "sell", "timestamp": 1765756053945}, {"id": "979949589", "price": 0.13399, "amount": 469.0, "side": "sell", "timestamp": 1765756054230}, {"id": "979949590", "price": 0.134, "amount": 372.0, "side": "buy", "timestamp": 1765756055255}, {"id": "979949591", "price": 0.13399, "amount": 105.0, "side": "sell", "timestamp": 1765756056051}, {"id": "979949592", "price": 0.13399, "amount": 372.0, "side": "sell", "timestamp": 1765756056640}, {"id": "979949593", "price": 0.134, "amount": 10366.0, "side": "buy", "timestamp": 1765756057451}, {"id": "979949725", "price": 0.13399, "amount": 105.0, "side": "sell", "timestamp": 1765756101105}, {"id": "979949726", "price": 0.134, "amount": 353.0, "side": "buy", "timestamp": 1765756101125}, {"id": "979949727", "price": 0.134, "amount": 323437.0, "side": "buy", "timestamp": 1765756102013}, {"id": "979949728", "price": 0.134, "amount": 51166.0, "side": "buy", "timestamp": 1765756102534}, {"id": "979949729", "price": 0.13401, "amount": 40033.0, "side": "buy", "timestamp": 1765756102548}, {"id": "979949730", "price": 0.13402, "amount": 19432.0, "side": "buy", "timestamp": 1765756102663}, {"id": "979949731", "price": 0.13402, "amount": 224.0, "side": "sell", "timestamp": 1765756103056}, {"id": "979949732", "price": 0.13403, "amount": 81310.0, "side": "buy", "timestamp": 1765756103717}, {"id": "979949733", "price": 0.13404, "amount": 2770.0, "side": "buy", "timestamp": 1765756103720}, {"id": "979949734", "price": 0.13403, "amount": 105.0, "side": "sell", "timestamp": 1765756104194}, {"id": "979949735", "price": 0.13404, "amount": 40.0, "side": "buy", "timestamp": 1765756104795}, {"id": "979949736", "price": 0.13403, "amount": 19905.0, "side": "sell", "timestamp": 1765756104800}, {"id": "979949737", "price": 0.13402, "amount": 66346.0, "side": "sell", "timestamp": 1765756104810}, {"id": "979949738", "price": 0.13401, "amount": 1818.0, "side": "sell", "timestamp": 1765756104872}, {"id": "979949739", "price": 0.13401, "amount": 66104.0, "side": "buy", "timestamp": 1765756104973}, {"id": "979949740", "price": 0.13402, "amount": 81728.0, "side": "buy", "timestamp": 1765756105044}, {"id": "979949741", "price": 0.13403, "amount": 135631.0, "side": "buy", "timestamp": 1765756105044}, {"id": "979949742", "price": 0.13404, "amount": 51796.0, "side": "buy", "timestamp": 1765756105194}, {"id": "979949743", "price": 0.13403, "amount": 378.0, "side": "sell", "timestamp": 1765756105217}, {"id": "979949744", "price": 0.13403, "amount": 28.0, "side": "buy", "timestamp": 1765756105531}, {"id": "979949745", "price": 0.13402, "amount": 150.0, "side": "sell", "timestamp": 1765756105648}, {"id": "979949746", "price": 0.13402, "amount": 14923.0, "side": "buy", "timestamp": 1765756105702}, {"id": "979949747", "price": 0.13401, "amount": 16681.0, "side": "sell", "timestamp": 1765756105864}, {"id": "979949748", "price": 0.134, "amount": 48012.0, "side": "sell", "timestamp": 1765756106097}, {"id": "979949749", "price": 0.13399, "amount": 4189.0, "side": "sell", "timestamp": 1765756106100}, {"id": "979949750", "price": 0.13399, "amount": 1453.0, "side": "sell", "timestamp": 1765756106231}, {"id": "979949751", "price": 0.13398, "amount": 61341.0, "side": "sell", "timestamp": 1765756106277}, {"id": "979949752", "price": 0.13398, "amount": 105.0, "side": "sell", "timestamp": 1765756107153}, {"id": "979949753", "price": 0.13399, "amount": 789.0, "side": "buy", "timestamp": 1765756107216}, {"id": "979949754", "price": 0.134, "amount": 51.0, "side": "buy", "timestamp": 1765756107642}, {"id": "979949755", "price": 0.134, "amount": 4555.0, "side": "buy", "timestamp": 1765756108217}, {"id": "979949756", "price": 0.13401, "amount": 10825.0, "side": "buy", "timestamp": 1765756108217}, {"id": "979949757", "price": 0.13401, "amount": 60325.0, "side": "buy", "timestamp": 1765756108502}, {"id": "979949758", "price": 0.134, "amount": 6556.0, "side": "sell", "timestamp": 1765756108581}, {"id": "979949759", "price": 0.13399, "amount": 155.0, "side": "sell", "timestamp": 1765756108593}, {"id": "979949760", "price": 0.13399, "amount": 876.0, "side": "buy", "timestamp": 1765756109397}, {"id": "979949761", "price": 0.134, "amount": 391.0, "side": "buy", "timestamp": 1765756109461}, {"id": "979949762", "price": 0.134, "amount": 331.0, "side": "sell", "timestamp": 1765756110036}, {"id": "979949763", "price": 0.13399, "amount": 1636.0, "side": "sell", "timestamp": 1765756110158}, {"id": "979949764", "price": 0.13398, "amount": 1231.0, "side": "sell", "timestamp": 1765756110171}, {"id": "979949765", "price": 0.13399, "amount": 2.0, "side": "buy", "timestamp": 1765756110480}, {"id": "979949766", "price": 0.13399, "amount": 86.0, "side": "buy", "timestamp": 1765756110989}, {"id": "979949767", "price": 0.13399, "amount": 386.0, "side": "buy", "timestamp": 1765756111193}, {"id": "979949768", "price": 0.13398, "amount": 18477.0, "side": "sell", "timestamp": 1765756111626}, {"id": "979949769", "price": 0.13397, "amount": 3547.0, "side": "sell", "timestamp": 1765756111710}, {"id": "979949770", "price": 0.13396, "amount": 230.0, "side": "sell", "timestamp": 1765756111721}, {"id": "979949771", "price": 0.13395, "amount": 4086.0, "side": "sell", "timestamp": 1765756112071}, {"id": "979949772", "price": 0.13394, "amount": 1736.0, "side": "sell", "timestamp": 1765756112440}, {"id": "979949773", "price": 0.13394, "amount": 8788.0, "side": "buy", "timestamp": 1765756112531}, {"id": "979949774", "price": 0.13393, "amount": 1678.0, "side": "sell", "timestamp": 1765756112604}, {"id": "979949871", "price": 0.13394, "amount": 47306.0, "side": "buy", "timestamp": 1765756149001}, {"id": "979949872", "price": 0.13395, "amount": 2164.0, "side": "buy", "timestamp": 1765756151548}, {"id": "979949873", "price": 0.13396, "amount": 345.0, "side": "buy", "timestamp": 1765756151562}, {"id": "979949874", "price": 0.13396, "amount": 105.0, "side": "sell", "timestamp": 1765756151582}, {"id": "979949875", "price": 0.13397, "amount": 67.0, "side": "buy", "timestamp": 1765756151692}, {"id": "979949876", "price": 0.13397, "amount": 224.0, "side": "buy", "timestamp": 1765756152173}, {"id": "979949877", "price": 0.13396, "amount": 728.0, "side": "sell", "timestamp": 1765756152204}, {"id": "979949878", "price": 0.13397, "amount": 43958.0, "side": "buy", "timestamp": 1765756152592}, {"id": "979949879", "price": 0.13398, "amount": 6750.0, "side": "buy", "timestamp": 1765756152595}, {"id": "979949880", "price": 0.13399, "amount": 724.0, "side": "buy", "timestamp": 1765756152596}, {"id": "979949881", "price": 0.13399, "amount": 77.0, "side": "buy", "timestamp": 1765756152872}, {"id": "979949882", "price": 0.13399, "amount": 56230.0, "side": "buy", "timestamp": 1765756153110}, {"id": "979949883", "price": 0.134, "amount": 7.0, "side": "buy", "timestamp": 1765756153141}, {"id": "979949884", "price": 0.13399, "amount": 26298.0, "side": "sell", "timestamp": 1765756153886}, {"id": "979949885", "price": 0.134, "amount": 82.0, "side": "buy", "timestamp": 1765756153898}, {"id": "979949886", "price": 0.13399, "amount": 177.0, "side": "sell", "timestamp": 1765756153917}, {"id": "979949887", "price": 0.13399, "amount": 105.0, "side": "sell", "timestamp": 1765756154099}, {"id": "979949888", "price": 0.13399, "amount": 100.0, "side": "sell", "timestamp": 1765756155001}, {"id": "979949889", "price": 0.13399, "amount": 13563.0, "side": "sell", "timestamp": 1765756155695}, {"id": "979949890", "price": 0.134, "amount": 21458.0, "side": "buy", "timestamp": 1765756156793}, {"id": "979949891", "price": 0.13399, "amount": 105.0, "side": "sell", "timestamp": 1765756157120}, {"id": "979949892", "price": 0.134, "amount": 16984.0, "side": "buy", "timestamp": 1765756157890}, {"id": "979949893", "price": 0.13401, "amount": 39106.0, "side": "buy", "timestamp": 1765756157890}, {"id": "979949894", "price": 0.13402, "amount": 166021.0, "side": "buy", "timestamp": 1765756157890}, {"id": "979949895", "price": 0.13402, "amount": 6.0, "side": "buy", "timestamp": 1765756158142}, {"id": "979949896", "price": 0.13402, "amount": 187840.0, "side": "buy", "timestamp": 1765756159339}, {"id": "979949897", "price": 0.13403, "amount": 151073.0, "side": "buy", "timestamp": 1765756159381}, {"id": "979949898", "price": 0.13404, "amount": 174906.0, "side": "buy", "timestamp": 1765756159381}, {"id": "979949899", "price": 0.13404, "amount": 2141.0, "side": "buy", "timestamp": 1765756159593}, {"id": "979949900", "price": 0.13403, "amount": 246.0, "side": "sell", "timestamp": 1765756159880}, {"id": "979949901", "price": 0.13404, "amount": 41.0, "side": "buy", "timestamp": 1765756159897}, {"id": "979949902", "price": 0.13403, "amount": 690.0, "side": "sell", "timestamp": 1765756160067}, {"id": "979949903", "price": 0.13403, "amount": 105.0, "side": "sell", "timestamp": 1765756160196}, {"id": "979949904", "price": 0.13403, "amount": 37076.0, "side": "sell", "timestamp": 1765756160788}, {"id": "979949905", "price": 0.13402, "amount": 188.0, "side": "sell", "timestamp": 1765756160797}, {"id": "979949906", "price": 0.13401, "amount": 340608.0, "side": "sell", "timestamp": 1765756161421}, {"id": "979949907", "price": 0.134, "amount": 195.0, "side": "sell", "timestamp": 1765756161484}, {"id": "979949908", "price": 0.134, "amount": 37.0, "side": "buy", "timestamp": 1765756162267}, {"id": "979949909", "price": 0.134, "amount": 1360.0, "side": "buy", "timestamp": 1765756162664}, {"id": "979949910", "price": 0.13399, "amount": 33237.0, "side": "sell", "timestamp": 1765756162860}, {"id": "979949911", "price": 0.13398, "amount": 1075.0, "side": "sell", "timestamp": 1765756162871}, {"id": "979949912", "price": 0.13397, "amount": 105.0, "side": "sell", "timestamp": 1765756163067}, {"id": "979949913", "price": 0.13397, "amount": 2398.0, "side": "sell", "timestamp": 1765756163231}, {"id": "979949914", "price": 0.13397, "amount": 310.0, "side": "sell", "timestamp": 1765756164283}, {"id": "979949915", "price": 0.13397, "amount": 427.0, "side": "sell", "timestamp": 1765756165221}, {"id": "979949916", "price": 0.13398, "amount": 389.0, "side": "buy", "timestamp": 1765756165376}, {"id": "979949917", "price": 0.13397, "amount": 6164.0, "side": "sell", "timestamp": 1765756165761}, {"id": "979949918", "price": 0.13396, "amount": 105.0, "side": "sell", "timestamp": 1765756166154}, {"id": "979949919", "price": 0.13397, "amount": 2908.0, "side": "buy", "timestamp": 1765756167600}, {"id": "979949920", "price": 0.13398, "amount": 1748.0, "side": "buy", "timestamp": 1765756167709}, {"id": "979950055", "price": 0.13401, "amount": 465.0, "side": "buy", "timestamp": 1765756204893}, {"id": "979950056", "price": 0.134, "amount": 105.0, "side": "sell", "timestamp": 1765756205100}, {"id": "979950057", "price": 0.13401, "amount": 69.0, "side": "buy", "timestamp": 1765756205312}, {"id": "979950058", "price": 0.13401, "amount": 95.0, "side": "buy", "timestamp": 1765756205432}, {"id": "979950059", "price": 0.134, "amount": 22422.0, "side": "sell", "timestamp": 1765756205470}, {"id": "979950060", "price": 0.13401, "amount": 832.0, "side": "buy", "timestamp": 1765756205667}, {"id": "979950061", "price": 0.13401, "amount": 745.0, "side": "buy", "timestamp": 1765756205966}, {"id": "979950062", "price": 0.13401, "amount": 148.0, "side": "buy", "timestamp": 1765756207424}, {"id": "979950063", "price": 0.13401, "amount": 372.0, "side": "buy", "timestamp": 1765756207553}, {"id": "979950064", "price": 0.134, "amount": 105.0, "side": "sell", "timestamp": 1765756208146}, {"id": "979950065", "price": 0.134, "amount": 44.0, "side": "sell", "timestamp": 1765756208341}, {"id": "979950066", "price": 0.13401, "amount": 224.0, "side": "buy", "timestamp": 1765756208530}, {"id": "979950067", "price": 0.13401, "amount": 147.0, "side": "buy", "timestamp": 1765756208942}, {"id": "979950068", "price": 0.13401, "amount": 138338.0, "side": "buy", "timestamp": 1765756209368}, {"id": "979950069", "price": 0.13402, "amount": 28887.0, "side": "buy", "timestamp": 1765756209386}, {"id": "979950070", "price": 0.13403, "amount": 559.0, "side": "buy", "timestamp": 1765756209613}, {"id": "979950071", "price": 0.13402, "amount": 26134.0, "side": "sell", "timestamp": 1765756209682}, {"id": "979950072", "price": 0.13401, "amount": 93221.0, "side": "sell", "timestamp": 1765756209682}, {"id": "979950073", "price": 0.134, "amount": 258.0, "side": "sell", "timestamp": 1765756209869}, {"id": "979950074", "price": 0.134, "amount": 105.0, "side": "sell", "timestamp": 1765756211172}, {"id": "979950075", "price": 0.13401, "amount": 2088.0, "side": "buy", "timestamp": 1765756211843}, {"id": "979950076", "price": 0.13401, "amount": 32.0, "side": "buy", "timestamp": 1765756212548}, {"id": "979950077", "price": 0.134, "amount": 174.0, "side": "sell", "timestamp": 1765756212593}, {"id": "979950078", "price": 0.134, "amount": 105.0, "side": "sell", "timestamp": 1765756214183}, {"id": "979950079", "price": 0.13401, "amount": 7436.0, "side": "buy", "timestamp": 1765756214769}, {"id": "979950080", "price": 0.13402, "amount": 151.0, "side": "buy", "timestamp": 1765756214771}, {"id": "979950081", "price": 0.13402, "amount": 47147.0, "side": "sell", "timestamp": 1765756215086}, {"id": "979950082", "price": 0.13403, "amount": 54048.0, "side": "buy", "timestamp": 1765756215973}, {"id": "979950083", "price": 0.13404, "amount": 393.0, "side": "buy", "timestamp": 1765756215975}, {"id": "979950084", "price": 0.13405, "amount": 22.0, "side": "buy", "timestamp": 1765756216016}, {"id": "979950085", "price": 0.13405, "amount": 47.0, "side": "buy", "timestamp": 1765756216179}, {"id": "979950086", "price": 0.13405, "amount": 54.0, "side": "buy", "timestamp": 1765756216630}, {"id": "979950087", "price": 0.13404, "amount": 105.0, "side": "sell", "timestamp": 1765756217018}, {"id": "979950088", "price": 0.13404, "amount": 267.0, "side": "sell", "timestamp": 1765756217308}, {"id": "979950089", "price": 0.13405, "amount": 33221.0, "side": "buy", "timestamp": 1765756217665}, {"id": "979950090", "price": 0.13406, "amount": 576.0, "side": "buy", "timestamp": 1765756217678}, {"id": "979950091", "price": 0.13405, "amount": 310.0, "side": "sell", "timestamp": 1765756218648}, {"id": "979950092", "price": 0.13405, "amount": 157.0, "side": "sell", "timestamp": 1765756219409}, {"id": "979950093", "price": 0.13405, "amount": 105.0, "side": "sell", "timestamp": 1765756220053}, {"id": "979950094", "price": 0.13406, "amount": 7754.0, "side": "buy", "timestamp": 1765756220183}, {"id": "979950095", "price": 0.13406, "amount": 174.0, "side": "sell", "timestamp": 1765756220610}, {"id": "979950096", "price": 0.13407, "amount": 6349.0, "side": "buy", "timestamp": 1765756220960}, {"id": "979950097", "price": 0.13408, "amount": 16107.0, "side": "buy", "timestamp": 1765756220960}, {"id": "979950098", "price": 0.13408, "amount": 91358.0, "side": "buy", "timestamp": 1765756221445}, {"id": "979950099", "price": 0.13409, "amount": 576.0, "side": "buy", "timestamp": 1765756221447}, {"id": "979950100", "price": 0.13409, "amount": 12251.0, "side": "buy", "timestamp": 1765756221635}, {"id": "979950101", "price": 0.1341, "amount": 24072.0, "side": "buy", "timestamp": 1765756222290}, {"id": "979950102", "price": 0.13411, "amount": 5000.0, "side": "buy", "timestamp": 1765756222350}, {"id": "979950103", "price": 0.1341, "amount": 105.0, "side": "sell", "timestamp": 1765756223091}, {"id": "979950104", "price": 0.13411, "amount": 29645.0, "side": "buy", "timestamp": 1765756223164}, {"id": "979950210", "price": 0.13412, "amount": 1163.0, "side": "sell", "timestamp": 1765756266019}, {"id": "979950211", "price": 0.13412, "amount": 195676.0, "side": "buy", "timestamp": 1765756266914}, {"id": "979950212", "price": 0.13413, "amount": 14947.0, "side": "buy", "timestamp": 1765756267459}, {"id": "979950213", "price": 0.13412, "amount": 256.0, "side": "sell", "timestamp": 1765756267803}, {"id": "979950214", "price": 0.13412, "amount": 105.0, "side": "sell", "timestamp": 1765756268079}, {"id": "979950215", "price": 0.13413, "amount": 41998.0, "side": "buy", "timestamp": 1765756268336}, {"id": "979950216", "price": 0.13414, "amount": 88.0, "side": "buy", "timestamp": 1765756268892}, {"id": "979950217", "price": 0.13413, "amount": 5255.0, "side": "sell", "timestamp": 1765756268967}, {"id": "979950218", "price": 0.13412, "amount": 316.0, "side": "sell", "timestamp": 1765756269645}, {"id": "979950219", "price": 0.13412, "amount": 78.0, "side": "sell", "timestamp": 1765756269806}, {"id": "979950220", "price": 0.13412, "amount": 1454.0, "side": "sell", "timestamp": 1765756270015}, {"id": "979950221", "price": 0.13413, "amount": 45266.0, "side": "buy", "timestamp": 1765756270077}, {"id": "979950222", "price": 0.13413, "amount": 370.0, "side": "sell", "timestamp": 1765756270158}, {"id": "979950223", "price": 0.13414, "amount": 58070.0, "side": "buy", "timestamp": 1765756270204}, {"id": "979950224", "price": 0.13414, "amount": 654.0, "side": "sell", "timestamp": 1765756270273}, {"id": "979950225", "price": 0.13414, "amount": 561.0, "side": "sell", "timestamp": 1765756270730}, {"id": "979950226", "price": 0.13414, "amount": 253.0, "side": "sell", "timestamp": 1765756270857}, {"id": "979950227", "price": 0.13414, "amount": 105.0, "side": "sell", "timestamp": 1765756271129}, {"id": "979950228", "price": 0.13415, "amount": 12750.0, "side": "buy", "timestamp": 1765756271206}, {"id": "979950229", "price": 0.13414, "amount": 717.0, "side": "sell", "timestamp": 1765756271239}, {"id": "979950230", "price": 0.13415, "amount": 29630.0, "side": "buy", "timestamp": 1765756271444}, {"id": "979950231", "price": 0.13416, "amount": 216032.0, "side": "buy", "timestamp": 1765756271447}, {"id": "979950232", "price": 0.13416, "amount": 1565.0, "side": "sell", "timestamp": 1765756271746}, {"id": "979950233", "price": 0.13417, "amount": 2982.0, "side": "buy", "timestamp": 1765756271942}, {"id": "979950234", "price": 0.13417, "amount": 7456.0, "side": "buy", "timestamp": 1765756272349}, {"id": "979950235", "price": 0.13417, "amount": 436.0, "side": "buy", "timestamp": 1765756272509}, {"id": "979950236", "price": 0.13417, "amount": 105446.0, "side": "buy", "timestamp": 1765756272832}, {"id": "979950237", "price": 0.13418, "amount": 79480.0, "side": "buy", "timestamp": 1765756272841}, {"id": "979950238", "price": 0.13419, "amount": 2692.0, "side": "buy", "timestamp": 1765756272884}, {"id": "979950239", "price": 0.13418, "amount": 1218.0, "side": "sell", "timestamp": 1765756273178}, {"id": "979950240", "price": 0.13419, "amount": 149.0, "side": "buy", "timestamp": 1765756273196}, {"id": "979950241", "price": 0.13418, "amount": 257.0, "side": "sell", "timestamp": 1765756273324}, {"id": "979950242", "price": 0.13419, "amount": 2.0, "side": "buy", "timestamp": 1765756273628}, {"id": "979950243", "price": 0.13419, "amount": 12.0, "side": "buy", "timestamp": 1765756273730}, {"id": "979950244", "price": 0.13418, "amount": 98.0, "side": "sell", "timestamp": 1765756273800}, {"id": "979950245", "price": 0.13418, "amount": 105.0, "side": "sell", "timestamp": 1765756274165}, {"id": "979950246", "price": 0.13419, "amount": 1491.0, "side": "buy", "timestamp": 1765756274237}, {"id": "979950247", "price": 0.13419, "amount": 14144.0, "side": "buy", "timestamp": 1765756274766}, {"id": "979950248", "price": 0.13419, "amount": 14431.0, "side": "buy", "timestamp": 1765756275244}, {"id": "979950249", "price": 0.13418, "amount": 188.0, "side": "sell", "timestamp": 1765756275818}, {"id": "979950250", "price": 0.13419, "amount": 22918.0, "side": "buy", "timestamp": 1765756275927}, {"id": "979950251", "price": 0.1342, "amount": 9633.0, "side": "buy", "timestamp": 1765756276106}, {"id": "979950252", "price": 0.13419, "amount": 94.0, "side": "sell", "timestamp": 1765756276259}, {"id": "979950253", "price": 0.13419, "amount": 157.0, "side": "sell", "timestamp": 1765756276516}, {"id": "979950254", "price": 0.1342, "amount": 8565.0, "side": "buy", "timestamp": 1765756276683}, {"id": "979950255", "price": 0.13421, "amount": 4036.0, "side": "buy", "timestamp": 1765756276989}, {"id": "979950256", "price": 0.13421, "amount": 9458.0, "side": "buy", "timestamp": 1765756277114}, {"id": "979950257", "price": 0.1342, "amount": 105.0, "side": "sell", "timestamp": 1765756277180}, {"id": "979950258", "price": 0.13421, "amount": 95.0, "side": "buy", "timestamp": 1765756277557}, {"id": "979950259", "price": 0.13421, "amount": 15758.0, "side": "buy", "timestamp": 1765756278147}, {"id": "979950440", "price": 0.13427, "amount": 57.0, "side": "buy", "timestamp": 1765756318121}, {"id": "979950441", "price": 0.13426, "amount": 11210.0, "side": "sell", "timestamp": 1765756318867}, {"id": "979950442", "price": 0.13425, "amount": 105.0, "side": "sell", "timestamp": 1765756319157}, {"id": "979950443", "price": 0.13425, "amount": 34270.0, "side": "sell", "timestamp": 1765756319437}, {"id": "979950444", "price": 0.13424, "amount": 191.0, "side": "sell", "timestamp": 1765756319466}, {"id": "979950445", "price": 0.13423, "amount": 144.0, "side": "sell", "timestamp": 1765756319637}, {"id": "979950446", "price": 0.13423, "amount": 39.0, "side": "sell", "timestamp": 1765756319882}, {"id": "979950447", "price": 0.13423, "amount": 54.0, "side": "sell", "timestamp": 1765756320101}, {"id": "979950448", "price": 0.13424, "amount": 30617.0, "side": "buy", "timestamp": 1765756320218}, {"id": "979950449", "price": 0.13425, "amount": 188.0, "side": "buy", "timestamp": 1765756320233}, {"id": "979950450", "price": 0.13426, "amount": 1032.0, "side": "buy", "timestamp": 1765756320715}, {"id": "979950451", "price": 0.13427, "amount": 222.0, "side": "buy", "timestamp": 1765756320717}, {"id": "979950452", "price": 0.13426, "amount": 349.0, "side": "sell", "timestamp": 1765756321281}, {"id": "979950453", "price": 0.13425, "amount": 105.0, "side": "sell", "timestamp": 1765756322195}, {"id": "979950454", "price": 0.13426, "amount": 3901.0, "side": "buy", "timestamp": 1765756322197}, {"id": "979950455", "price": 0.13427, "amount": 5579.0, "side": "buy", "timestamp": 1765756322218}, {"id": "979950456", "price": 0.13428, "amount": 4421.0, "side": "buy", "timestamp": 1765756322218}, {"id": "979950457", "price": 0.13427, "amount": 225.0, "side": "buy", "timestamp": 1765756322224}, {"id": "979950458", "price": 0.13428, "amount": 326.0, "side": "buy", "timestamp": 1765756322524}, {"id": "979950459", "price": 0.13429, "amount": 372.0, "side": "buy", "timestamp": 1765756322654}, {"id": "979950460", "price": 0.13429, "amount": 262.0, "side": "buy", "timestamp": 1765756323383}, {"id": "979950461", "price": 0.1343, "amount": 338.0, "side": "buy", "timestamp": 1765756323386}, {"id": "979950462", "price": 0.13431, "amount": 224.0, "side": "buy", "timestamp": 1765756323525}, {"id": "979950463", "price": 0.1343, "amount": 372.0, "side": "sell", "timestamp": 1765756324041}, {"id": "979950464", "price": 0.13431, "amount": 116.0, "side": "buy", "timestamp": 1765756324677}, {"id": "979950465", "price": 0.1343, "amount": 974.0, "side": "sell", "timestamp": 1765756324831}, {"id": "979950466", "price": 0.13431, "amount": 289.0, "side": "buy", "timestamp": 1765756324980}, {"id": "979950467", "price": 0.1343, "amount": 747.0, "side": "sell", "timestamp": 1765756325047}, {"id": "979950468", "price": 0.13431, "amount": 148.0, "side": "buy", "timestamp": 1765756325325}, {"id": "979950469", "price": 0.1343, "amount": 4202.0, "side": "sell", "timestamp": 1765756325451}, {"id": "979950470", "price": 0.13429, "amount": 908.0, "side": "sell", "timestamp": 1765756325453}, {"id": "979950471", "price": 0.13429, "amount": 227.0, "side": "buy", "timestamp": 1765756325600}, {"id": "979950472", "price": 0.13428, "amount": 7742.0, "side": "sell", "timestamp": 1765756326366}, {"id": "979950473", "price": 0.13427, "amount": 1663.0, "side": "sell", "timestamp": 1765756326411}, {"id": "979950474", "price": 0.13427, "amount": 146.0, "side": "buy", "timestamp": 1765756326608}, {"id": "979950475", "price": 0.13427, "amount": 93.0, "side": "buy", "timestamp": 1765756326950}, {"id": "979950476", "price": 0.13427, "amount": 8947.0, "side": "buy", "timestamp": 1765756327084}, {"id": "979950477", "price": 0.13427, "amount": 16000.0, "side": "buy", "timestamp": 1765756327581}, {"id": "979950478", "price": 0.13427, "amount": 8704.0, "side": "buy", "timestamp": 1765756327767}, {"id": "979950479", "price": 0.13426, "amount": 1740.0, "side": "sell", "timestamp": 1765756327986}, {"id": "979950480", "price": 0.13426, "amount": 105.0, "side": "sell", "timestamp": 1765756328124}, {"id": "979950481", "price": 0.13426, "amount": 225.0, "side": "sell", "timestamp": 1765756328231}, {"id": "979950482", "price": 0.13427, "amount": 4256.0, "side": "buy", "timestamp": 1765756328232}, {"id": "979950483", "price": 0.13428, "amount": 234.0, "side": "buy", "timestamp": 1765756328240}, {"id": "979950484", "price": 0.13428, "amount": 505.0, "side": "sell", "timestamp": 1765756329331}, {"id": "979950485", "price": 0.13429, "amount": 20687.0, "side": "buy", "timestamp": 1765756329371}, {"id": "979950486", "price": 0.13429, "amount": 151.0, "side": "sell", "timestamp": 1765756330447}, {"id": "979950487", "price": 0.13428, "amount": 105.0, "side": "sell", "timestamp": 1765756331185}, {"id": "979950488", "price": 0.13428, "amount": 17501.0, "side": "sell", "timestamp": 1765756331695}, {"id": "979950489", "price": 0.13429, "amount": 63.0, "side": "buy", "timestamp": 1765756332032}, {"id": "979950590", "price": 0.13422, "amount": 890.0, "side": "buy", "timestamp": 1765756367969}, {"id": "979950591", "price": 0.13422, "amount": 72.0, "side": "sell", "timestamp": 1765756368060}, {"id": "979950592", "price": 0.13423, "amount": 423.0, "side": "buy", "timestamp": 1765756368166}, {"id": "979950593", "price": 0.13424, "amount": 6028.0, "side": "buy", "timestamp": 1765756368919}, {"id": "979950594", "price": 0.13424, "amount": 112800.0, "side": "buy", "timestamp": 1765756369043}, {"id": "979950595", "price": 0.13425, "amount": 8920.0, "side": "buy", "timestamp": 1765756369114}, {"id": "979950596", "price": 0.13424, "amount": 104.0, "side": "sell", "timestamp": 1765756369558}, {"id": "979950597", "price": 0.13424, "amount": 105.0, "side": "sell", "timestamp": 1765756370060}, {"id": "979950598", "price": 0.13425, "amount": 151.0, "side": "buy", "timestamp": 1765756370102}, {"id": "979950599", "price": 0.13424, "amount": 311.0, "side": "sell", "timestamp": 1765756371063}, {"id": "979950600", "price": 0.13425, "amount": 9849.0, "side": "buy", "timestamp": 1765756372205}, {"id": "979950601", "price": 0.13426, "amount": 368.0, "side": "buy", "timestamp": 1765756372210}, {"id": "979950602", "price": 0.13427, "amount": 8643.0, "side": "buy", "timestamp": 1765756372217}, {"id": "979950603", "price": 0.13427, "amount": 505.0, "side": "sell", "timestamp": 1765756372464}, {"id": "979950604", "price": 0.13427, "amount": 105.0, "side": "sell", "timestamp": 1765756373130}, {"id": "979950605", "price": 0.13427, "amount": 5959.0, "side": "sell", "timestamp": 1765756373422}, {"id": "979950606", "price": 0.13427, "amount": 99.0, "side": "sell", "timestamp": 1765756374060}, {"id": "979950607", "price": 0.13427, "amount": 105.0, "side": "sell", "timestamp": 1765756376143}, {"id": "979950608", "price": 0.13428, "amount": 127.0, "side": "buy", "timestamp": 1765756376209}, {"id": "979950609", "price": 0.13427, "amount": 94.0, "side": "sell", "timestamp": 1765756377060}, {"id": "979950610", "price": 0.13428, "amount": 303.0, "side": "buy", "timestamp": 1765756377154}, {"id": "979950611", "price": 0.13427, "amount": 177.0, "side": "sell", "timestamp": 1765756377215}, {"id": "979950612", "price": 0.13427, "amount": 22064.0, "side": "sell", "timestamp": 1765756378006}, {"id": "979950613", "price": 0.13426, "amount": 11936.0, "side": "sell", "timestamp": 1765756378180}, {"id": "979950614", "price": 0.13425, "amount": 105.0, "side": "sell", "timestamp": 1765756379193}, {"id": "979950615", "price": 0.13426, "amount": 99.0, "side": "buy", "timestamp": 1765756380898}, {"id": "979950616", "price": 0.13426, "amount": 46998.0, "side": "buy", "timestamp": 1765756381353}, {"id": "979950617", "price": 0.13426, "amount": 197.0, "side": "sell", "timestamp": 1765756381509}, {"id": "979950618", "price": 0.13425, "amount": 4983.0, "side": "sell", "timestamp": 1765756381667}, {"id": "979950619", "price": 0.13425, "amount": 21166.0, "side": "buy", "timestamp": 1765756381712}, {"id": "979950620", "price": 0.13424, "amount": 105.0, "side": "sell", "timestamp": 1765756382028}, {"id": "979950621", "price": 0.13425, "amount": 24112.0, "side": "buy", "timestamp": 1765756382817}, {"id": "979950622", "price": 0.13426, "amount": 38315.0, "side": "buy", "timestamp": 1765756382820}, {"id": "979950623", "price": 0.13427, "amount": 12855.0, "side": "buy", "timestamp": 1765756382884}, {"id": "979950624", "price": 0.13428, "amount": 20871.0, "side": "buy", "timestamp": 1765756382884}, {"id": "979950625", "price": 0.13427, "amount": 261.0, "side": "sell", "timestamp": 1765756383059}, {"id": "979950626", "price": 0.13428, "amount": 161.0, "side": "buy", "timestamp": 1765756384239}, {"id": "979950627", "price": 0.13428, "amount": 400.0, "side": "buy", "timestamp": 1765756384396}, {"id": "979950628", "price": 0.13427, "amount": 5305.0, "side": "sell", "timestamp": 1765756384523}, {"id": "979950629", "price": 0.13426, "amount": 9048.0, "side": "sell", "timestamp": 1765756384908}, {"id": "979950630", "price": 0.13425, "amount": 26993.0, "side": "sell", "timestamp": 1765756384910}, {"id": "979950631", "price": 0.13424, "amount": 105.0, "side": "sell", "timestamp": 1765756385051}, {"id": "979950632", "price": 0.13425, "amount": 42.0, "side": "buy", "timestamp": 1765756385423}, {"id": "979950633", "price": 0.13425, "amount": 395.0, "side": "buy", "timestamp": 1765756385615}, {"id": "979950634", "price": 0.13426, "amount": 59.0, "side": "buy", "timestamp": 1765756385680}, {"id": "979950635", "price": 0.13425, "amount": 276.0, "side": "sell", "timestamp": 1765756385745}, {"id": "979950636", "price": 0.13425, "amount": 41.0, "side": "sell", "timestamp": 1765756386092}, {"id": "979950637", "price": 0.13426, "amount": 3723.0, "side": "buy", "timestamp": 1765756386821}, {"id": "979950638", "price": 0.13425, "amount": 52.0, "side": "sell", "timestamp": 1765756387714}, {"id": "979950639", "price": 0.13425, "amount": 794.0, "side": "sell", "timestamp": 1765756388059}, {"id": "979950716", "price": 0.1343, "amount": 45.0, "side": "buy", "timestamp": 1765756418773}, {"id": "979950717", "price": 0.13429, "amount": 75.0, "side": "sell", "timestamp": 1765756418777}, {"id": "979950718", "price": 0.13428, "amount": 7446.0, "side": "sell", "timestamp": 1765756419065}, {"id": "979950719", "price": 0.13428, "amount": 82791.0, "side": "sell", "timestamp": 1765756420344}, {"id": "979950720", "price": 0.13427, "amount": 105.0, "side": "sell", "timestamp": 1765756421054}, {"id": "979950721", "price": 0.13428, "amount": 9621.0, "side": "buy", "timestamp": 1765756421323}, {"id": "979950722", "price": 0.13429, "amount": 74460.0, "side": "buy", "timestamp": 1765756421843}, {"id": "979950723", "price": 0.13429, "amount": 7456.0, "side": "buy", "timestamp": 1765756421953}, {"id": "979950724", "price": 0.13428, "amount": 287.0, "side": "sell", "timestamp": 1765756421966}, {"id": "979950725", "price": 0.13428, "amount": 151.0, "side": "buy", "timestamp": 1765756422335}, {"id": "979950726", "price": 0.13428, "amount": 273.0, "side": "sell", "timestamp": 1765756422581}, {"id": "979950727", "price": 0.13427, "amount": 105.0, "side": "sell", "timestamp": 1765756424124}, {"id": "979950728", "price": 0.13428, "amount": 83.0, "side": "buy", "timestamp": 1765756426298}, {"id": "979950729", "price": 0.13427, "amount": 21946.0, "side": "sell", "timestamp": 1765756427069}, {"id": "979950730", "price": 0.13427, "amount": 7876.0, "side": "sell", "timestamp": 1765756428103}, {"id": "979950731", "price": 0.13426, "amount": 80.0, "side": "sell", "timestamp": 1765756429601}, {"id": "979950732", "price": 0.13426, "amount": 105.0, "side": "sell", "timestamp": 1765756430097}, {"id": "979950733", "price": 0.13427, "amount": 4695.0, "side": "buy", "timestamp": 1765756430254}, {"id": "979950734", "price": 0.13426, "amount": 1493.0, "side": "sell", "timestamp": 1765756431696}, {"id": "979950735", "price": 0.13426, "amount": 331.0, "side": "sell", "timestamp": 1765756432198}, {"id": "979950736", "price": 0.13426, "amount": 105.0, "side": "sell", "timestamp": 1765756433118}, {"id": "979950737", "price": 0.13426, "amount": 15544.0, "side": "sell", "timestamp": 1765756433592}, {"id": "979950738", "price": 0.13425, "amount": 390.0, "side": "sell", "timestamp": 1765756434058}, {"id": "979950739", "price": 0.13426, "amount": 417.0, "side": "buy", "timestamp": 1765756434184}, {"id": "979950740", "price": 0.13425, "amount": 78178.0, "side": "sell", "timestamp": 1765756434205}, {"id": "979950741", "price": 0.13424, "amount": 67231.0, "side": "sell", "timestamp": 1765756434205}, {"id": "979950742", "price": 0.13423, "amount": 49541.0, "side": "sell", "timestamp": 1765756434206}, {"id": "979950743", "price": 0.13422, "amount": 29856.0, "side": "sell", "timestamp": 1765756434208}, {"id": "979950744", "price": 0.13421, "amount": 18978.0, "side": "sell", "timestamp": 1765756434250}, {"id": "979950745", "price": 0.13421, "amount": 115.0, "side": "sell", "timestamp": 1765756434682}, {"id": "979950746", "price": 0.13421, "amount": 539.0, "side": "sell", "timestamp": 1765756435108}, {"id": "979950747", "price": 0.13421, "amount": 274.0, "side": "sell", "timestamp": 1765756435666}, {"id": "979950748", "price": 0.1342, "amount": 1671.0, "side": "sell", "timestamp": 1765756436112}, {"id": "979950749", "price": 0.1342, "amount": 144.0, "side": "sell", "timestamp": 1765756437130}, {"id": "979950750", "price": 0.1342, "amount": 93.0, "side": "sell", "timestamp": 1765756437729}, {"id": "979950751", "price": 0.1342, "amount": 311.0, "side": "sell", "timestamp": 1765756438026}, {"id": "979950752", "price": 0.1342, "amount": 232.0, "side": "buy", "timestamp": 1765756438852}, {"id": "979950753", "price": 0.1342, "amount": 105.0, "side": "sell", "timestamp": 1765756439163}, {"id": "979950754", "price": 0.13421, "amount": 14896.0, "side": "buy", "timestamp": 1765756439668}, {"id": "979950755", "price": 0.1342, "amount": 89.0, "side": "sell", "timestamp": 1765756439686}, {"id": "979950756", "price": 0.1342, "amount": 1288.0, "side": "sell", "timestamp": 1765756439826}, {"id": "979950757", "price": 0.13419, "amount": 5982.0, "side": "sell", "timestamp": 1765756439826}, {"id": "979950758", "price": 0.13419, "amount": 820.0, "side": "sell", "timestamp": 1765756440278}, {"id": "979950759", "price": 0.1342, "amount": 5257.0, "side": "buy", "timestamp": 1765756440407}, {"id": "979950760", "price": 0.13419, "amount": 113.0, "side": "sell", "timestamp": 1765756441390}, {"id": "979950761", "price": 0.13418, "amount": 194.0, "side": "sell", "timestamp": 1765756441390}, {"id": "979950762", "price": 0.13419, "amount": 26255.0, "side": "buy", "timestamp": 1765756441646}, {"id": "979950763", "price": 0.13419, "amount": 3837.0, "side": "buy", "timestamp": 1765756441805}, {"id": "979950764", "price": 0.13419, "amount": 482.0, "side": "sell", "timestamp": 1765756442207}, {"id": "979950765", "price": 0.1342, "amount": 10662.0, "side": "buy", "timestamp": 1765756443133}, {"id": "979950820", "price": 0.13418, "amount": 3902.0, "side": "buy", "timestamp": 1765756464740}, {"id": "979950821", "price": 0.13417, "amount": 338.0, "side": "sell", "timestamp": 1765756465395}, {"id": "979950822", "price": 0.13417, "amount": 105.0, "side": "sell", "timestamp": 1765756466090}, {"id": "979950823", "price": 0.13417, "amount": 343.0, "side": "sell", "timestamp": 1765756467174}, {"id": "979950824", "price": 0.13418, "amount": 14439.0, "side": "buy", "timestamp": 1765756468988}, {"id": "979950825", "price": 0.13419, "amount": 32340.0, "side": "buy", "timestamp": 1765756468996}, {"id": "979950826", "price": 0.1342, "amount": 75434.0, "side": "buy", "timestamp": 1765756469011}, {"id": "979950827", "price": 0.13421, "amount": 16761.0, "side": "buy", "timestamp": 1765756469079}, {"id": "979950828", "price": 0.1342, "amount": 105.0, "side": "sell", "timestamp": 1765756469167}, {"id": "979950829", "price": 0.13421, "amount": 462.0, "side": "buy", "timestamp": 1765756469168}, {"id": "979950830", "price": 0.1342, "amount": 187.0, "side": "sell", "timestamp": 1765756471697}, {"id": "979950831", "price": 0.1342, "amount": 105.0, "side": "sell", "timestamp": 1765756472015}, {"id": "979950832", "price": 0.1342, "amount": 105.0, "side": "sell", "timestamp": 1765756475055}, {"id": "979950833", "price": 0.1342, "amount": 1397.0, "side": "sell", "timestamp": 1765756475482}, {"id": "979950834", "price": 0.1342, "amount": 89.0, "side": "sell", "timestamp": 1765756475695}, {"id": "979950835", "price": 0.13421, "amount": 1403.0, "side": "buy", "timestamp": 1765756475950}, {"id": "979950836", "price": 0.13421, "amount": 7486.0, "side": "buy", "timestamp": 1765756476644}, {"id": "979950837", "price": 0.1342, "amount": 38493.0, "side": "sell", "timestamp": 1765756477221}, {"id": "979950838", "price": 0.13419, "amount": 7319.0, "side": "sell", "timestamp": 1765756477302}, {"id": "979950839", "price": 0.13418, "amount": 1687.0, "side": "sell", "timestamp": 1765756477591}, {"id": "979950840", "price": 0.13417, "amount": 105.0, "side": "sell", "timestamp": 1765756478115}, {"id": "979950841", "price": 0.13417, "amount": 341.0, "side": "sell", "timestamp": 1765756479172}, {"id": "979950842", "price": 0.13417, "amount": 29805.0, "side": "sell", "timestamp": 1765756479724}, {"id": "979950843", "price": 0.13416, "amount": 483.0, "side": "sell", "timestamp": 1765756480250}, {"id": "979950844", "price": 0.13416, "amount": 181.0, "side": "sell", "timestamp": 1765756481121}, {"id": "979950845", "price": 0.13417, "amount": 631.0, "side": "buy", "timestamp": 1765756481126}, {"id": "979950846", "price": 0.13417, "amount": 105.0, "side": "sell", "timestamp": 1765756481141}, {"id": "979950847", "price": 0.13417, "amount": 20299.0, "side": "sell", "timestamp": 1765756482416}, {"id": "979950848", "price": 0.13417, "amount": 1026.0, "side": "sell", "timestamp": 1765756483129}, {"id": "979950849", "price": 0.13417, "amount": 47.0, "side": "sell", "timestamp": 1765756483264}, {"id": "979950850", "price": 0.13417, "amount": 105.0, "side": "sell", "timestamp": 1765756484168}, {"id": "979950851", "price": 0.13418, "amount": 239.0, "side": "buy", "timestamp": 1765756484542}, {"id": "979950852", "price": 0.13417, "amount": 3849.0, "side": "sell", "timestamp": 1765756484660}, {"id": "979950853", "price": 0.13418, "amount": 9692.0, "side": "buy", "timestamp": 1765756485476}, {"id": "979950854", "price": 0.13417, "amount": 10146.0, "side": "sell", "timestamp": 1765756486673}, {"id": "979950855", "price": 0.13417, "amount": 434.0, "side": "sell", "timestamp": 1765756487013}, {"id": "979950856", "price": 0.13417, "amount": 390.0, "side": "sell", "timestamp": 1765756488319}, {"id": "979950857", "price": 0.13417, "amount": 105.0, "side": "sell", "timestamp": 1765756490054}, {"id": "979950858", "price": 0.13418, "amount": 149.0, "side": "buy", "timestamp": 1765756490247}, {"id": "979950859", "price": 0.13417, "amount": 323.0, "side": "sell", "timestamp": 1765756491056}, {"id": "979950860", "price": 0.13417, "amount": 109.0, "side": "sell", "timestamp": 1765756491276}, {"id": "979950861", "price": 0.13417, "amount": 345.0, "side": "sell", "timestamp": 1765756492116}, {"id": "979950862", "price": 0.13417, "amount": 409.0, "side": "sell", "timestamp": 1765756492406}, {"id": "979950863", "price": 0.13417, "amount": 105.0, "side": "sell", "timestamp": 1765756493074}, {"id": "979950864", "price": 0.13417, "amount": 55.0, "side": "sell", "timestamp": 1765756494102}, {"id": "979950865", "price": 0.13418, "amount": 81.0, "side": "buy", "timestamp": 1765756494253}, {"id": "979950866", "price": 0.13417, "amount": 481.0, "side": "sell", "timestamp": 1765756495048}, {"id": "979950867", "price": 0.13417, "amount": 105.0, "side": "sell", "timestamp": 1765756496118}, {"id": "979950868", "price": 0.13417, "amount": 246.0, "side": "sell", "timestamp": 1765756496222}, {"id": "979950869", "price": 0.13417, "amount": 1828.0, "side": "sell", "timestamp": 1765756497287}, {"id": "979950939", "price": 0.13417, "amount": 651.0, "side": "buy", "timestamp": 1765756528981}, {"id": "979950940", "price": 0.13418, "amount": 238.0, "side": "buy", "timestamp": 1765756529041}, {"id": "979950941", "price": 0.13419, "amount": 8486.0, "side": "buy", "timestamp": 1765756529153}, {"id": "979950942", "price": 0.1342, "amount": 62.0, "side": "buy", "timestamp": 1765756529314}, {"id": "979950943", "price": 0.1342, "amount": 48.0, "side": "buy", "timestamp": 1765756529800}, {"id": "979950944", "price": 0.13419, "amount": 970.0, "side": "sell", "timestamp": 1765756530252}, {"id": "979950945", "price": 0.13418, "amount": 105.0, "side": "sell", "timestamp": 1765756531116}, {"id": "979950946", "price": 0.13419, "amount": 333.0, "side": "buy", "timestamp": 1765756532685}, {"id": "979950947", "price": 0.13419, "amount": 81226.0, "side": "buy", "timestamp": 1765756533630}, {"id": "979950948", "price": 0.1342, "amount": 1491.0, "side": "buy", "timestamp": 1765756533840}, {"id": "979950949", "price": 0.1342, "amount": 604.0, "side": "buy", "timestamp": 1765756534101}, {"id": "979950950", "price": 0.13419, "amount": 105.0, "side": "sell", "timestamp": 1765756534140}, {"id": "979950951", "price": 0.1342, "amount": 37333.0, "side": "buy", "timestamp": 1765756534143}, {"id": "979950952", "price": 0.1342, "amount": 494.0, "side": "buy", "timestamp": 1765756534785}, {"id": "979950953", "price": 0.1342, "amount": 776.0, "side": "buy", "timestamp": 1765756536165}, {"id": "979950954", "price": 0.13419, "amount": 105.0, "side": "sell", "timestamp": 1765756537164}, {"id": "979950955", "price": 0.13419, "amount": 2879.0, "side": "sell", "timestamp": 1765756537899}, {"id": "979950956", "price": 0.13419, "amount": 329.0, "side": "sell", "timestamp": 1765756540065}, {"id": "979950957", "price": 0.13419, "amount": 105.0, "side": "sell", "timestamp": 1765756540186}, {"id": "979950958", "price": 0.13419, "amount": 17928.0, "side": "sell", "timestamp": 1765756540428}, {"id": "979950959", "price": 0.13419, "amount": 1018.0, "side": "buy", "timestamp": 1765756540798}, {"id": "979950960", "price": 0.13419, "amount": 3817.0, "side": "sell", "timestamp": 1765756542526}, {"id": "979950961", "price": 0.13419, "amount": 182.0, "side": "buy", "timestamp": 1765756542894}, {"id": "979950962", "price": 0.13418, "amount": 105.0, "side": "sell", "timestamp": 1765756543022}, {"id": "979950963", "price": 0.13419, "amount": 1286.0, "side": "buy", "timestamp": 1765756544291}, {"id": "979950964", "price": 0.1342, "amount": 205.0, "side": "buy", "timestamp": 1765756544291}, {"id": "979950965", "price": 0.13419, "amount": 329.0, "side": "sell", "timestamp": 1765756544313}, {"id": "979950966", "price": 0.13419, "amount": 2124.0, "side": "sell", "timestamp": 1765756544840}, {"id": "979950967", "price": 0.1342, "amount": 107191.0, "side": "buy", "timestamp": 1765756545064}, {"id": "979950968", "price": 0.1342, "amount": 109106.0, "side": "sell", "timestamp": 1765756545471}, {"id": "979950969", "price": 0.13419, "amount": 3105.0, "side": "sell", "timestamp": 1765756545499}, {"id": "979950970", "price": 0.13418, "amount": 7602.0, "side": "sell", "timestamp": 1765756545503}, {"id": "979950971", "price": 0.13418, "amount": 13630.0, "side": "sell", "timestamp": 1765756545725}, {"id": "979950972", "price": 0.13419, "amount": 248.0, "side": "buy", "timestamp": 1765756546023}, {"id": "979950973", "price": 0.13418, "amount": 105.0, "side": "sell", "timestamp": 1765756546076}, {"id": "979950974", "price": 0.13418, "amount": 1351.0, "side": "sell", "timestamp": 1765756546471}, {"id": "979950975", "price": 0.13417, "amount": 113.0, "side": "sell", "timestamp": 1765756546500}, {"id": "979950976", "price": 0.13416, "amount": 610.0, "side": "sell", "timestamp": 1765756546638}, {"id": "979950977", "price": 0.13417, "amount": 12764.0, "side": "buy", "timestamp": 1765756546781}, {"id": "979950978", "price": 0.13418, "amount": 236.0, "side": "buy", "timestamp": 1765756546783}, {"id": "979950979", "price": 0.13418, "amount": 384.0, "side": "sell", "timestamp": 1765756547161}, {"id": "979950980", "price": 0.13418, "amount": 277.0, "side": "sell", "timestamp": 1765756547684}, {"id": "979950981", "price": 0.13417, "amount": 113.0, "side": "sell", "timestamp": 1765756548918}, {"id": "979950982", "price": 0.13416, "amount": 434.0, "side": "sell", "timestamp": 1765756549195}, {"id": "979950983", "price": 0.13417, "amount": 491.0, "side": "buy", "timestamp": 1765756549336}, {"id": "979950984", "price": 0.13418, "amount": 423.0, "side": "buy", "timestamp": 1765756549471}, {"id": "979950985", "price": 0.13418, "amount": 125.0, "side": "sell", "timestamp": 1765756549594}, {"id": "979950986", "price": 0.13418, "amount": 84.0, "side": "sell", "timestamp": 1765756550672}, {"id": "979950987", "price": 0.13418, "amount": 105.0, "side": "sell", "timestamp": 1765756552058}, {"id": "979950988", "price": 0.13418, "amount": 310.0, "side": "sell", "timestamp": 1765756552166}, {"id": "979951032", "price": 0.13411, "amount": 5959.0, "side": "sell", "timestamp": 1765756569972}, {"id": "979951033", "price": 0.13411, "amount": 63064.0, "side": "sell", "timestamp": 1765756570193}, {"id": "979951034", "price": 0.1341, "amount": 8028.0, "side": "sell", "timestamp": 1765756570243}, {"id": "979951035", "price": 0.13411, "amount": 235820.0, "side": "buy", "timestamp": 1765756570248}, {"id": "979951036", "price": 0.13412, "amount": 19537.0, "side": "buy", "timestamp": 1765756570256}, {"id": "979951037", "price": 0.13412, "amount": 2351.0, "side": "sell", "timestamp": 1765756570715}, {"id": "979951038", "price": 0.13412, "amount": 167.0, "side": "sell", "timestamp": 1765756571523}, {"id": "979951039", "price": 0.13413, "amount": 17025.0, "side": "buy", "timestamp": 1765756571831}, {"id": "979951040", "price": 0.13412, "amount": 187.0, "side": "sell", "timestamp": 1765756571991}, {"id": "979951041", "price": 0.13412, "amount": 212141.0, "side": "sell", "timestamp": 1765756576042}, {"id": "979951042", "price": 0.13412, "amount": 443.0, "side": "buy", "timestamp": 1765756576411}, {"id": "979951043", "price": 0.13413, "amount": 2982.0, "side": "buy", "timestamp": 1765756576541}, {"id": "979951044", "price": 0.13412, "amount": 136.0, "side": "sell", "timestamp": 1765756577668}, {"id": "979951045", "price": 0.13412, "amount": 1860.0, "side": "sell", "timestamp": 1765756581367}, {"id": "979951046", "price": 0.13413, "amount": 53.0, "side": "buy", "timestamp": 1765756581493}, {"id": "979951047", "price": 0.13412, "amount": 365.0, "side": "sell", "timestamp": 1765756582213}, {"id": "979951048", "price": 0.13413, "amount": 73.0, "side": "buy", "timestamp": 1765756583298}, {"id": "979951049", "price": 0.13412, "amount": 89.0, "side": "sell", "timestamp": 1765756583687}, {"id": "979951050", "price": 0.13413, "amount": 1491.0, "side": "buy", "timestamp": 1765756584478}, {"id": "979951051", "price": 0.13412, "amount": 224.0, "side": "sell", "timestamp": 1765756584803}, {"id": "979951052", "price": 0.13413, "amount": 372.0, "side": "buy", "timestamp": 1765756586176}, {"id": "979951053", "price": 0.13412, "amount": 372.0, "side": "sell", "timestamp": 1765756587554}, {"id": "979951054", "price": 0.13413, "amount": 3727.0, "side": "buy", "timestamp": 1765756587571}, {"id": "979951055", "price": 0.13412, "amount": 365.0, "side": "sell", "timestamp": 1765756588100}, {"id": "979951056", "price": 0.13412, "amount": 179.0, "side": "sell", "timestamp": 1765756592089}, {"id": "979951057", "price": 0.13412, "amount": 364.0, "side": "sell", "timestamp": 1765756593296}, {"id": "979951058", "price": 0.13412, "amount": 24684.0, "side": "sell", "timestamp": 1765756594222}, {"id": "979951059", "price": 0.13411, "amount": 2358.0, "side": "sell", "timestamp": 1765756594319}, {"id": "979951060", "price": 0.1341, "amount": 39.0, "side": "sell", "timestamp": 1765756594970}, {"id": "979951061", "price": 0.1341, "amount": 47.0, "side": "sell", "timestamp": 1765756595117}, {"id": "979951062", "price": 0.13411, "amount": 38.0, "side": "buy", "timestamp": 1765756596135}, {"id": "979951063", "price": 0.1341, "amount": 343.0, "side": "sell", "timestamp": 1765756597178}, {"id": "979951064", "price": 0.13411, "amount": 8860.0, "side": "buy", "timestamp": 1765756597517}, {"id": "979951065", "price": 0.13412, "amount": 177.0, "side": "buy", "timestamp": 1765756597521}, {"id": "979951066", "price": 0.13412, "amount": 298.0, "side": "sell", "timestamp": 1765756597911}, {"id": "979951067", "price": 0.13412, "amount": 113.0, "side": "buy", "timestamp": 1765756598455}, {"id": "979951068", "price": 0.13412, "amount": 150.0, "side": "sell", "timestamp": 1765756598503}, {"id": "979951069", "price": 0.13411, "amount": 19261.0, "side": "sell", "timestamp": 1765756600298}, {"id": "979951070", "price": 0.1341, "amount": 170.0, "side": "sell", "timestamp": 1765756600856}, {"id": "979951071", "price": 0.13411, "amount": 48.0, "side": "buy", "timestamp": 1765756601271}, {"id": "979951072", "price": 0.1341, "amount": 377.0, "side": "sell", "timestamp": 1765756601943}, {"id": "979951073", "price": 0.1341, "amount": 366.0, "side": "sell", "timestamp": 1765756602104}, {"id": "979951074", "price": 0.13411, "amount": 1573.0, "side": "buy", "timestamp": 1765756602816}, {"id": "979951075", "price": 0.1341, "amount": 77.0, "side": "sell", "timestamp": 1765756604061}, {"id": "979951076", "price": 0.1341, "amount": 125.0, "side": "sell", "timestamp": 1765756604776}, {"id": "979951077", "price": 0.1341, "amount": 11919.0, "side": "sell", "timestamp": 1765756605296}, {"id": "979951078", "price": 0.1341, "amount": 272.0, "side": "sell", "timestamp": 1765756605468}, {"id": "979951079", "price": 0.1341, "amount": 344.0, "side": "sell", "timestamp": 1765756606253}, {"id": "979951080", "price": 0.1341, "amount": 367.0, "side": "sell", "timestamp": 1765756607037}, {"id": "979951081", "price": 0.1341, "amount": 94958.0, "side": "sell", "timestamp": 1765756607240}, {"id": "979951163", "price": 0.13396, "amount": 5071.0, "side": "sell", "timestamp": 1765756638060}, {"id": "979951164", "price": 0.13395, "amount": 536.0, "side": "sell", "timestamp": 1765756638125}, {"id": "979951165", "price": 0.13395, "amount": 150.0, "side": "buy", "timestamp": 1765756638213}, {"id": "979951166", "price": 0.13396, "amount": 151.0, "side": "buy", "timestamp": 1765756638738}, {"id": "979951167", "price": 0.13396, "amount": 437.0, "side": "sell", "timestamp": 1765756638835}, {"id": "979951168", "price": 0.13397, "amount": 18107.0, "side": "buy", "timestamp": 1765756638893}, {"id": "979951169", "price": 0.13398, "amount": 373.0, "side": "buy", "timestamp": 1765756639120}, {"id": "979951170", "price": 0.13397, "amount": 105.0, "side": "sell", "timestamp": 1765756640132}, {"id": "979951171", "price": 0.13397, "amount": 313.0, "side": "sell", "timestamp": 1765756641159}, {"id": "979951172", "price": 0.13398, "amount": 216.0, "side": "buy", "timestamp": 1765756642828}, {"id": "979951173", "price": 0.13398, "amount": 46997.0, "side": "buy", "timestamp": 1765756643115}, {"id": "979951174", "price": 0.13399, "amount": 14216.0, "side": "buy", "timestamp": 1765756643118}, {"id": "979951175", "price": 0.134, "amount": 68.0, "side": "buy", "timestamp": 1765756643151}, {"id": "979951176", "price": 0.13399, "amount": 105.0, "side": "sell", "timestamp": 1765756643197}, {"id": "979951177", "price": 0.134, "amount": 55.0, "side": "buy", "timestamp": 1765756643960}, {"id": "979951178", "price": 0.13399, "amount": 370.0, "side": "sell", "timestamp": 1765756644086}, {"id": "979951179", "price": 0.13399, "amount": 224.0, "side": "sell", "timestamp": 1765756645037}, {"id": "979951180", "price": 0.134, "amount": 3947.0, "side": "buy", "timestamp": 1765756645210}, {"id": "979951181", "price": 0.134, "amount": 105.0, "side": "sell", "timestamp": 1765756646024}, {"id": "979951182", "price": 0.134, "amount": 187.0, "side": "sell", "timestamp": 1765756647413}, {"id": "979951183", "price": 0.134, "amount": 105.0, "side": "sell", "timestamp": 1765756649057}, {"id": "979951184", "price": 0.13401, "amount": 55277.0, "side": "buy", "timestamp": 1765756650161}, {"id": "979951185", "price": 0.13402, "amount": 155.0, "side": "buy", "timestamp": 1765756650231}, {"id": "979951186", "price": 0.13402, "amount": 3256.0, "side": "sell", "timestamp": 1765756650477}, {"id": "979951187", "price": 0.13401, "amount": 113.0, "side": "sell", "timestamp": 1765756650578}, {"id": "979951188", "price": 0.13401, "amount": 565.0, "side": "buy", "timestamp": 1765756651159}, {"id": "979951189", "price": 0.13402, "amount": 75.0, "side": "buy", "timestamp": 1765756651419}, {"id": "979951190", "price": 0.13403, "amount": 372.0, "side": "buy", "timestamp": 1765756651500}, {"id": "979951191", "price": 0.13402, "amount": 41.0, "side": "sell", "timestamp": 1765756651757}, {"id": "979951192", "price": 0.13402, "amount": 105.0, "side": "sell", "timestamp": 1765756652115}, {"id": "979951193", "price": 0.13403, "amount": 1491.0, "side": "buy", "timestamp": 1765756652784}, {"id": "979951194", "price": 0.13402, "amount": 372.0, "side": "sell", "timestamp": 1765756652887}, {"id": "979951195", "price": 0.13403, "amount": 835.0, "side": "buy", "timestamp": 1765756652990}, {"id": "979951196", "price": 0.13403, "amount": 209.0, "side": "sell", "timestamp": 1765756653099}, {"id": "979951197", "price": 0.13404, "amount": 628.0, "side": "buy", "timestamp": 1765756653258}, {"id": "979951198", "price": 0.13403, "amount": 13973.0, "side": "sell", "timestamp": 1765756654364}, {"id": "979951199", "price": 0.13402, "amount": 21625.0, "side": "sell", "timestamp": 1765756654364}, {"id": "979951200", "price": 0.13401, "amount": 105.0, "side": "sell", "timestamp": 1765756655132}, {"id": "979951201", "price": 0.13401, "amount": 89.0, "side": "sell", "timestamp": 1765756655696}, {"id": "979951202", "price": 0.13402, "amount": 28099.0, "side": "buy", "timestamp": 1765756656145}, {"id": "979951203", "price": 0.13401, "amount": 10501.0, "side": "sell", "timestamp": 1765756658080}, {"id": "979951204", "price": 0.134, "amount": 11862.0, "side": "sell", "timestamp": 1765756658160}, {"id": "979951205", "price": 0.13399, "amount": 3847.0, "side": "sell", "timestamp": 1765756658225}, {"id": "979951206", "price": 0.13398, "amount": 26150.0, "side": "sell", "timestamp": 1765756658382}, {"id": "979951207", "price": 0.13397, "amount": 3399.0, "side": "sell", "timestamp": 1765756661846}, {"id": "979951208", "price": 0.13396, "amount": 2766.0, "side": "sell", "timestamp": 1765756662183}, {"id": "979951209", "price": 0.13396, "amount": 1211.0, "side": "sell", "timestamp": 1765756662319}, {"id": "979951210", "price": 0.13395, "amount": 155.0, "side": "sell", "timestamp": 1765756662325}, {"id": "979951211", "price": 0.13394, "amount": 8956.0, "side": "sell", "timestamp": 1765756662552}, {"id": "979951212", "price": 0.13394, "amount": 188.0, "side": "sell", "timestamp": 1765756662653}, {"id": "979951248", "price": 0.13394, "amount": 446.0, "side": "sell", "timestamp": 1765756681058}, {"id": "979951249", "price": 0.13395, "amount": 224.0, "side": "buy", "timestamp": 1765756681159}, {"id": "979951250", "price": 0.13394, "amount": 183.0, "side": "sell", "timestamp": 1765756681199}, {"id": "979951251", "price": 0.13394, "amount": 3624.0, "side": "sell", "timestamp": 1765756681688}, {"id": "979951252", "price": 0.13393, "amount": 10768.0, "side": "sell", "timestamp": 1765756681736}, {"id": "979951253", "price": 0.13392, "amount": 1706.0, "side": "sell", "timestamp": 1765756681778}, {"id": "979951254", "price": 0.13393, "amount": 1491.0, "side": "buy", "timestamp": 1765756682997}, {"id": "979951255", "price": 0.13393, "amount": 1488.0, "side": "buy", "timestamp": 1765756684281}, {"id": "979951256", "price": 0.13393, "amount": 44.0, "side": "buy", "timestamp": 1765756685917}, {"id": "979951257", "price": 0.13392, "amount": 526.0, "side": "sell", "timestamp": 1765756687431}, {"id": "979951258", "price": 0.13392, "amount": 89.0, "side": "sell", "timestamp": 1765756688427}, {"id": "979951259", "price": 0.13393, "amount": 7890.0, "side": "buy", "timestamp": 1765756689729}, {"id": "979951260", "price": 0.13392, "amount": 195.0, "side": "sell", "timestamp": 1765756689964}, {"id": "979951261", "price": 0.13393, "amount": 47.0, "side": "buy", "timestamp": 1765756691688}, {"id": "979951262", "price": 0.13393, "amount": 50.0, "side": "buy", "timestamp": 1765756692972}, {"id": "979951263", "price": 0.13392, "amount": 5950.0, "side": "sell", "timestamp": 1765756693152}, {"id": "979951264", "price": 0.13392, "amount": 253.0, "side": "sell", "timestamp": 1765756693456}, {"id": "979951265", "price": 0.13392, "amount": 5851.0, "side": "sell", "timestamp": 1765756694104}, {"id": "979951266", "price": 0.13392, "amount": 855.0, "side": "sell", "timestamp": 1765756694285}, {"id": "979951267", "price": 0.13392, "amount": 3388.0, "side": "sell", "timestamp": 1765756694465}, {"id": "979951268", "price": 0.13392, "amount": 869.0, "side": "sell", "timestamp": 1765756694664}, {"id": "979951269", "price": 0.13393, "amount": 500.0, "side": "buy", "timestamp": 1765756696118}, {"id": "979951270", "price": 0.13393, "amount": 111.0, "side": "buy", "timestamp": 1765756698048}, {"id": "979951271", "price": 0.13393, "amount": 559.0, "side": "buy", "timestamp": 1765756699814}, {"id": "979951272", "price": 0.13392, "amount": 9052.0, "side": "sell", "timestamp": 1765756700208}, {"id": "979951273", "price": 0.13392, "amount": 153135.0, "side": "sell", "timestamp": 1765756700315}, {"id": "979951274", "price": 0.13392, "amount": 2121.0, "side": "sell", "timestamp": 1765756700547}, {"id": "979951275", "price": 0.13392, "amount": 3981.0, "side": "sell", "timestamp": 1765756700817}, {"id": "979951276", "price": 0.13392, "amount": 326.0, "side": "sell", "timestamp": 1765756701904}, {"id": "979951277", "price": 0.13392, "amount": 203.0, "side": "sell", "timestamp": 1765756702055}, {"id": "979951278", "price": 0.13392, "amount": 362.0, "side": "sell", "timestamp": 1765756702669}, {"id": "979951279", "price": 0.13392, "amount": 142.0, "side": "sell", "timestamp": 1765756702804}, {"id": "979951280", "price": 0.13392, "amount": 70.0, "side": "sell", "timestamp": 1765756703088}, {"id": "979951281", "price": 0.13393, "amount": 64885.0, "side": "buy", "timestamp": 1765756703251}, {"id": "979951282", "price": 0.13393, "amount": 105.0, "side": "sell", "timestamp": 1765756703297}, {"id": "979951283", "price": 0.13394, "amount": 554.0, "side": "buy", "timestamp": 1765756703297}, {"id": "979951284", "price": 0.13394, "amount": 224.0, "side": "sell", "timestamp": 1765756705293}, {"id": "979951285", "price": 0.13394, "amount": 105.0, "side": "sell", "timestamp": 1765756706119}, {"id": "979951286", "price": 0.13394, "amount": 795.0, "side": "sell", "timestamp": 1765756706542}, {"id": "979951287", "price": 0.13395, "amount": 81.0, "side": "buy", "timestamp": 1765756707589}, {"id": "979951288", "price": 0.13394, "amount": 305.0, "side": "sell", "timestamp": 1765756708085}, {"id": "979951289", "price": 0.13394, "amount": 199.0, "side": "sell", "timestamp": 1765756709189}, {"id": "979951290", "price": 0.13394, "amount": 29864.0, "side": "sell", "timestamp": 1765756709404}, {"id": "979951291", "price": 0.13394, "amount": 105.0, "side": "sell", "timestamp": 1765756712221}, {"id": "979951292", "price": 0.13395, "amount": 2403.0, "side": "buy", "timestamp": 1765756712610}, {"id": "979951293", "price": 0.13395, "amount": 6985.0, "side": "buy", "timestamp": 1765756713490}, {"id": "979951294", "price": 0.13394, "amount": 105.0, "side": "sell", "timestamp": 1765756715040}, {"id": "979951295", "price": 0.13395, "amount": 373.0, "side": "buy", "timestamp": 1765756716437}, {"id": "979951296", "price": 0.13394, "amount": 373.0, "side": "sell", "timestamp": 1765756717828}, {"id": "979951297", "price": 0.13394, "amount": 15733.0, "side": "sell", "timestamp": 1765756718054}, {"id": "979951332", "price": 0.13392, "amount": 7373.0, "side": "sell", "timestamp": 1765756742281}, {"id": "979951333", "price": 0.13391, "amount": 1396.0, "side": "sell", "timestamp": 1765756743064}, {"id": "979951334", "price": 0.13391, "amount": 251.0, "side": "sell", "timestamp": 1765756743199}, {"id": "979951335", "price": 0.13391, "amount": 502.0, "side": "sell", "timestamp": 1765756743336}, {"id": "979951336", "price": 0.13391, "amount": 188.0, "side": "sell", "timestamp": 1765756743732}, {"id": "979951337", "price": 0.13391, "amount": 625.0, "side": "sell", "timestamp": 1765756743914}, {"id": "979951338", "price": 0.13391, "amount": 50.0, "side": "sell", "timestamp": 1765756744865}, {"id": "979951339", "price": 0.13391, "amount": 46493.0, "side": "sell", "timestamp": 1765756745730}, {"id": "979951340", "price": 0.13391, "amount": 78224.0, "side": "sell", "timestamp": 1765756746475}, {"id": "979951341", "price": 0.13391, "amount": 402.0, "side": "sell", "timestamp": 1765756746622}, {"id": "979951342", "price": 0.13391, "amount": 237.0, "side": "sell", "timestamp": 1765756747446}, {"id": "979951343", "price": 0.13392, "amount": 389.0, "side": "buy", "timestamp": 1765756747841}, {"id": "979951344", "price": 0.13392, "amount": 1942.0, "side": "buy", "timestamp": 1765756748551}, {"id": "979951345", "price": 0.13392, "amount": 38025.0, "side": "buy", "timestamp": 1765756749174}, {"id": "979951346", "price": 0.13393, "amount": 226.0, "side": "buy", "timestamp": 1765756749176}, {"id": "979951347", "price": 0.13393, "amount": 268.0, "side": "sell", "timestamp": 1765756751045}, {"id": "979951348", "price": 0.13394, "amount": 74.0, "side": "buy", "timestamp": 1765756751243}, {"id": "979951349", "price": 0.13394, "amount": 5958.0, "side": "buy", "timestamp": 1765756751842}, {"id": "979951350", "price": 0.13394, "amount": 2631.0, "side": "sell", "timestamp": 1765756751910}, {"id": "979951351", "price": 0.13395, "amount": 7233.0, "side": "buy", "timestamp": 1765756751925}, {"id": "979951352", "price": 0.13395, "amount": 105.0, "side": "sell", "timestamp": 1765756751983}, {"id": "979951353", "price": 0.13395, "amount": 1650.0, "side": "sell", "timestamp": 1765756753370}, {"id": "979951354", "price": 0.13396, "amount": 64455.0, "side": "buy", "timestamp": 1765756753422}, {"id": "979951355", "price": 0.13396, "amount": 151.0, "side": "buy", "timestamp": 1765756753691}, {"id": "979951356", "price": 0.13396, "amount": 105.0, "side": "sell", "timestamp": 1765756755014}, {"id": "979951357", "price": 0.13396, "amount": 14895.0, "side": "sell", "timestamp": 1765756757779}, {"id": "979951358", "price": 0.13396, "amount": 105.0, "side": "sell", "timestamp": 1765756758070}, {"id": "979951359", "price": 0.13397, "amount": 224.0, "side": "buy", "timestamp": 1765756759350}, {"id": "979951360", "price": 0.13397, "amount": 23250.0, "side": "buy", "timestamp": 1765756759871}, {"id": "979951361", "price": 0.13398, "amount": 612.0, "side": "buy", "timestamp": 1765756759886}, {"id": "979951362", "price": 0.13399, "amount": 498.0, "side": "buy", "timestamp": 1765756760428}, {"id": "979951363", "price": 0.13398, "amount": 1914.0, "side": "sell", "timestamp": 1765756760441}, {"id": "979951364", "price": 0.13398, "amount": 105.0, "side": "sell", "timestamp": 1765756761126}, {"id": "979951365", "price": 0.13399, "amount": 956.0, "side": "buy", "timestamp": 1765756762328}, {"id": "979951366", "price": 0.13398, "amount": 126.0, "side": "sell", "timestamp": 1765756762426}, {"id": "979951367", "price": 0.13398, "amount": 19047.0, "side": "sell", "timestamp": 1765756763519}, {"id": "979951368", "price": 0.13397, "amount": 16164.0, "side": "sell", "timestamp": 1765756763657}, {"id": "979951369", "price": 0.13396, "amount": 89.0, "side": "sell", "timestamp": 1765756763692}, {"id": "979951370", "price": 0.13396, "amount": 12138.0, "side": "sell", "timestamp": 1765756763969}, {"id": "979951371", "price": 0.13395, "amount": 105.0, "side": "sell", "timestamp": 1765756764193}, {"id": "979951372", "price": 0.13395, "amount": 224.0, "side": "sell", "timestamp": 1765756765479}, {"id": "979951373", "price": 0.13396, "amount": 146.0, "side": "buy", "timestamp": 1765756766055}, {"id": "979951374", "price": 0.13395, "amount": 2032.0, "side": "sell", "timestamp": 1765756766198}, {"id": "979951375", "price": 0.13394, "amount": 2007.0, "side": "sell", "timestamp": 1765756766397}, {"id": "979951376", "price": 0.13393, "amount": 2872.0, "side": "sell", "timestamp": 1765756767012}, {"id": "979951377", "price": 0.13392, "amount": 8761.0, "side": "sell", "timestamp": 1765756767299}, {"id": "979951378", "price": 0.13391, "amount": 732.0, "side": "sell", "timestamp": 1765756767567}, {"id": "979951379", "price": 0.13392, "amount": 6066.0, "side": "buy", "timestamp": 1765756767874}, {"id": "979951380", "price": 0.13391, "amount": 304.0, "side": "sell", "timestamp": 1765756770552}, {"id": "979951381", "price": 0.13391, "amount": 23601.0, "side": "sell", "timestamp": 1765756772343}]