[{"symbol": "XRPUSDT", "bids": [[2.0139, 33451.3], [2.0138, 26529.4], [2.0137, 31870.4], [2.0136, 43200.6], [2.0135, 36438.7], [2.0134, 53563.8], [2.0133, 36190.1], [2.0132, 28982.9], [2.0131, 19497.3], [2.013, 25634.3], [2.0129, 46003.7], [2.0128, 26062.6], [2.0127, 16376.5], [2.0126, 35449.8], [2.0125, 21943.5], [2.0124, 39273.9], [2.0123, 29838.5], [2.0122, 60838.7], [2.0121, 40415.6], [2.012, 120388.6]], "asks": [[2.014, 5517.8], [2.0141, 986.3], [2.0142, 9521.2], [2.0143, 12326.8], [2.0144, 20010.9], [2.0145, 30750.4], [2.0146, 29706.0], [2.0147, 42930.5], [2.0148, 42158.0], [2.0149, 38728.0], [2.015, 16412.0], [2.0151, 15287.5], [2.0152, 45674.1], [2.0153, 16151.1], [2.0154, 21380.9], [2.0155, 14028.9], [2.0156, 43295.7], [2.0157, 33230.1], [2.0158, 14236.8], [2.0159, 35084.9]], "timestamp": "2025-12-11T10:53:14.253806+00:00"}, {"symbol": "XRPUSDT", "bids": [[2.014, 57597.9], [2.0139, 51383.2], [2.0138, 22540.8], [2.0137, 20442.7], [2.0136, 28004.7], [2.0135, 40718.9], [2.0134, 21620.0], [2.0133, 22376.7], [2.0132, 28985.5], [2.0131, 30366.3], [2.013, 31619.9], [2.0129, 43590.1], [2.0128, 28089.7], [2.0127, 43747.7], [2.0126, 58351.5], [2.0125, 10847.2], [2.0124, 16364.3], [2.0123, 35974.0], [2.0122, 36523.0], [2.0121, 53183.0]], "asks": [[2.0141, 1470.8], [2.0142, 994.6], [2.0143, 2644.3], [2.0144, 15933.9], [2.0145, 18734.8], [2.0146, 36391.1], [2.0147, 17511.8], [2.0148, 45921.9], [2.0149, 5553.3], [2.015, 18015.1], [2.0151, 39466.3], [2.0152, 24029.5], [2.0153, 12013.5], [2.0154, 20301.7], [2.0155, 20949.3], [2.0156, 39039.4], [2.0157, 30063.2], [2.0158, 30346.2], [2.0159, 81315.8], [2.016, 24770.3]], "timestamp": "2025-12-11T10:54:06.858054+00:00"}, {"symbol": "XRPUSDT", "bids": [[2.0142, 7261.2], [2.0141, 6898.5], [2.014, 15825.7], [2.0139, 18556.6], [2.0138, 24945.7], [2.0137, 24234.0], [2.0136, 35483.5], [2.0135, 19290.6], [2.0134, 18829.7], [2.0133, 24878.0], [2.0132, 25113.0], [2.0131, 29254.0], [2.013, 33005.5], [2.0129, 34703.8], [2.0128, 28518.0], [2.0127, 37942.5], [2.0126, 65460.2], [2.0125, 30863.4], [2.0124, 91277.0], [2.0123, 21454.9]], "asks": [[2.0143, 24038.9], [2.0144, 10552.5], [2.0145, 22012.3], [2.0146, 35234.9], [2.0147, 16818.8], [2.0148, 32792.5], [2.0149, 19278.8], [2.015, 17927.2], [2.0151, 39503.0], [2.0152, 15780.3], [2.0153, 26202.8], [2.0154, 17925.6], [2.0155, 21312.3], [2.0156, 41039.4], [2.0157, 32545.7], [2.0158, 31043.6], [2.0159, 12147.7], [2.016, 26213.8], [2.0161, 17366.0], [2.0162, 26272.4]], "timestamp": "2025-12-11T10:55:00.265757+00:00"}, {"symbol": "XRPUSDT", "bids": [[2.0132, 31710.7], [2.0131, 32843.4], [2.013, 22817.1], [2.0129, 12824.0], [2.0128, 22479.3], [2.0127, 26540.2], [2.0126, 35231.9], [2.0125, 18740.8], [2.0124, 27007.4], [2.0123, 25037.5], [2.0122, 48692.9], [2.0121, 30577.0], [2.012, 27248.7], [2.0119, 22241.6], [2.0118, 62444.7], [2.0117, 16925.7], [2.0116, 25922.3], [2.0115, 52129.6], [2.0114, 40547.3], [2.0113, 87861.9]], "asks": [[2.0133, 3693.6], [2.0134, 838.6], [2.0135, 14785.4], [2.0136, 17381.6], [2.0137, 24998.7], [2.0138, 37309.3], [2.0139, 18207.0], [2.014, 30868.9], [2.0141, 38866.5], [2.0142, 31795.4], [2.0143, 34888.8], [2.0144, 20374.9], [2.0145, 26032.8], [2.0146, 13883.6], [2.0147, 26538.9], [2.0148, 31807.0], [2.0149, 23212.8], [2.015, 20735.4], [2.0151, 35227.7], [2.0152, 74349.7]], "timestamp": "2025-12-11T10:55:52.200648+00:00"}, {"symbol": "XRPUSDT", "bids": [[2.0132, 21121.6], [2.0131, 29098.5], [2.013, 31239.9], [2.0129, 16771.5], [2.0128, 18397.6], [2.0127, 15854.6], [2.0126, 29649.8], [2.0125, 15760.6], [2.0124, 25328.1], [2.0123, 33021.5], [2.0122, 34002.0], [2.0121, 48701.0], [2.012, 33502.8], [2.0119, 19157.0], [2.0118, 57375.8], [2.0117, 25882.7], [2.0116, 36983.6], [2.0115, 70265.5], [2.0114, 83606.9], [2.0113, 17405.0]], "asks": [[2.0133, 9481.9], [2.0134, 7393.4], [2.0135, 5873.2], [2.0136, 17340.1], [2.0137, 28877.9], [2.0138, 29292.8], [2.0139, 29752.4], [2.014, 37105.0], [2.0141, 38324.4], [2.0142, 41194.6], [2.0143, 38712.0], [2.0144, 27529.5], [2.0145, 27122.4], [2.0146, 20349.0], [2.0147, 22628.5], [2.0148, 35482.7], [2.0149, 43566.0], [2.015, 17803.4], [2.0151, 25396.5], [2.0152, 37973.8]], "timestamp": "2025-12-11T10:56:44.315765+00:00"}, {"symbol": "XRPUSDT", "bids": [[2.013, 12414.8], [2.0129, 7269.1], [2.0128, 12714.7], [2.0127, 14424.8], [2.0126, 27171.7], [2.0125, 29541.4], [2.0124, 34682.7], [2.0123, 29783.8], [2.0122, 35671.0], [2.0121, 53948.7], [2.012, 31657.5], [2.0119, 20114.0], [2.0118, 51463.7], [2.0117, 30746.2], [2.0116, 45709.3], [2.0115, 50289.9], [2.0114, 18406.7], [2.0113, 30040.1], [2.0112, 93000.0], [2.0111, 25094.8]], "asks": [[2.0131, 33397.4], [2.0132, 19391.7], [2.0133, 15264.9], [2.0134, 19281.2], [2.0135, 23315.9], [2.0136, 25520.3], [2.0137, 27977.3], [2.0138, 30062.7], [2.0139, 25883.1], [2.014, 26199.7], [2.0141, 36131.2], [2.0142, 37369.1], [2.0143, 47801.7], [2.0144, 15588.1], [2.0145, 26481.9], [2.0146, 20249.3], [2.0147, 20905.9], [2.0148, 37448.2], [2.0149, 49696.6], [2.015, 31208.0]], "timestamp": "2025-12-11T10:57:36.528277+00:00"}, {"symbol": "XRPUSDT", "bids": [[2.0143, 26690.7], [2.0142, 17864.7], [2.0141, 28254.2], [2.014, 27255.3], [2.0139, 28675.8], [2.0138, 33312.5], [2.0137, 49040.8], [2.0136, 55434.4], [2.0135, 48806.5], [2.0134, 44082.7], [2.0133, 35899.8], [2.0132, 29496.3], [2.0131, 52460.9], [2.013, 32017.9], [2.0129, 15924.6], [2.0128, 39111.3], [2.0127, 54978.8], [2.0126, 74131.5], [2.0125, 11301.6], [2.0124, 30635.4]], "asks": [[2.0144, 8678.4], [2.0145, 9981.0], [2.0146, 10402.5], [2.0147, 17985.5], [2.0148, 31900.1], [2.0149, 27899.4], [2.015, 29412.1], [2.0151, 19302.1], [2.0152, 32621.3], [2.0153, 33280.2], [2.0154, 25000.1], [2.0155, 36176.1], [2.0156, 47969.5], [2.0157, 22553.8], [2.0158, 55435.8], [2.0159, 17216.1], [2.016, 28655.4], [2.0161, 24743.9], [2.0162, 22415.2], [2.0163, 14236.9]], "timestamp": "2025-12-11T10:58:35.775770+00:00"}, {"symbol": "XRPUSDT", "bids": [[2.0144, 5959.9], [2.0143, 10781.5], [2.0142, 11382.1], [2.0141, 30590.8], [2.014, 33427.6], [2.0139, 51236.0], [2.0138, 21137.7], [2.0137, 32314.5], [2.0136, 37547.7], [2.0135, 39245.0], [2.0134, 50941.8], [2.0133, 28497.3], [2.0132, 45078.9], [2.0131, 78515.7], [2.013, 30848.2], [2.0129, 21833.3], [2.0128, 35498.0], [2.0127, 42316.3], [2.0126, 39756.2], [2.0125, 104527.8]], "asks": [[2.0145, 44443.9], [2.0146, 26863.1], [2.0147, 26866.5], [2.0148, 18937.3], [2.0149, 16204.1], [2.015, 16905.4], [2.0151, 28412.7], [2.0152, 25449.5], [2.0153, 42380.1], [2.0154, 20785.2], [2.0155, 41235.1], [2.0156, 40788.3], [2.0157, 20958.6], [2.0158, 41229.9], [2.0159, 18006.5], [2.016, 28966.5], [2.0161, 19078.7], [2.0162, 36397.7], [2.0163, 43570.3], [2.0164, 48692.6]], "timestamp": "2025-12-11T10:59:33.282828+00:00"}, {"symbol": "XRPUSDT", "bids": [[2.0143, 64509.5], [2.0142, 31519.3], [2.0141, 21006.7], [2.014, 24876.9], [2.0139, 24618.7], [2.0138, 35620.9], [2.0137, 58550.6], [2.0136, 30053.7], [2.0135, 36649.5], [2.0134, 24607.9], [2.0133, 18375.3], [2.0132, 40376.9], [2.0131, 50676.9], [2.013, 41726.3], [2.0129, 31138.1], [2.0128, 28375.4], [2.0127, 55927.0], [2.0126, 76794.5], [2.0125, 16406.5], [2.0124, 19204.6]], "asks": [[2.0144, 580.1], [2.0145, 6070.0], [2.0146, 36478.4], [2.0147, 12800.6], [2.0148, 42287.0], [2.0149, 22179.6], [2.015, 11505.2], [2.0151, 31866.7], [2.0152, 18230.4], [2.0153, 39059.8], [2.0154, 11050.6], [2.0155, 15859.8], [2.0156, 51196.5], [2.0157, 17054.9], [2.0158, 29922.0], [2.0159, 8854.0], [2.016, 40495.9], [2.0161, 17921.4], [2.0162, 29811.1], [2.0163, 16674.6]], "timestamp": "2025-12-11T11:00:30.615030+00:00"}, {"symbol": "XRPUSDT", "bids": [[2.0137, 17121.7], [2.0136, 12428.7], [2.0135, 33303.1], [2.0134, 28965.9], [2.0133, 21830.9], [2.0132, 37471.3], [2.0131, 38454.1], [2.013, 30248.7], [2.0129, 28690.1], [2.0128, 31321.8], [2.0127, 52703.0], [2.0126, 40330.1], [2.0125, 29900.1], [2.0124, 24662.0], [2.0123, 29824.8], [2.0122, 51894.8], [2.0121, 58017.5], [2.012, 48986.6], [2.0119, 48875.4], [2.0118, 39458.2]], "asks": [[2.0138, 13582.1], [2.0139, 40322.5], [2.014, 25086.4], [2.0141, 28422.8], [2.0142, 23787.0], [2.0143, 36849.2], [2.0144, 18507.5], [2.0145, 18277.9], [2.0146, 22727.4], [2.0147, 30506.5], [2.0148, 33963.4], [2.0149, 15415.6], [2.015, 7285.4], [2.0151, 34851.7], [2.0152, 10988.7], [2.0153, 55527.7], [2.0154, 13184.6], [2.0155, 20584.1], [2.0156, 84663.2], [2.0157, 21716.2]], "timestamp": "2025-12-11T11:01:27.056370+00:00"}, {"symbol": "XRPUSDT", "bids": [[2.0133, 26490.4], [2.0132, 13966.4], [2.0131, 33095.0], [2.013, 21299.4], [2.0129, 24747.6], [2.0128, 32750.0], [2.0127, 42313.2], [2.0126, 43803.6], [2.0125, 34455.4], [2.0124, 26502.1], [2.0123, 23457.4], [2.0122, 35635.6], [2.0121, 41868.0], [2.012, 38273.9], [2.0119, 48919.7], [2.0118, 34462.3], [2.0117, 49956.6], [2.0116, 38835.0], [2.0115, 41550.6], [2.0114, 29893.4]], "asks": [[2.0134, 1617.7], [2.0135, 9702.3], [2.0136, 17561.8], [2.0137, 20999.5], [2.0138, 35860.8], [2.0139, 15910.5], [2.014, 23497.2], [2.0141, 23679.6], [2.0142, 31760.5], [2.0143, 58881.2], [2.0144, 21662.1], [2.0145, 23929.4], [2.0146, 31794.2], [2.0147, 17888.8], [2.0148, 28190.4], [2.0149, 24155.2], [2.015, 9714.4], [2.0151, 25621.0], [2.0152, 91829.8], [2.0153, 49355.9]], "timestamp": "2025-12-11T11:02:27.455438+00:00"}, {"symbol": "XRPUSDT", "bids": [[2.0133, 19439.9], [2.0132, 15781.8], [2.0131, 34715.7], [2.013, 18432.4], [2.0129, 17703.5], [2.0128, 26773.1], [2.0127, 31208.1], [2.0126, 39482.3], [2.0125, 25925.9], [2.0124, 22695.5], [2.0123, 19903.3], [2.0122, 42376.6], [2.0121, 45885.6], [2.012, 32259.5], [2.0119, 23150.6], [2.0118, 54672.6], [2.0117, 112781.6], [2.0116, 36690.9], [2.0115, 40689.5], [2.0114, 27584.6]], "asks": [[2.0134, 4857.9], [2.0135, 9612.2], [2.0136, 14490.6], [2.0137, 13855.0], [2.0138, 42375.2], [2.0139, 19115.4], [2.014, 16802.0], [2.0141, 29238.3], [2.0142, 24153.2], [2.0143, 40113.3], [2.0144, 21727.0], [2.0145, 26215.9], [2.0146, 32189.3], [2.0147, 22076.8], [2.0148, 36139.4], [2.0149, 67723.3], [2.015, 6017.4], [2.0151, 24760.0], [2.0152, 14017.9], [2.0153, 39822.0]], "timestamp": "2025-12-11T11:03:28.904188+00:00"}, {"symbol": "XRPUSDT", "bids": [[2.0146, 13391.8], [2.0145, 9290.9], [2.0144, 6905.9], [2.0143, 22516.1], [2.0142, 27359.9], [2.0141, 35546.5], [2.014, 43653.4], [2.0139, 30043.2], [2.0138, 34348.2], [2.0137, 45873.1], [2.0136, 38520.9], [2.0135, 24189.8], [2.0134, 37180.7], [2.0133, 20580.4], [2.0132, 42867.5], [2.0131, 49154.3], [2.013, 51255.6], [2.0129, 59128.2], [2.0128, 33334.5], [2.0127, 122312.7]], "asks": [[2.0147, 34430.2], [2.0148, 20830.0], [2.0149, 18710.9], [2.015, 23713.0], [2.0151, 36998.3], [2.0152, 14264.5], [2.0153, 36733.3], [2.0154, 13045.1], [2.0155, 20831.9], [2.0156, 48998.0], [2.0157, 22300.4], [2.0158, 56294.4], [2.0159, 29402.5], [2.016, 21927.4], [2.0161, 4314.8], [2.0162, 22944.8], [2.0163, 11936.3], [2.0164, 21390.1], [2.0165, 28141.2], [2.0166, 29162.6]], "timestamp": "2025-12-11T11:04:26.378797+00:00"}, {"symbol": "XRPUSDT", "bids": [[2.0159, 8044.9], [2.0158, 2201.6], [2.0157, 11019.7], [2.0156, 11053.0], [2.0155, 31819.6], [2.0154, 27327.7], [2.0153, 35990.2], [2.0152, 43068.4], [2.0151, 52340.3], [2.015, 39521.4], [2.0149, 52471.1], [2.0148, 11118.1], [2.0147, 33548.7], [2.0146, 56920.5], [2.0145, 34070.5], [2.0144, 29733.3], [2.0143, 37192.7], [2.0142, 47372.6], [2.0141, 61229.9], [2.014, 139648.6]], "asks": [[2.016, 25929.0], [2.0161, 18487.0], [2.0162, 14902.3], [2.0163, 20636.2], [2.0164, 22821.6], [2.0165, 42367.0], [2.0166, 20256.7], [2.0167, 18411.8], [2.0168, 32064.9], [2.0169, 47145.3], [2.017, 22863.0], [2.0171, 18313.8], [2.0172, 34067.1], [2.0173, 32297.2], [2.0174, 15697.0], [2.0175, 18534.7], [2.0176, 20493.7], [2.0177, 34665.4], [2.0178, 29924.2], [2.0179, 92033.7]], "timestamp": "2025-12-11T11:05:23.120065+00:00"}, {"symbol": "XRPUSDT", "bids": [[2.0146, 22633.9], [2.0145, 31648.8], [2.0144, 47173.9], [2.0143, 32439.9], [2.0142, 13936.6], [2.0141, 33112.8], [2.014, 18530.0], [2.0139, 11860.3], [2.0138, 14837.6], [2.0137, 27832.9], [2.0136, 35335.6], [2.0135, 29686.5], [2.0134, 28509.8], [2.0133, 41361.3], [2.0132, 37348.4], [2.0131, 62353.5], [2.013, 77572.9], [2.0129, 46315.0], [2.0128, 100183.5], [2.0127, 41295.9]], "asks": [[2.0147, 5849.2], [2.0148, 7805.0], [2.0149, 17714.4], [2.015, 21002.7], [2.0151, 24477.9], [2.0152, 36683.1], [2.0153, 68949.8], [2.0154, 10506.3], [2.0155, 19935.1], [2.0156, 15078.0], [2.0157, 19242.3], [2.0158, 34885.5], [2.0159, 19233.4], [2.016, 17973.6], [2.0161, 23415.2], [2.0162, 38515.8], [2.0163, 32553.6], [2.0164, 36716.4], [2.0165, 27592.0], [2.0166, 18352.4]], "timestamp": "2025-12-11T11:06:21.369580+00:00"}, {"symbol": "XRPUSDT", "bids": [[2.015, 5218.0], [2.0149, 7385.4], [2.0148, 14906.5], [2.0147, 25647.5], [2.0146, 32567.3], [2.0145, 43430.3], [2.0144, 61426.3], [2.0143, 21954.7], [2.0142, 51265.2], [2.0141, 42214.9], [2.014, 17885.7], [2.0139, 32029.3], [2.0138, 22540.2], [2.0137, 27921.9], [2.0136, 33898.4], [2.0135, 27791.3], [2.0134, 137778.2], [2.0133, 19550.3], [2.0132, 37365.1], [2.0131, 39954.7]], "asks": [[2.0151, 16297.7], [2.0152, 24124.4], [2.0153, 9623.2], [2.0154, 19310.1], [2.0155, 26373.7], [2.0156, 27359.1], [2.0157, 23115.0], [2.0158, 61002.1], [2.0159, 15668.7], [2.016, 23687.1], [2.0161, 13130.3], [2.0162, 15880.1], [2.0163, 29443.3], [2.0164, 24800.7], [2.0165, 47476.2], [2.0166, 17375.9], [2.0167, 18257.7], [2.0168, 11101.3], [2.0169, 17619.9], [2.017, 25242.5]], "timestamp": "2025-12-11T11:07:16.173169+00:00"}, {"symbol": "XRPUSDT", "bids": [[2.0154, 6852.8], [2.0153, 7434.6], [2.0152, 15708.8], [2.0151, 20026.9], [2.015, 33241.1], [2.0149, 44023.5], [2.0148, 25570.7], [2.0147, 28974.4], [2.0146, 42362.9], [2.0145, 26633.8], [2.0144, 32329.9], [2.0143, 46639.0], [2.0142, 57371.6], [2.0141, 42610.8], [2.014, 44662.1], [2.0139, 30635.8], [2.0138, 4092.5], [2.0137, 37045.7], [2.0136, 123787.8], [2.0135, 24867.7]], "asks": [[2.0155, 20226.5], [2.0156, 28153.2], [2.0157, 40554.7], [2.0158, 8895.4], [2.0159, 20270.3], [2.016, 28438.4], [2.0161, 12848.7], [2.0162, 20615.0], [2.0163, 25504.2], [2.0164, 26426.2], [2.0165, 29786.4], [2.0166, 15314.1], [2.0167, 28216.2], [2.0168, 27069.8], [2.0169, 29700.5], [2.017, 48125.1], [2.0171, 38880.6], [2.0172, 28926.7], [2.0173, 30292.3], [2.0174, 30253.2]], "timestamp": "2025-12-11T11:08:16.059353+00:00"}, {"symbol": "XRPUSDT", "bids": [[2.0152, 21021.5], [2.0151, 21887.0], [2.015, 14590.9], [2.0149, 22538.7], [2.0148, 25389.9], [2.0147, 24946.5], [2.0146, 15877.5], [2.0145, 23714.5], [2.0144, 30398.0], [2.0143, 23207.4], [2.0142, 43859.2], [2.0141, 38214.1], [2.014, 22048.4], [2.0139, 35195.9], [2.0138, 25910.7], [2.0137, 40392.1], [2.0136, 51017.7], [2.0135, 44206.9], [2.0134, 45981.0], [2.0133, 22213.7]], "asks": [[2.0153, 3722.8], [2.0154, 15861.3], [2.0155, 19750.7], [2.0156, 27260.5], [2.0157, 38983.2], [2.0158, 54901.0], [2.0159, 20805.7], [2.016, 28065.2], [2.0161, 7066.8], [2.0162, 21500.4], [2.0163, 17716.7], [2.0164, 24984.1], [2.0165, 32852.9], [2.0166, 25011.4], [2.0167, 37668.3], [2.0168, 18060.0], [2.0169, 32410.7], [2.017, 89860.4], [2.0171, 18238.5], [2.0172, 32208.5]], "timestamp": "2025-12-11T11:09:15.919425+00:00"}, {"symbol": "XRPUSDT", "bids": [[2.0153, 6020.0], [2.0152, 9426.3], [2.0151, 11709.7], [2.015, 15946.4], [2.0149, 34420.8], [2.0148, 24803.7], [2.0147, 26061.3], [2.0146, 50778.8], [2.0145, 19982.7], [2.0144, 26152.1], [2.0143, 22872.0], [2.0142, 45542.6], [2.0141, 38500.7], [2.014, 21111.4], [2.0139, 26278.2], [2.0138, 37848.0], [2.0137, 38490.1], [2.0136, 51724.1], [2.0135, 42400.0], [2.0134, 35967.9]], "asks": [[2.0154, 14243.3], [2.0155, 14520.8], [2.0156, 27209.7], [2.0157, 25539.7], [2.0158, 44585.1], [2.0159, 21073.5], [2.016, 21542.7], [2.0161, 4873.0], [2.0162, 22569.3], [2.0163, 24971.5], [2.0164, 27888.6], [2.0165, 32117.1], [2.0166, 21680.0], [2.0167, 26618.8], [2.0168, 12262.1], [2.0169, 22664.8], [2.017, 26059.0], [2.0171, 22417.5], [2.0172, 32393.5], [2.0173, 36022.8]], "timestamp": "2025-12-11T11:10:13.066896+00:00"}, {"symbol": "XRPUSDT", "bids": [[2.0151, 3943.8], [2.015, 14807.0], [2.0149, 13948.6], [2.0148, 20082.2], [2.0147, 19148.8], [2.0146, 32672.3], [2.0145, 17154.3], [2.0144, 33915.6], [2.0143, 37739.6], [2.0142, 27499.9], [2.0141, 39876.8], [2.014, 9570.4], [2.0139, 34210.8], [2.0138, 32038.9], [2.0137, 51268.6], [2.0136, 66396.2], [2.0135, 21845.8], [2.0134, 51341.7], [2.0133, 86343.8], [2.0132, 31551.4]], "asks": [[2.0152, 13112.8], [2.0153, 21546.3], [2.0154, 42954.1], [2.0155, 26139.8], [2.0156, 28286.6], [2.0157, 26694.7], [2.0158, 40116.6], [2.0159, 31789.7], [2.016, 36392.5], [2.0161, 20729.9], [2.0162, 23262.1], [2.0163, 27502.1], [2.0164, 25569.2], [2.0165, 41044.7], [2.0166, 13368.4], [2.0167, 22246.7], [2.0168, 36216.0], [2.0169, 21361.5], [2.017, 44602.9], [2.0171, 83081.8]], "timestamp": "2025-12-11T11:11:10.157685+00:00"}, {"symbol": "XRPUSDT", "bids": [[2.0149, 2137.4], [2.0148, 2117.2], [2.0147, 7407.4], [2.0146, 10584.5], [2.0145, 19912.1], [2.0144, 22417.0], [2.0143, 48148.8], [2.0142, 34403.1], [2.0141, 35752.1], [2.014, 8885.8], [2.0139, 27072.3], [2.0138, 26389.5], [2.0137, 37047.7], [2.0136, 71756.7], [2.0135, 52801.1], [2.0134, 30843.9], [2.0133, 29219.7], [2.0132, 22182.8], [2.0131, 44718.1], [2.013, 39464.8]], "asks": [[2.015, 61139.6], [2.0151, 45534.4], [2.0152, 28098.1], [2.0153, 67782.1], [2.0154, 40019.8], [2.0155, 43382.6], [2.0156, 39193.5], [2.0157, 11566.0], [2.0158, 44015.2], [2.0159, 54460.2], [2.016, 20398.6], [2.0161, 17219.8], [2.0162, 14824.0], [2.0163, 29034.9], [2.0164, 20215.3], [2.0165, 36992.2], [2.0166, 14691.5], [2.0167, 26335.8], [2.0168, 34926.5], [2.0169, 26557.8]], "timestamp": "2025-12-11T11:12:06.392865+00:00"}, {"symbol": "XRPUSDT", "bids": [[2.0153, 14355.7], [2.0152, 7780.3], [2.0151, 15785.0], [2.015, 27837.6], [2.0149, 29881.2], [2.0148, 18780.2], [2.0147, 30273.9], [2.0146, 20836.0], [2.0145, 34338.9], [2.0144, 51363.4], [2.0143, 14957.9], [2.0142, 22835.6], [2.0141, 22593.9], [2.014, 49881.5], [2.0139, 22614.0], [2.0138, 35409.3], [2.0137, 27174.9], [2.0136, 73159.1], [2.0135, 107371.4], [2.0134, 21780.1]], "asks": [[2.0154, 15397.4], [2.0155, 12399.0], [2.0156, 25729.0], [2.0157, 15623.0], [2.0158, 23407.4], [2.0159, 27478.3], [2.016, 25406.3], [2.0161, 18307.0], [2.0162, 23703.9], [2.0163, 28269.0], [2.0164, 28748.6], [2.0165, 57336.9], [2.0166, 18344.3], [2.0167, 23579.4], [2.0168, 18220.5], [2.0169, 21208.0], [2.017, 27625.0], [2.0171, 23549.6], [2.0172, 43110.5], [2.0173, 36188.8]], "timestamp": "2025-12-11T11:13:02.993382+00:00"}, {"symbol": "XRPUSDT", "bids": [[2.0151, 3901.4], [2.015, 4622.8], [2.0149, 17741.3], [2.0148, 24986.6], [2.0147, 33103.4], [2.0146, 29982.7], [2.0145, 29382.1], [2.0144, 57564.8], [2.0143, 18073.7], [2.0142, 42482.2], [2.0141, 24044.3], [2.014, 37226.3], [2.0139, 23357.4], [2.0138, 19838.1], [2.0137, 38000.8], [2.0136, 68891.0], [2.0135, 46712.1], [2.0134, 92591.8], [2.0133, 14524.3], [2.0132, 19497.9]], "asks": [[2.0152, 31829.9], [2.0153, 106764.1], [2.0154, 15573.8], [2.0155, 16490.2], [2.0156, 26780.8], [2.0157, 10749.4], [2.0158, 28498.0], [2.0159, 28323.1], [2.016, 12456.6], [2.0161, 16602.6], [2.0162, 22305.4], [2.0163, 28082.5], [2.0164, 17587.9], [2.0165, 38702.5], [2.0166, 10182.6], [2.0167, 22901.7], [2.0168, 13127.7], [2.0169, 37069.0], [2.017, 22506.3], [2.0171, 21031.4]], "timestamp": "2025-12-11T11:14:00.027454+00:00"}, {"symbol": "XRPUSDT", "bids": [[2.0146, 3743.4], [2.0145, 5407.0], [2.0144, 17115.0], [2.0143, 15413.0], [2.0142, 20758.0], [2.0141, 31886.2], [2.014, 41979.5], [2.0139, 33658.2], [2.0138, 26619.8], [2.0137, 27025.1], [2.0136, 47682.2], [2.0135, 27622.6], [2.0134, 33769.4], [2.0133, 34129.0], [2.0132, 36385.3], [2.0131, 80125.8], [2.013, 44912.0], [2.0129, 51690.8], [2.0128, 104757.4], [2.0127, 32876.8]], "asks": [[2.0147, 29070.4], [2.0148, 20542.7], [2.0149, 26572.4], [2.015, 30647.8], [2.0151, 36272.2], [2.0152, 62540.6], [2.0153, 73122.0], [2.0154, 28562.8], [2.0155, 15444.1], [2.0156, 24374.3], [2.0157, 14863.5], [2.0158, 12412.6], [2.0159, 34993.4], [2.016, 13483.9], [2.0161, 17574.4], [2.0162, 14680.1], [2.0163, 48707.7], [2.0164, 11423.8], [2.0165, 38692.2], [2.0166, 27375.1]], "timestamp": "2025-12-11T11:14:56.085373+00:00"}, {"symbol": "XRPUSDT", "bids": [[2.0141, 3702.6], [2.014, 9167.4], [2.0139, 22960.6], [2.0138, 24959.2], [2.0137, 23778.9], [2.0136, 52540.6], [2.0135, 26956.2], [2.0134, 33093.2], [2.0133, 26263.4], [2.0132, 30101.7], [2.0131, 36644.8], [2.013, 13437.6], [2.0129, 41799.5], [2.0128, 21724.7], [2.0127, 38045.8], [2.0126, 62023.6], [2.0125, 48861.5], [2.0124, 22389.7], [2.0123, 40731.8], [2.0122, 95507.2]], "asks": [[2.0142, 16799.6], [2.0143, 14073.1], [2.0144, 26040.8], [2.0145, 35258.0], [2.0146, 33965.0], [2.0147, 64726.7], [2.0148, 30451.5], [2.0149, 41927.0], [2.015, 27372.4], [2.0151, 31957.1], [2.0152, 60194.4], [2.0153, 70759.6], [2.0154, 19782.1], [2.0155, 21185.5], [2.0156, 14538.2], [2.0157, 30796.6], [2.0158, 13049.8], [2.0159, 32864.3], [2.016, 12168.3], [2.0161, 25217.3]], "timestamp": "2025-12-11T11:15:54.680561+00:00"}, {"symbol": "XRPUSDT", "bids": [[2.0134, 3513.3], [2.0133, 6177.9], [2.0132, 16120.7], [2.0131, 15106.4], [2.013, 23386.3], [2.0129, 30841.3], [2.0128, 46360.9], [2.0127, 66433.5], [2.0126, 33359.7], [2.0125, 23197.4], [2.0124, 26298.7], [2.0123, 20940.4], [2.0122, 34846.9], [2.0121, 45436.0], [2.012, 71928.7], [2.0119, 24773.6], [2.0118, 47051.6], [2.0117, 99669.0], [2.0116, 37639.8], [2.0115, 44359.1]], "asks": [[2.0135, 21652.7], [2.0136, 24152.9], [2.0137, 38075.2], [2.0138, 37501.5], [2.0139, 25219.7], [2.014, 26174.5], [2.0141, 44549.2], [2.0142, 51001.2], [2.0143, 36502.4], [2.0144, 13716.3], [2.0145, 39586.9], [2.0146, 14596.5], [2.0147, 46998.9], [2.0148, 10922.9], [2.0149, 32414.3], [2.015, 21885.0], [2.0151, 24952.6], [2.0152, 56762.7], [2.0153, 76706.7], [2.0154, 16581.3]], "timestamp": "2025-12-11T11:16:51.838092+00:00"}, {"symbol": "XRPUSDT", "bids": [[2.0128, 11089.7], [2.0127, 15251.5], [2.0126, 21233.6], [2.0125, 31482.4], [2.0124, 24979.6], [2.0123, 14994.8], [2.0122, 31591.3], [2.0121, 33390.7], [2.012, 31538.3], [2.0119, 30264.2], [2.0118, 68026.2], [2.0117, 33609.7], [2.0116, 39341.2], [2.0115, 65799.4], [2.0114, 39600.0], [2.0113, 33289.5], [2.0112, 30305.7], [2.0111, 93985.8], [2.011, 64461.2], [2.0109, 8263.8]], "asks": [[2.0129, 22012.6], [2.013, 28991.1], [2.0131, 15906.7], [2.0132, 16092.1], [2.0133, 35375.3], [2.0134, 28167.9], [2.0135, 42530.3], [2.0136, 31847.8], [2.0137, 69827.4], [2.0138, 21216.4], [2.0139, 25418.5], [2.014, 7974.5], [2.0141, 25182.9], [2.0142, 38448.3], [2.0143, 28580.6], [2.0144, 28498.4], [2.0145, 35124.7], [2.0146, 30293.6], [2.0147, 45227.8], [2.0148, 17091.9]], "timestamp": "2025-12-11T11:17:48.043935+00:00"}, {"symbol": "XRPUSDT", "bids": [[2.0128, 3368.0], [2.0127, 11357.3], [2.0126, 17967.5], [2.0125, 22028.1], [2.0124, 26324.3], [2.0123, 53178.2], [2.0122, 26300.4], [2.0121, 32458.8], [2.012, 37775.1], [2.0119, 14334.3], [2.0118, 36473.1], [2.0117, 27451.4], [2.0116, 41734.1], [2.0115, 39869.5], [2.0114, 33933.0], [2.0113, 69144.7], [2.0112, 40892.8], [2.0111, 93800.1], [2.011, 57726.2], [2.0109, 12621.4]], "asks": [[2.0129, 36953.9], [2.013, 19959.4], [2.0131, 18349.6], [2.0132, 22305.3], [2.0133, 28525.5], [2.0134, 24314.3], [2.0135, 45420.3], [2.0136, 25075.6], [2.0137, 50417.2], [2.0138, 16887.1], [2.0139, 26473.7], [2.014, 13022.7], [2.0141, 29442.6], [2.0142, 37464.5], [2.0143, 31623.8], [2.0144, 46340.6], [2.0145, 46777.7], [2.0146, 16692.9], [2.0147, 72203.9], [2.0148, 22552.0]], "timestamp": "2025-12-11T11:18:45.096900+00:00"}, {"symbol": "XRPUSDT", "bids": [[2.0132, 7106.7], [2.0131, 12657.9], [2.013, 28776.5], [2.0129, 29753.8], [2.0128, 33214.9], [2.0127, 32787.4], [2.0126, 45570.6], [2.0125, 44682.3], [2.0124, 35223.2], [2.0123, 22786.0], [2.0122, 13187.7], [2.0121, 39431.6], [2.012, 39911.9], [2.0119, 34728.1], [2.0118, 35546.2], [2.0117, 51285.4], [2.0116, 37402.3], [2.0115, 134141.2], [2.0114, 121698.2], [2.0113, 40495.8]], "asks": [[2.0133, 4033.5], [2.0134, 13168.2], [2.0135, 19311.0], [2.0136, 23396.9], [2.0137, 35191.3], [2.0138, 24441.7], [2.0139, 36303.0], [2.014, 27047.0], [2.0141, 23444.2], [2.0142, 33961.0], [2.0143, 33142.7], [2.0144, 29353.8], [2.0145, 36283.1], [2.0146, 16116.7], [2.0147, 46184.8], [2.0148, 33008.6], [2.0149, 40274.3], [2.015, 25294.8], [2.0151, 20842.5], [2.0152, 62266.4]], "timestamp": "2025-12-11T11:19:42.874593+00:00"}, {"symbol": "XRPUSDT", "bids": [[2.0134, 12721.0], [2.0133, 7753.5], [2.0132, 11933.3], [2.0131, 17209.8], [2.013, 36868.4], [2.0129, 37771.7], [2.0128, 28342.9], [2.0127, 27685.3], [2.0126, 36314.1], [2.0125, 41765.7], [2.0124, 38237.4], [2.0123, 24221.5], [2.0122, 31761.4], [2.0121, 44078.4], [2.012, 69152.4], [2.0119, 26202.0], [2.0118, 44759.0], [2.0117, 33659.0], [2.0116, 99245.2], [2.0115, 27153.7]], "asks": [[2.0135, 32840.9], [2.0136, 25822.4], [2.0137, 20853.5], [2.0138, 18208.3], [2.0139, 25991.8], [2.014, 35379.1], [2.0141, 43147.9], [2.0142, 36914.8], [2.0143, 24390.0], [2.0144, 6201.3], [2.0145, 32165.5], [2.0146, 25992.5], [2.0147, 77583.3], [2.0148, 27157.9], [2.0149, 39118.8], [2.015, 21713.5], [2.0151, 18440.6], [2.0152, 60391.6], [2.0153, 77008.7], [2.0154, 25191.9]], "timestamp": "2025-12-11T11:20:41.165225+00:00"}, {"symbol": "XRPUSDT", "bids": [[2.0136, 9820.0], [2.0135, 6966.1], [2.0134, 9706.8], [2.0133, 21537.1], [2.0132, 40165.1], [2.0131, 62689.3], [2.013, 58128.0], [2.0129, 45842.8], [2.0128, 17140.3], [2.0127, 26822.0], [2.0126, 25235.5], [2.0125, 50510.1], [2.0124, 43084.0], [2.0123, 21087.7], [2.0122, 35270.3], [2.0121, 41234.2], [2.012, 45459.8], [2.0119, 29880.8], [2.0118, 51522.6], [2.0117, 33655.2]], "asks": [[2.0137, 18000.0], [2.0138, 15373.8], [2.0139, 28547.2], [2.014, 22832.0], [2.0141, 30904.0], [2.0142, 46267.7], [2.0143, 36944.3], [2.0144, 39513.1], [2.0145, 30877.9], [2.0146, 12144.6], [2.0147, 49297.8], [2.0148, 22084.9], [2.0149, 43691.4], [2.015, 24072.6], [2.0151, 15507.8], [2.0152, 62759.9], [2.0153, 83011.2], [2.0154, 25858.0], [2.0155, 19606.4], [2.0156, 11370.7]], "timestamp": "2025-12-11T11:21:37.215651+00:00"}, {"symbol": "XRPUSDT", "bids": [[2.0139, 29724.1], [2.0138, 34604.2], [2.0137, 29745.7], [2.0136, 20758.9], [2.0135, 10998.9], [2.0134, 22046.5], [2.0133, 38147.6], [2.0132, 41787.8], [2.0131, 32258.1], [2.013, 15449.9], [2.0129, 23305.1], [2.0128, 26056.8], [2.0127, 38134.6], [2.0126, 34217.5], [2.0125, 54562.0], [2.0124, 33600.2], [2.0123, 40011.3], [2.0122, 23407.8], [2.0121, 37945.0], [2.012, 50587.5]], "asks": [[2.014, 7242.7], [2.0141, 13454.4], [2.0142, 29710.5], [2.0143, 51836.4], [2.0144, 38853.9], [2.0145, 41450.6], [2.0146, 39779.5], [2.0147, 75743.3], [2.0148, 27054.6], [2.0149, 24322.8], [2.015, 16193.0], [2.0151, 20156.5], [2.0152, 53988.4], [2.0153, 85846.0], [2.0154, 19741.3], [2.0155, 36548.9], [2.0156, 41238.2], [2.0157, 40638.9], [2.0158, 34173.1], [2.0159, 35013.0]], "timestamp": "2025-12-11T11:22:34.804341+00:00"}, {"symbol": "XRPUSDT", "bids": [[2.016, 8206.0], [2.0159, 9879.2], [2.0158, 22447.6], [2.0157, 30699.7], [2.0156, 33884.9], [2.0155, 44689.7], [2.0154, 66300.2], [2.0153, 55799.2], [2.0152, 35147.6], [2.0151, 36227.1], [2.015, 20494.5], [2.0149, 21215.0], [2.0148, 34050.9], [2.0147, 22487.5], [2.0146, 19547.0], [2.0145, 37569.8], [2.0144, 42929.3], [2.0143, 39561.4], [2.0142, 50706.3], [2.0141, 46385.7]], "asks": [[2.0161, 23853.3], [2.0162, 18229.9], [2.0163, 13059.3], [2.0164, 24340.4], [2.0165, 30700.5], [2.0166, 38675.4], [2.0167, 39671.0], [2.0168, 15071.9], [2.0169, 27646.0], [2.017, 30695.8], [2.0171, 32817.3], [2.0172, 34726.1], [2.0173, 36993.8], [2.0174, 25667.6], [2.0175, 23551.5], [2.0176, 50372.6], [2.0177, 21603.8], [2.0178, 29193.0], [2.0179, 35373.3], [2.018, 93923.2]], "timestamp": "2025-12-11T11:23:35.874818+00:00"}, {"symbol": "XRPUSDT", "bids": [[2.0168, 3708.6], [2.0167, 1937.5], [2.0166, 5943.3], [2.0165, 16187.7], [2.0164, 26432.9], [2.0163, 28513.2], [2.0162, 37371.0], [2.0161, 35577.9], [2.016, 40165.2], [2.0159, 34095.0], [2.0158, 39129.8], [2.0157, 34224.5], [2.0156, 47778.4], [2.0155, 37905.7], [2.0154, 70534.8], [2.0153, 51952.8], [2.0152, 25298.2], [2.0151, 32777.2], [2.015, 29511.2], [2.0149, 98872.6]], "asks": [[2.0169, 48220.4], [2.017, 21409.0], [2.0171, 12602.7], [2.0172, 21600.4], [2.0173, 23856.3], [2.0174, 57925.5], [2.0175, 27990.3], [2.0176, 15832.6], [2.0177, 15264.2], [2.0178, 30064.0], [2.0179, 36862.4], [2.018, 60653.0], [2.0181, 26307.9], [2.0182, 16750.0], [2.0183, 24071.7], [2.0184, 66201.1], [2.0185, 20611.9], [2.0186, 40311.5], [2.0187, 53351.8], [2.0188, 19316.5]], "timestamp": "2025-12-11T11:24:42.197955+00:00"}, {"symbol": "XRPUSDT", "bids": [[2.0157, 17136.8], [2.0156, 27991.5], [2.0155, 38236.4], [2.0154, 18344.8], [2.0153, 27823.5], [2.0152, 23979.0], [2.0151, 27624.1], [2.015, 44708.1], [2.0149, 15544.0], [2.0148, 38456.4], [2.0147, 20657.1], [2.0146, 35202.8], [2.0145, 39234.2], [2.0144, 35390.8], [2.0143, 43059.5], [2.0142, 21407.8], [2.0141, 67609.8], [2.014, 120439.2], [2.0139, 28058.3], [2.0138, 58110.3]], "asks": [[2.0158, 7618.0], [2.0159, 7875.8], [2.016, 20119.7], [2.0161, 34240.3], [2.0162, 32792.8], [2.0163, 51498.6], [2.0164, 65895.3], [2.0165, 38631.6], [2.0166, 107075.8], [2.0167, 12128.0], [2.0168, 29278.9], [2.0169, 46146.8], [2.017, 42670.5], [2.0171, 11442.3], [2.0172, 23273.2], [2.0173, 44967.0], [2.0174, 48400.6], [2.0175, 29855.0], [2.0176, 26207.7], [2.0177, 16440.4]], "timestamp": "2025-12-11T11:25:47.477843+00:00"}, {"symbol": "XRPUSDT", "bids": [[2.0165, 11494.9], [2.0164, 13522.7], [2.0163, 16082.7], [2.0162, 21285.9], [2.0161, 52894.9], [2.016, 31597.2], [2.0159, 36319.1], [2.0158, 16918.4], [2.0157, 22237.5], [2.0156, 35547.3], [2.0155, 44922.6], [2.0154, 42729.7], [2.0153, 37592.3], [2.0152, 26374.1], [2.0151, 41791.4], [2.015, 73710.4], [2.0149, 91478.6], [2.0148, 35246.7], [2.0147, 21252.2], [2.0146, 35810.3]], "asks": [[2.0166, 48305.7], [2.0167, 2919.9], [2.0168, 9354.5], [2.0169, 18891.5], [2.017, 20497.6], [2.0171, 16036.5], [2.0172, 42223.7], [2.0173, 33830.7], [2.0174, 36853.8], [2.0175, 24379.7], [2.0176, 19720.8], [2.0177, 20916.3], [2.0178, 30849.0], [2.0179, 45676.1], [2.018, 55631.4], [2.0181, 34024.9], [2.0182, 20180.5], [2.0183, 26499.2], [2.0184, 22834.6], [2.0185, 26058.0]], "timestamp": "2025-12-11T11:26:44.465929+00:00"}, {"symbol": "XRPUSDT", "bids": [[2.0167, 11390.9], [2.0166, 6760.6], [2.0165, 19660.6], [2.0164, 24506.1], [2.0163, 23560.0], [2.0162, 43705.3], [2.0161, 46820.2], [2.016, 27357.6], [2.0159, 34675.9], [2.0158, 30871.9], [2.0157, 28503.9], [2.0156, 36654.3], [2.0155, 49231.2], [2.0154, 68286.2], [2.0153, 19299.9], [2.0152, 33770.7], [2.0151, 44880.0], [2.015, 58148.5], [2.0149, 86327.7], [2.0148, 42397.1]], "asks": [[2.0168, 31515.7], [2.0169, 17169.6], [2.017, 18881.7], [2.0171, 46311.9], [2.0172, 33977.6], [2.0173, 25778.6], [2.0174, 31893.5], [2.0175, 30733.4], [2.0176, 13709.9], [2.0177, 40607.9], [2.0178, 14491.8], [2.0179, 14665.4], [2.018, 38520.3], [2.0181, 18996.7], [2.0182, 36443.9], [2.0183, 23678.7], [2.0184, 32123.1], [2.0185, 36644.5], [2.0186, 37999.4], [2.0187, 56814.8]], "timestamp": "2025-12-11T11:27:42.821403+00:00"}, {"symbol": "XRPUSDT", "bids": [[2.0158, 14118.9], [2.0157, 27955.6], [2.0156, 27910.8], [2.0155, 36200.2], [2.0154, 25527.3], [2.0153, 39791.4], [2.0152, 25635.5], [2.0151, 25341.4], [2.015, 30214.4], [2.0149, 23949.5], [2.0148, 36479.9], [2.0147, 28858.7], [2.0146, 41944.7], [2.0145, 55645.0], [2.0144, 31558.9], [2.0143, 46334.9], [2.0142, 23067.8], [2.0141, 39180.0], [2.014, 77059.4], [2.0139, 98784.5]], "asks": [[2.0159, 8909.5], [2.016, 13477.3], [2.0161, 15047.9], [2.0162, 40507.7], [2.0163, 28583.4], [2.0164, 26786.7], [2.0165, 26191.8], [2.0166, 51038.6], [2.0167, 28440.8], [2.0168, 17857.5], [2.0169, 21167.3], [2.017, 20359.9], [2.0171, 41204.6], [2.0172, 14182.1], [2.0173, 36548.9], [2.0174, 19278.7], [2.0175, 44148.9], [2.0176, 34590.7], [2.0177, 37400.6], [2.0178, 13216.9]], "timestamp": "2025-12-11T11:28:43.627910+00:00"}, {"symbol": "XRPUSDT", "bids": [[2.0153, 14267.2], [2.0152, 8916.5], [2.0151, 15499.6], [2.015, 27360.8], [2.0149, 33686.9], [2.0148, 44297.5], [2.0147, 27781.1], [2.0146, 26202.3], [2.0145, 37168.0], [2.0144, 32429.9], [2.0143, 36080.9], [2.0142, 26181.2], [2.0141, 41329.1], [2.014, 47465.7], [2.0139, 32066.0], [2.0138, 58076.1], [2.0137, 35999.1], [2.0136, 88845.7], [2.0135, 33255.9], [2.0134, 8033.6]], "asks": [[2.0154, 47901.7], [2.0155, 32903.3], [2.0156, 13580.1], [2.0157, 21301.2], [2.0158, 17760.6], [2.0159, 33239.0], [2.016, 32870.7], [2.0161, 32267.1], [2.0162, 49432.8], [2.0163, 20051.3], [2.0164, 23785.2], [2.0165, 8903.4], [2.0166, 40436.6], [2.0167, 26046.6], [2.0168, 26408.3], [2.0169, 48078.7], [2.017, 24020.7], [2.0171, 39802.1], [2.0172, 14716.0], [2.0173, 36629.3]], "timestamp": "2025-12-11T11:29:44.076534+00:00"}, {"symbol": "XRPUSDT", "bids": [[2.0161, 18127.0], [2.016, 22577.7], [2.0159, 30738.3], [2.0158, 33715.8], [2.0157, 40392.3], [2.0156, 33155.5], [2.0155, 62583.5], [2.0154, 41430.5], [2.0153, 53952.3], [2.0152, 37497.4], [2.0151, 10860.4], [2.015, 31112.2], [2.0149, 21531.9], [2.0148, 38940.5], [2.0147, 28110.1], [2.0146, 53604.7], [2.0145, 34823.1], [2.0144, 36448.3], [2.0143, 106049.1], [2.0142, 23515.3]], "asks": [[2.0162, 24698.4], [2.0163, 5895.2], [2.0164, 16871.6], [2.0165, 21302.2], [2.0166, 33537.4], [2.0167, 27515.8], [2.0168, 23130.1], [2.0169, 26800.1], [2.017, 38256.1], [2.0171, 36049.6], [2.0172, 15190.1], [2.0173, 38148.6], [2.0174, 17237.5], [2.0175, 37186.1], [2.0176, 17570.4], [2.0177, 46122.5], [2.0178, 16741.3], [2.0179, 15962.0], [2.018, 43179.3], [2.0181, 13407.3]], "timestamp": "2025-12-11T11:30:46.643435+00:00"}, {"symbol": "XRPUSDT", "bids": [[2.0157, 1709.6], [2.0156, 8640.9], [2.0155, 11689.4], [2.0154, 17035.3], [2.0153, 17988.2], [2.0152, 32420.8], [2.0151, 27911.4], [2.015, 25167.8], [2.0149, 22064.9], [2.0148, 37969.7], [2.0147, 22424.7], [2.0146, 29263.2], [2.0145, 51968.6], [2.0144, 23085.1], [2.0143, 31144.9], [2.0142, 36249.7], [2.0141, 51669.4], [2.014, 54895.9], [2.0139, 37047.5], [2.0138, 96826.9]], "asks": [[2.0158, 52732.4], [2.0159, 23445.2], [2.016, 43022.2], [2.0161, 48935.6], [2.0162, 49986.6], [2.0163, 17441.8], [2.0164, 29335.0], [2.0165, 21802.9], [2.0166, 38200.1], [2.0167, 18277.2], [2.0168, 15526.6], [2.0169, 17803.2], [2.017, 25269.0], [2.0171, 37427.4], [2.0172, 10987.2], [2.0173, 35530.6], [2.0174, 43384.8], [2.0175, 28821.2], [2.0176, 16241.9], [2.0177, 40266.6]], "timestamp": "2025-12-11T11:31:51.086708+00:00"}, {"symbol": "XRPUSDT", "bids": [[2.0158, 11701.1], [2.0157, 9489.9], [2.0156, 20063.6], [2.0155, 20262.5], [2.0154, 26231.5], [2.0153, 26111.6], [2.0152, 32665.3], [2.0151, 24430.3], [2.015, 24999.1], [2.0149, 20277.2], [2.0148, 41735.6], [2.0147, 24428.5], [2.0146, 36659.1], [2.0145, 48806.8], [2.0144, 34992.0], [2.0143, 31146.8], [2.0142, 29231.4], [2.0141, 50254.0], [2.014, 86305.7], [2.0139, 98733.3]], "asks": [[2.0159, 16840.4], [2.016, 13541.4], [2.0161, 28175.5], [2.0162, 41886.0], [2.0163, 26705.0], [2.0164, 19623.3], [2.0165, 14864.6], [2.0166, 39641.2], [2.0167, 17402.9], [2.0168, 25850.4], [2.0169, 26671.7], [2.017, 25180.2], [2.0171, 37080.6], [2.0172, 10432.1], [2.0173, 38102.8], [2.0174, 47089.4], [2.0175, 28771.7], [2.0176, 19572.2], [2.0177, 36896.5], [2.0178, 75860.0]], "timestamp": "2025-12-11T11:32:51.327117+00:00"}, {"symbol": "XRPUSDT", "bids": [[2.0156, 45587.8], [2.0155, 40403.5], [2.0154, 36681.6], [2.0153, 31507.2], [2.0152, 42585.7], [2.0151, 34458.1], [2.015, 30959.8], [2.0149, 32068.6], [2.0148, 30055.6], [2.0147, 18336.1], [2.0146, 38721.8], [2.0145, 26310.9], [2.0144, 38448.0], [2.0143, 48945.7], [2.0142, 31757.8], [2.0141, 58155.9], [2.014, 38746.3], [2.0139, 24260.4], [2.0138, 48205.2], [2.0137, 26086.1]], "asks": [[2.0157, 404.2], [2.0158, 6557.1], [2.0159, 15354.5], [2.016, 15592.5], [2.0161, 21394.3], [2.0162, 52876.0], [2.0163, 14571.6], [2.0164, 20450.7], [2.0165, 10556.7], [2.0166, 36740.9], [2.0167, 15424.7], [2.0168, 23758.7], [2.0169, 27784.0], [2.017, 26091.8], [2.0171, 37657.0], [2.0172, 22383.0], [2.0173, 60454.5], [2.0174, 17952.3], [2.0175, 29774.5], [2.0176, 22367.3]], "timestamp": "2025-12-11T11:33:49.422927+00:00"}, {"symbol": "XRPUSDT", "bids": [[2.0151, 5336.1], [2.015, 10095.8], [2.0149, 12415.9], [2.0148, 14444.8], [2.0147, 24907.5], [2.0146, 37954.1], [2.0145, 30034.0], [2.0144, 33539.9], [2.0143, 40470.2], [2.0142, 21371.7], [2.0141, 31131.4], [2.014, 24303.1], [2.0139, 40197.4], [2.0138, 42025.0], [2.0137, 23379.8], [2.0136, 44075.3], [2.0135, 34778.5], [2.0134, 24564.0], [2.0133, 44474.9], [2.0132, 151048.4]], "asks": [[2.0152, 19416.9], [2.0153, 22024.4], [2.0154, 27995.3], [2.0155, 27919.3], [2.0156, 43910.6], [2.0157, 25771.0], [2.0158, 22973.3], [2.0159, 36606.8], [2.016, 34051.4], [2.0161, 33880.5], [2.0162, 34824.5], [2.0163, 10680.1], [2.0164, 21624.9], [2.0165, 7837.6], [2.0166, 40567.3], [2.0167, 37760.7], [2.0168, 15866.6], [2.0169, 27831.5], [2.017, 24591.7], [2.0171, 43135.5]], "timestamp": "2025-12-11T11:34:46.937971+00:00"}, {"symbol": "XRPUSDT", "bids": [[2.0158, 30010.5], [2.0157, 14842.0], [2.0156, 28684.7], [2.0155, 27319.5], [2.0154, 26048.0], [2.0153, 35093.3], [2.0152, 36924.6], [2.0151, 20793.0], [2.015, 33258.1], [2.0149, 19254.1], [2.0148, 42677.0], [2.0147, 12756.3], [2.0146, 44201.7], [2.0145, 30585.9], [2.0144, 32053.2], [2.0143, 50599.2], [2.0142, 37988.7], [2.0141, 35707.5], [2.014, 106633.8], [2.0139, 18598.8]], "asks": [[2.0159, 3065.3], [2.016, 7938.4], [2.0161, 20169.4], [2.0162, 32585.0], [2.0163, 21641.0], [2.0164, 30499.5], [2.0165, 18096.5], [2.0166, 37176.4], [2.0167, 16019.8], [2.0168, 25732.4], [2.0169, 31580.6], [2.017, 38319.3], [2.0171, 36252.0], [2.0172, 13102.1], [2.0173, 55038.5], [2.0174, 21771.7], [2.0175, 36573.6], [2.0176, 15591.6], [2.0177, 38336.4], [2.0178, 14783.9]], "timestamp": "2025-12-11T11:35:44.590444+00:00"}, {"symbol": "XRPUSDT", "bids": [[2.0148, 18034.7], [2.0147, 4287.4], [2.0146, 20926.8], [2.0145, 23237.3], [2.0144, 31487.9], [2.0143, 51458.1], [2.0142, 33163.9], [2.0141, 25951.5], [2.014, 22862.6], [2.0139, 28378.0], [2.0138, 37904.5], [2.0137, 61515.5], [2.0136, 33754.9], [2.0135, 37996.6], [2.0134, 23651.6], [2.0133, 33705.4], [2.0132, 42156.2], [2.0131, 39544.8], [2.013, 124839.0], [2.0129, 20185.0]], "asks": [[2.0149, 21576.2], [2.015, 7087.2], [2.0151, 19161.0], [2.0152, 25566.3], [2.0153, 35627.6], [2.0154, 30286.7], [2.0155, 39177.2], [2.0156, 79141.4], [2.0157, 34323.1], [2.0158, 39091.0], [2.0159, 9925.5], [2.016, 22412.8], [2.0161, 42609.7], [2.0162, 42186.5], [2.0163, 25769.6], [2.0164, 17794.3], [2.0165, 7397.1], [2.0166, 35839.4], [2.0167, 16651.8], [2.0168, 39498.8]], "timestamp": "2025-12-11T11:36:45.017407+00:00"}, {"symbol": "XRPUSDT", "bids": [[2.0155, 8230.9], [2.0154, 9146.1], [2.0153, 25888.1], [2.0152, 33791.3], [2.0151, 36700.6], [2.015, 43719.1], [2.0149, 40643.2], [2.0148, 61119.9], [2.0147, 48588.4], [2.0146, 30560.6], [2.0145, 33553.1], [2.0144, 10228.4], [2.0143, 27654.0], [2.0142, 29341.1], [2.0141, 29367.5], [2.014, 41235.6], [2.0139, 29272.3], [2.0138, 25869.2], [2.0137, 83227.1], [2.0136, 115314.4]], "asks": [[2.0156, 17763.5], [2.0157, 8107.3], [2.0158, 16946.5], [2.0159, 28502.5], [2.016, 32533.9], [2.0161, 42213.7], [2.0162, 54244.0], [2.0163, 31322.8], [2.0164, 35201.0], [2.0165, 10395.2], [2.0166, 37703.0], [2.0167, 11944.8], [2.0168, 31115.0], [2.0169, 21848.8], [2.017, 24008.5], [2.0171, 38055.0], [2.0172, 9427.4], [2.0173, 50073.3], [2.0174, 19264.7], [2.0175, 29352.9]], "timestamp": "2025-12-11T11:37:44.812152+00:00"}, {"symbol": "XRPUSDT", "bids": [[2.0161, 22414.5], [2.016, 6075.8], [2.0159, 13082.0], [2.0158, 16949.6], [2.0157, 26845.7], [2.0156, 43595.7], [2.0155, 37250.6], [2.0154, 22066.2], [2.0153, 49150.3], [2.0152, 38526.6], [2.0151, 39250.0], [2.015, 32765.7], [2.0149, 44005.5], [2.0148, 41761.2], [2.0147, 35125.4], [2.0146, 14743.4], [2.0145, 36242.0], [2.0144, 13420.6], [2.0143, 41031.1], [2.0142, 40713.0]], "asks": [[2.0162, 20107.8], [2.0163, 24180.8], [2.0164, 33571.4], [2.0165, 44722.8], [2.0166, 59175.2], [2.0167, 56428.2], [2.0168, 35571.2], [2.0169, 29059.3], [2.017, 17362.4], [2.0171, 16443.3], [2.0172, 32345.6], [2.0173, 16647.1], [2.0174, 30529.9], [2.0175, 24099.8], [2.0176, 15806.5], [2.0177, 44328.2], [2.0178, 12265.6], [2.0179, 24844.9], [2.018, 46010.4], [2.0181, 16084.9]], "timestamp": "2025-12-11T11:38:44.247172+00:00"}, {"symbol": "XRPUSDT", "bids": [[2.0158, 16350.9], [2.0157, 15030.8], [2.0156, 29304.4], [2.0155, 24146.9], [2.0154, 24587.6], [2.0153, 41516.9], [2.0152, 40022.9], [2.0151, 38814.7], [2.015, 25335.0], [2.0149, 28691.1], [2.0148, 39452.8], [2.0147, 32728.1], [2.0146, 28972.2], [2.0145, 31959.6], [2.0144, 50974.1], [2.0143, 38225.6], [2.0142, 38573.3], [2.0141, 47664.3], [2.014, 52524.8], [2.0139, 126131.5]], "asks": [[2.0159, 15401.8], [2.016, 21206.5], [2.0161, 29774.8], [2.0162, 36195.7], [2.0163, 25852.4], [2.0164, 36300.3], [2.0165, 34447.0], [2.0166, 26718.4], [2.0167, 47042.6], [2.0168, 19369.9], [2.0169, 17699.5], [2.017, 19444.7], [2.0171, 14647.7], [2.0172, 34692.9], [2.0173, 28487.6], [2.0174, 34038.7], [2.0175, 21815.3], [2.0176, 25825.3], [2.0177, 52054.8], [2.0178, 24131.5]], "timestamp": "2025-12-11T11:39:43.156992+00:00"}, {"symbol": "XRPUSDT", "bids": [[2.0156, 39449.5], [2.0155, 9021.8], [2.0154, 21839.4], [2.0153, 14791.0], [2.0152, 30977.8], [2.0151, 23299.7], [2.015, 31359.8], [2.0149, 47762.6], [2.0148, 33372.5], [2.0147, 26721.0], [2.0146, 32676.0], [2.0145, 46570.7], [2.0144, 54412.1], [2.0143, 40090.4], [2.0142, 46686.0], [2.0141, 33673.3], [2.014, 58645.6], [2.0139, 138934.1], [2.0138, 15782.5], [2.0137, 64036.1]], "asks": [[2.0157, 13026.4], [2.0158, 6111.8], [2.0159, 17532.5], [2.016, 26748.4], [2.0161, 24060.0], [2.0162, 38457.6], [2.0163, 42495.8], [2.0164, 25772.4], [2.0165, 31703.9], [2.0166, 24687.6], [2.0167, 46796.1], [2.0168, 22701.6], [2.0169, 17721.5], [2.017, 21869.3], [2.0171, 16984.8], [2.0172, 42192.7], [2.0173, 29016.0], [2.0174, 42076.5], [2.0175, 21710.1], [2.0176, 20162.4]], "timestamp": "2025-12-11T11:40:40.999776+00:00"}, {"symbol": "XRPUSDT", "bids": [[2.0148, 14507.0], [2.0147, 14198.1], [2.0146, 20959.8], [2.0145, 48657.3], [2.0144, 27996.9], [2.0143, 21684.4], [2.0142, 36942.7], [2.0141, 30382.0], [2.014, 27128.5], [2.0139, 45920.1], [2.0138, 26247.0], [2.0137, 63107.6], [2.0136, 41216.9], [2.0135, 22939.4], [2.0134, 27762.8], [2.0133, 44439.1], [2.0132, 83538.3], [2.0131, 116686.9], [2.013, 71386.0], [2.0129, 15904.4]], "asks": [[2.0149, 13738.7], [2.015, 13649.3], [2.0151, 14022.5], [2.0152, 31623.6], [2.0153, 31955.3], [2.0154, 71813.0], [2.0155, 58876.2], [2.0156, 30989.9], [2.0157, 26859.5], [2.0158, 23196.7], [2.0159, 17673.9], [2.016, 21299.7], [2.0161, 18381.1], [2.0162, 37311.0], [2.0163, 31545.3], [2.0164, 30928.9], [2.0165, 8967.8], [2.0166, 40584.1], [2.0167, 31843.8], [2.0168, 19634.3]], "timestamp": "2025-12-11T11:41:38.258432+00:00"}, {"symbol": "XRPUSDT", "bids": [[2.0148, 113049.5], [2.0147, 7564.7], [2.0146, 24142.5], [2.0145, 14543.7], [2.0144, 14407.1], [2.0143, 16131.4], [2.0142, 34776.5], [2.0141, 48616.7], [2.014, 42614.8], [2.0139, 37056.5], [2.0138, 22260.4], [2.0137, 60690.1], [2.0136, 47019.5], [2.0135, 29009.8], [2.0134, 31683.4], [2.0133, 38041.7], [2.0132, 52173.2], [2.0131, 67989.5], [2.013, 74101.2], [2.0129, 18059.6]], "asks": [[2.0149, 13145.2], [2.015, 22551.5], [2.0151, 38245.3], [2.0152, 23516.0], [2.0153, 40760.7], [2.0154, 34625.5], [2.0155, 77993.8], [2.0156, 36355.1], [2.0157, 24084.2], [2.0158, 18605.3], [2.0159, 14388.5], [2.016, 20522.6], [2.0161, 19561.1], [2.0162, 37853.2], [2.0163, 28686.2], [2.0164, 22427.5], [2.0165, 21917.7], [2.0166, 43144.6], [2.0167, 34304.6], [2.0168, 27519.2]], "timestamp": "2025-12-11T11:42:35.426235+00:00"}, {"symbol": "XRPUSDT", "bids": [[2.0147, 26912.4], [2.0146, 21443.2], [2.0145, 26781.9], [2.0144, 22637.1], [2.0143, 21743.8], [2.0142, 40132.4], [2.0141, 37277.1], [2.014, 48501.9], [2.0139, 31507.8], [2.0138, 27590.2], [2.0137, 32399.0], [2.0136, 22876.5], [2.0135, 36909.8], [2.0134, 36763.7], [2.0133, 41317.6], [2.0132, 44989.6], [2.0131, 33933.3], [2.013, 189237.6], [2.0129, 19202.0], [2.0128, 27816.5]], "asks": [[2.0148, 7009.2], [2.0149, 8596.9], [2.015, 14196.9], [2.0151, 22731.1], [2.0152, 18516.3], [2.0153, 23891.4], [2.0154, 32966.3], [2.0155, 52503.4], [2.0156, 17272.3], [2.0157, 12760.5], [2.0158, 21176.2], [2.0159, 22350.3], [2.016, 36307.3], [2.0161, 18064.1], [2.0162, 42994.6], [2.0163, 55852.5], [2.0164, 23081.7], [2.0165, 9171.2], [2.0166, 20174.4], [2.0167, 38656.3]], "timestamp": "2025-12-11T11:43:32.263854+00:00"}, {"symbol": "XRPUSDT", "bids": [[2.015, 30508.1], [2.0149, 17742.7], [2.0148, 14638.4], [2.0147, 30732.6], [2.0146, 41756.9], [2.0145, 35266.0], [2.0144, 40487.1], [2.0143, 19394.8], [2.0142, 46826.4], [2.0141, 24542.7], [2.014, 43794.6], [2.0139, 38678.1], [2.0138, 49963.7], [2.0137, 48832.8], [2.0136, 70406.3], [2.0135, 58965.3], [2.0134, 8398.4], [2.0133, 37364.1], [2.0132, 46278.6], [2.0131, 53886.2]], "asks": [[2.0151, 7393.9], [2.0152, 7992.4], [2.0153, 17582.2], [2.0154, 18479.5], [2.0155, 29090.6], [2.0156, 38953.0], [2.0157, 23560.0], [2.0158, 16545.6], [2.0159, 14645.0], [2.016, 23538.6], [2.0161, 25958.9], [2.0162, 37532.3], [2.0163, 26106.3], [2.0164, 21590.8], [2.0165, 21443.8], [2.0166, 45012.0], [2.0167, 29406.7], [2.0168, 18299.9], [2.0169, 21995.5], [2.017, 34294.1]], "timestamp": "2025-12-11T11:44:31.419621+00:00"}, {"symbol": "XRPUSDT", "bids": [[2.0143, 2363.2], [2.0142, 8916.8], [2.0141, 7209.8], [2.014, 25476.4], [2.0139, 25188.3], [2.0138, 29168.9], [2.0137, 46411.5], [2.0136, 47786.5], [2.0135, 39140.5], [2.0134, 16280.2], [2.0133, 29618.6], [2.0132, 45450.4], [2.0131, 40507.5], [2.013, 61231.3], [2.0129, 30938.3], [2.0128, 53052.0], [2.0127, 56009.5], [2.0126, 28145.5], [2.0125, 60272.2], [2.0124, 36529.7]], "asks": [[2.0144, 29814.4], [2.0145, 17489.3], [2.0146, 25452.5], [2.0147, 33177.3], [2.0148, 31351.4], [2.0149, 45969.9], [2.015, 35634.8], [2.0151, 22487.0], [2.0152, 21761.0], [2.0153, 24865.5], [2.0154, 13928.1], [2.0155, 32681.2], [2.0156, 43301.5], [2.0157, 31710.8], [2.0158, 22226.8], [2.0159, 19301.6], [2.016, 46406.7], [2.0161, 44502.7], [2.0162, 36692.2], [2.0163, 30358.0]], "timestamp": "2025-12-11T11:45:30.149067+00:00"}, {"symbol": "XRPUSDT", "bids": [[2.0132, 3497.4], [2.0131, 5496.8], [2.013, 14611.7], [2.0129, 13236.7], [2.0128, 19237.5], [2.0127, 26107.1], [2.0126, 46441.5], [2.0125, 50876.2], [2.0124, 10225.8], [2.0123, 37742.4], [2.0122, 12991.4], [2.0121, 35082.6], [2.012, 32295.7], [2.0119, 42401.1], [2.0118, 37228.0], [2.0117, 29894.6], [2.0116, 21316.7], [2.0115, 53064.1], [2.0114, 25659.8], [2.0113, 25315.2]], "asks": [[2.0133, 57472.1], [2.0134, 44460.9], [2.0135, 52267.4], [2.0136, 51761.9], [2.0137, 45714.3], [2.0138, 57803.4], [2.0139, 89520.9], [2.014, 41514.2], [2.0141, 33799.5], [2.0142, 21686.7], [2.0143, 15173.5], [2.0144, 43234.2], [2.0145, 15555.8], [2.0146, 22128.2], [2.0147, 17331.2], [2.0148, 19374.6], [2.0149, 43715.6], [2.015, 27499.0], [2.0151, 12641.4], [2.0152, 17669.7]], "timestamp": "2025-12-11T11:46:29.855975+00:00"}, {"symbol": "XRPUSDT", "bids": [[2.014, 31116.2], [2.0139, 16279.3], [2.0138, 24484.3], [2.0137, 25935.4], [2.0136, 33064.2], [2.0135, 26806.3], [2.0134, 37852.6], [2.0133, 35689.1], [2.0132, 47793.2], [2.0131, 100109.3], [2.013, 37157.6], [2.0129, 28820.5], [2.0128, 40939.7], [2.0127, 25697.2], [2.0126, 49394.2], [2.0125, 36726.3], [2.0124, 33719.4], [2.0123, 50289.8], [2.0122, 11939.9], [2.0121, 28307.1]], "asks": [[2.0141, 7904.9], [2.0142, 6340.0], [2.0143, 14513.1], [2.0144, 14222.1], [2.0145, 25732.1], [2.0146, 25002.1], [2.0147, 22923.8], [2.0148, 22796.3], [2.0149, 44008.2], [2.015, 20725.1], [2.0151, 22456.3], [2.0152, 19766.1], [2.0153, 42118.0], [2.0154, 18038.5], [2.0155, 29737.4], [2.0156, 35781.6], [2.0157, 10815.7], [2.0158, 19056.0], [2.0159, 18675.2], [2.016, 43345.9]], "timestamp": "2025-12-11T11:47:29.522936+00:00"}, {"symbol": "XRPUSDT", "bids": [[2.0107, 19636.2], [2.0106, 22556.4], [2.0105, 12753.3], [2.0104, 15284.7], [2.0103, 17100.8], [2.0102, 26014.5], [2.0101, 65901.9], [2.01, 76847.1], [2.0099, 43619.0], [2.0098, 10552.2], [2.0097, 24794.9], [2.0096, 51377.6], [2.0095, 48136.9], [2.0094, 12331.0], [2.0093, 21397.7], [2.0092, 50225.5], [2.0091, 18178.1], [2.009, 32116.0], [2.0089, 31089.5], [2.0088, 34827.2]], "asks": [[2.0108, 5577.0], [2.0109, 13702.6], [2.011, 16976.3], [2.0111, 25620.4], [2.0112, 31047.5], [2.0113, 54557.1], [2.0114, 70325.8], [2.0115, 55986.1], [2.0116, 11595.1], [2.0117, 36105.6], [2.0118, 35042.1], [2.0119, 44793.1], [2.012, 24913.3], [2.0121, 29365.9], [2.0122, 24458.6], [2.0123, 22523.9], [2.0124, 14116.6], [2.0125, 25755.2], [2.0126, 25329.8], [2.0127, 60140.9]], "timestamp": "2025-12-11T11:48:26.159340+00:00"}, {"symbol": "XRPUSDT", "bids": [[2.0101, 29941.2], [2.01, 23474.6], [2.0099, 9833.4], [2.0098, 4015.3], [2.0097, 14426.5], [2.0096, 27416.3], [2.0095, 30222.6], [2.0094, 32027.7], [2.0093, 21092.5], [2.0092, 33617.1], [2.0091, 69516.7], [2.009, 32697.6], [2.0089, 17491.9], [2.0088, 35547.0], [2.0087, 36540.8], [2.0086, 43647.9], [2.0085, 46746.9], [2.0084, 59699.9], [2.0083, 32779.1], [2.0082, 20893.9]], "asks": [[2.0102, 21118.2], [2.0103, 25543.3], [2.0104, 30760.4], [2.0105, 34332.5], [2.0106, 51830.6], [2.0107, 24729.7], [2.0108, 46236.8], [2.0109, 42788.8], [2.011, 33263.4], [2.0111, 56374.2], [2.0112, 44194.5], [2.0113, 17462.7], [2.0114, 55175.4], [2.0115, 59114.8], [2.0116, 31595.8], [2.0117, 23426.9], [2.0118, 40019.2], [2.0119, 41419.9], [2.012, 41617.0], [2.0121, 30635.6]], "timestamp": "2025-12-11T11:49:23.081961+00:00"}, {"symbol": "XRPUSDT", "bids": [[2.0087, 4474.2], [2.0086, 8020.1], [2.0085, 19517.0], [2.0084, 20317.8], [2.0083, 25845.2], [2.0082, 19278.8], [2.0081, 30267.3], [2.008, 26501.9], [2.0079, 26105.1], [2.0078, 40856.6], [2.0077, 26467.4], [2.0076, 31018.2], [2.0075, 32163.9], [2.0074, 39051.7], [2.0073, 66970.1], [2.0072, 55613.4], [2.0071, 63047.3], [2.007, 268055.1], [2.0069, 27130.1], [2.0068, 33825.6]], "asks": [[2.0088, 29303.7], [2.0089, 32909.7], [2.009, 32818.1], [2.0091, 34747.2], [2.0092, 31724.4], [2.0093, 23695.0], [2.0094, 26384.4], [2.0095, 41719.3], [2.0096, 43376.3], [2.0097, 33793.7], [2.0098, 47324.3], [2.0099, 9889.9], [2.01, 44818.3], [2.0101, 19732.1], [2.0102, 24394.5], [2.0103, 33126.5], [2.0104, 31142.0], [2.0105, 52227.6], [2.0106, 13312.0], [2.0107, 23403.3]], "timestamp": "2025-12-11T11:50:19.678734+00:00"}, {"symbol": "XRPUSDT", "bids": [[2.0066, 17056.5], [2.0065, 15774.1], [2.0064, 16840.1], [2.0063, 11338.1], [2.0062, 18642.6], [2.0061, 22173.1], [2.006, 23538.8], [2.0059, 32331.7], [2.0058, 56222.1], [2.0057, 43215.5], [2.0056, 51786.4], [2.0055, 30606.1], [2.0054, 42802.2], [2.0053, 33521.9], [2.0052, 19865.1], [2.0051, 49004.4], [2.005, 68287.6], [2.0049, 18439.6], [2.0048, 29494.9], [2.0047, 30690.4]], "asks": [[2.0067, 5930.7], [2.0068, 26137.6], [2.0069, 41672.8], [2.007, 55320.9], [2.0071, 37408.8], [2.0072, 41984.5], [2.0073, 30274.2], [2.0074, 56392.6], [2.0075, 82850.9], [2.0076, 48330.1], [2.0077, 35588.4], [2.0078, 20277.6], [2.0079, 27603.2], [2.008, 44243.1], [2.0081, 13665.1], [2.0082, 18756.0], [2.0083, 22628.7], [2.0084, 34369.3], [2.0085, 36904.0], [2.0086, 41465.2]], "timestamp": "2025-12-11T11:51:17.599230+00:00"}, {"symbol": "XRPUSDT", "bids": [[2.0092, 7833.6], [2.0091, 6364.7], [2.009, 7225.6], [2.0089, 14814.9], [2.0088, 19992.4], [2.0087, 16789.4], [2.0086, 21191.2], [2.0085, 34732.6], [2.0084, 25932.6], [2.0083, 63254.3], [2.0082, 23677.6], [2.0081, 21812.4], [2.008, 12187.3], [2.0079, 27310.6], [2.0078, 39373.6], [2.0077, 37480.0], [2.0076, 30450.1], [2.0075, 24035.2], [2.0074, 29378.6], [2.0073, 47966.0]], "asks": [[2.0093, 36226.7], [2.0094, 35728.2], [2.0095, 26219.1], [2.0096, 28847.1], [2.0097, 28246.1], [2.0098, 27965.8], [2.0099, 30125.8], [2.01, 73448.4], [2.0101, 30174.2], [2.0102, 30705.2], [2.0103, 49308.3], [2.0104, 18876.0], [2.0105, 55296.6], [2.0106, 14636.7], [2.0107, 20680.6], [2.0108, 6006.2], [2.0109, 15461.5], [2.011, 28899.1], [2.0111, 57095.8], [2.0112, 34529.0]], "timestamp": "2025-12-11T11:52:14.520322+00:00"}, {"symbol": "XRPUSDT", "bids": [[2.0089, 5072.7], [2.0088, 7369.3], [2.0087, 14530.7], [2.0086, 17885.6], [2.0085, 13732.5], [2.0084, 29621.3], [2.0083, 44457.0], [2.0082, 26451.3], [2.0081, 24069.7], [2.008, 21409.5], [2.0079, 31595.3], [2.0078, 41983.3], [2.0077, 37441.3], [2.0076, 35120.1], [2.0075, 29830.3], [2.0074, 16796.1], [2.0073, 43854.7], [2.0072, 17971.8], [2.0071, 24475.2], [2.007, 35341.6]], "asks": [[2.009, 33828.8], [2.0091, 29456.7], [2.0092, 21544.0], [2.0093, 21353.7], [2.0094, 30935.0], [2.0095, 45941.2], [2.0096, 24128.4], [2.0097, 26873.7], [2.0098, 28041.6], [2.0099, 12911.7], [2.01, 41842.1], [2.0101, 21544.6], [2.0102, 24299.8], [2.0103, 27779.6], [2.0104, 25284.5], [2.0105, 72602.9], [2.0106, 18503.8], [2.0107, 34197.6], [2.0108, 16574.7], [2.0109, 41213.7]], "timestamp": "2025-12-11T11:53:11.171426+00:00"}, {"symbol": "XRPUSDT", "bids": [[2.0097, 11138.1], [2.0096, 9054.1], [2.0095, 15803.3], [2.0094, 13293.5], [2.0093, 32626.4], [2.0092, 21379.1], [2.0091, 51657.4], [2.009, 54503.5], [2.0089, 15996.1], [2.0088, 15880.9], [2.0087, 23108.9], [2.0086, 19842.7], [2.0085, 15851.1], [2.0084, 28931.1], [2.0083, 64381.3], [2.0082, 17183.1], [2.0081, 33454.6], [2.008, 13487.8], [2.0079, 30364.9], [2.0078, 41918.7]], "asks": [[2.0098, 22629.1], [2.0099, 17099.4], [2.01, 17604.9], [2.0101, 24853.1], [2.0102, 22260.1], [2.0103, 29112.7], [2.0104, 38749.5], [2.0105, 42823.4], [2.0106, 23637.6], [2.0107, 25147.3], [2.0108, 8505.0], [2.0109, 30169.9], [2.011, 26804.4], [2.0111, 48908.9], [2.0112, 28368.2], [2.0113, 17339.1], [2.0114, 36611.8], [2.0115, 52472.4], [2.0116, 107205.4], [2.0117, 31419.3]], "timestamp": "2025-12-11T11:54:07.348701+00:00"}, {"symbol": "XRPUSDT", "bids": [[2.009, 6571.5], [2.0089, 6424.9], [2.0088, 8783.7], [2.0087, 14757.5], [2.0086, 20490.2], [2.0085, 11637.8], [2.0084, 24924.7], [2.0083, 46383.8], [2.0082, 21085.1], [2.0081, 37319.5], [2.008, 28040.0], [2.0079, 24903.9], [2.0078, 40473.6], [2.0077, 42210.9], [2.0076, 45453.8], [2.0075, 18407.8], [2.0074, 11539.7], [2.0073, 44570.7], [2.0072, 17297.3], [2.0071, 25530.7]], "asks": [[2.0091, 44064.9], [2.0092, 27797.8], [2.0093, 12802.6], [2.0094, 32212.7], [2.0095, 27552.9], [2.0096, 38527.6], [2.0097, 38103.4], [2.0098, 43385.2], [2.0099, 41792.2], [2.01, 23339.9], [2.0101, 18688.5], [2.0102, 29340.4], [2.0103, 12787.5], [2.0104, 42577.7], [2.0105, 47095.9], [2.0106, 13305.6], [2.0107, 21159.1], [2.0108, 48174.1], [2.0109, 36605.3], [2.011, 100733.2]], "timestamp": "2025-12-11T11:55:04.103448+00:00"}, {"symbol": "XRPUSDT", "bids": [[2.008, 9072.6], [2.0079, 12253.2], [2.0078, 7909.1], [2.0077, 9099.0], [2.0076, 19881.4], [2.0075, 19843.5], [2.0074, 18786.1], [2.0073, 52283.6], [2.0072, 27502.4], [2.0071, 42731.2], [2.007, 20609.2], [2.0069, 44390.7], [2.0068, 32899.5], [2.0067, 32275.0], [2.0066, 11711.0], [2.0065, 31657.3], [2.0064, 38299.5], [2.0063, 42588.1], [2.0062, 109400.9], [2.0061, 31829.0]], "asks": [[2.0081, 9918.2], [2.0082, 13073.9], [2.0083, 27220.0], [2.0084, 29953.8], [2.0085, 25971.2], [2.0086, 31575.3], [2.0087, 37657.0], [2.0088, 27341.9], [2.0089, 70452.8], [2.009, 18893.4], [2.0091, 30998.0], [2.0092, 6286.9], [2.0093, 31708.4], [2.0094, 53742.4], [2.0095, 21949.2], [2.0096, 17784.3], [2.0097, 11684.8], [2.0098, 33964.5], [2.0099, 44759.0], [2.01, 44424.2]], "timestamp": "2025-12-11T11:56:00.235986+00:00"}, {"symbol": "XRPUSDT", "bids": [[2.007, 44347.4], [2.0069, 11408.4], [2.0068, 8964.4], [2.0067, 14204.8], [2.0066, 10992.4], [2.0065, 20396.9], [2.0064, 32884.0], [2.0063, 46897.6], [2.0062, 41843.0], [2.0061, 45222.9], [2.006, 30326.0], [2.0059, 22646.0], [2.0058, 39469.1], [2.0057, 29185.2], [2.0056, 41901.2], [2.0055, 25882.8], [2.0054, 59793.7], [2.0053, 17871.4], [2.0052, 20875.5], [2.0051, 46867.2]], "asks": [[2.0071, 28051.4], [2.0072, 1402.9], [2.0073, 10310.6], [2.0074, 16676.0], [2.0075, 30019.1], [2.0076, 37716.7], [2.0077, 28997.3], [2.0078, 28278.9], [2.0079, 54731.8], [2.008, 42087.4], [2.0081, 30283.7], [2.0082, 8028.5], [2.0083, 26595.3], [2.0084, 46013.4], [2.0085, 18365.7], [2.0086, 19467.2], [2.0087, 20071.7], [2.0088, 31142.7], [2.0089, 52298.6], [2.009, 28766.8]], "timestamp": "2025-12-11T11:56:55.369999+00:00"}, {"symbol": "XRPUSDT", "bids": [[2.0079, 53585.3], [2.0078, 5707.8], [2.0077, 9955.8], [2.0076, 7035.4], [2.0075, 20091.9], [2.0074, 26337.2], [2.0073, 39772.3], [2.0072, 37219.5], [2.0071, 30768.2], [2.007, 37318.8], [2.0069, 33857.6], [2.0068, 50315.4], [2.0067, 37148.4], [2.0066, 13382.9], [2.0065, 14935.9], [2.0064, 38328.3], [2.0063, 43205.8], [2.0062, 26008.4], [2.0061, 27160.6], [2.006, 32942.1]], "asks": [[2.008, 3113.3], [2.0081, 11279.1], [2.0082, 12228.5], [2.0083, 14855.7], [2.0084, 22856.3], [2.0085, 42522.4], [2.0086, 31796.1], [2.0087, 36133.0], [2.0088, 45429.3], [2.0089, 52233.7], [2.009, 63161.4], [2.0091, 21958.9], [2.0092, 18878.6], [2.0093, 25898.7], [2.0094, 17625.6], [2.0095, 38017.5], [2.0096, 20482.1], [2.0097, 17319.6], [2.0098, 45956.8], [2.0099, 107810.6]], "timestamp": "2025-12-11T11:57:53.411841+00:00"}, {"symbol": "XRPUSDT", "bids": [[2.0079, 23839.0], [2.0078, 4361.7], [2.0077, 4424.8], [2.0076, 9035.2], [2.0075, 23179.0], [2.0074, 28247.4], [2.0073, 41515.4], [2.0072, 21687.4], [2.0071, 34138.3], [2.007, 27836.7], [2.0069, 38959.1], [2.0068, 44968.8], [2.0067, 26345.8], [2.0066, 20258.7], [2.0065, 21759.0], [2.0064, 39847.5], [2.0063, 53774.2], [2.0062, 27997.5], [2.0061, 26498.3], [2.006, 24774.6]], "asks": [[2.008, 43225.7], [2.0081, 7459.8], [2.0082, 23633.3], [2.0083, 34171.2], [2.0084, 28264.5], [2.0085, 24684.7], [2.0086, 33205.2], [2.0087, 35325.4], [2.0088, 44971.2], [2.0089, 73615.2], [2.009, 33255.5], [2.0091, 18093.1], [2.0092, 27553.5], [2.0093, 19333.3], [2.0094, 22502.3], [2.0095, 56887.3], [2.0096, 18439.6], [2.0097, 12970.0], [2.0098, 40351.3], [2.0099, 33566.9]], "timestamp": "2025-12-11T11:58:52.267152+00:00"}, {"symbol": "XRPUSDT", "bids": [[2.0073, 19913.6], [2.0072, 8556.3], [2.0071, 12825.4], [2.007, 16544.8], [2.0069, 21918.9], [2.0068, 42335.3], [2.0067, 9775.1], [2.0066, 25994.0], [2.0065, 26189.5], [2.0064, 47056.8], [2.0063, 52042.5], [2.0062, 28138.7], [2.0061, 24664.4], [2.006, 21449.4], [2.0059, 27888.6], [2.0058, 40538.6], [2.0057, 26311.3], [2.0056, 24277.3], [2.0055, 23490.8], [2.0054, 39616.8]], "asks": [[2.0074, 9887.8], [2.0075, 14357.6], [2.0076, 32399.3], [2.0077, 20126.3], [2.0078, 35571.9], [2.0079, 33440.7], [2.008, 31439.0], [2.0081, 54691.3], [2.0082, 18906.1], [2.0083, 60936.8], [2.0084, 46130.0], [2.0085, 24087.8], [2.0086, 28443.4], [2.0087, 17110.5], [2.0088, 32156.5], [2.0089, 45242.7], [2.009, 53587.8], [2.0091, 50243.5], [2.0092, 46056.9], [2.0093, 25710.5]], "timestamp": "2025-12-11T11:59:47.733312+00:00"}, {"symbol": "XRPUSDT", "bids": [[2.0063, 10068.8], [2.0062, 6146.6], [2.0061, 21378.7], [2.006, 16645.7], [2.0059, 22314.7], [2.0058, 19409.4], [2.0057, 23869.1], [2.0056, 32189.1], [2.0055, 67008.5], [2.0054, 31988.2], [2.0053, 17627.5], [2.0052, 25859.2], [2.0051, 40704.9], [2.005, 62080.2], [2.0049, 39053.1], [2.0048, 41905.1], [2.0047, 24375.7], [2.0046, 14353.9], [2.0045, 46207.5], [2.0044, 24157.6]], "asks": [[2.0064, 18288.8], [2.0065, 15066.2], [2.0066, 30555.5], [2.0067, 38255.1], [2.0068, 28783.0], [2.0069, 23373.7], [2.007, 39056.6], [2.0071, 40110.5], [2.0072, 49778.2], [2.0073, 10481.5], [2.0074, 47071.8], [2.0075, 23108.8], [2.0076, 26435.3], [2.0077, 22772.5], [2.0078, 28968.0], [2.0079, 60174.9], [2.008, 16393.7], [2.0081, 33927.2], [2.0082, 12855.8], [2.0083, 44043.7]], "timestamp": "2025-12-11T12:00:45.255908+00:00"}, {"symbol": "XRPUSDT", "bids": [[2.0075, 16048.6], [2.0074, 11673.2], [2.0073, 9273.3], [2.0072, 13750.9], [2.0071, 28915.2], [2.007, 17802.8], [2.0069, 18953.9], [2.0068, 29388.9], [2.0067, 44881.1], [2.0066, 53548.9], [2.0065, 37452.0], [2.0064, 26133.9], [2.0063, 11615.7], [2.0062, 54288.4], [2.0061, 41924.2], [2.006, 30844.4], [2.0059, 12071.9], [2.0058, 26820.4], [2.0057, 37094.1], [2.0056, 36104.3]], "asks": [[2.0076, 16721.4], [2.0077, 8933.4], [2.0078, 22539.2], [2.0079, 26031.0], [2.008, 22840.2], [2.0081, 29544.3], [2.0082, 30200.5], [2.0083, 49430.0], [2.0084, 47362.1], [2.0085, 28080.0], [2.0086, 28400.0], [2.0087, 36524.7], [2.0088, 28224.2], [2.0089, 42503.1], [2.009, 53184.7], [2.0091, 37879.3], [2.0092, 20115.8], [2.0093, 40411.5], [2.0094, 15413.9], [2.0095, 45390.8]], "timestamp": "2025-12-11T12:01:42.384169+00:00"}, {"symbol": "XRPUSDT", "bids": [[2.0065, 21513.2], [2.0064, 19467.9], [2.0063, 23808.4], [2.0062, 36429.6], [2.0061, 60656.8], [2.006, 26494.1], [2.0059, 27348.2], [2.0058, 41042.9], [2.0057, 36947.0], [2.0056, 46837.9], [2.0055, 51508.7], [2.0054, 8159.8], [2.0053, 23809.6], [2.0052, 34243.8], [2.0051, 41622.2], [2.005, 68562.2], [2.0049, 16403.7], [2.0048, 27703.0], [2.0047, 33590.0], [2.0046, 38109.7]], "asks": [[2.0066, 12824.0], [2.0067, 5211.1], [2.0068, 9304.5], [2.0069, 18839.2], [2.007, 27585.5], [2.0071, 25454.7], [2.0072, 32645.4], [2.0073, 30157.9], [2.0074, 52676.2], [2.0075, 50890.3], [2.0076, 19050.3], [2.0077, 17942.9], [2.0078, 26613.9], [2.0079, 45412.5], [2.008, 11762.7], [2.0081, 19261.7], [2.0082, 14203.4], [2.0083, 28722.3], [2.0084, 41805.6], [2.0085, 29832.3]], "timestamp": "2025-12-11T12:02:39.279676+00:00"}, {"symbol": "XRPUSDT", "bids": [[2.007, 27009.0], [2.0069, 6780.3], [2.0068, 24745.9], [2.0067, 30888.4], [2.0066, 28704.5], [2.0065, 44358.1], [2.0064, 14554.6], [2.0063, 30632.4], [2.0062, 37120.4], [2.0061, 61074.1], [2.006, 47413.6], [2.0059, 29814.4], [2.0058, 18595.9], [2.0057, 33623.1], [2.0056, 31786.1], [2.0055, 53801.6], [2.0054, 17231.7], [2.0053, 32005.4], [2.0052, 53129.6], [2.0051, 34981.1]], "asks": [[2.0071, 6775.9], [2.0072, 9029.2], [2.0073, 26190.1], [2.0074, 40378.9], [2.0075, 52407.9], [2.0076, 31816.0], [2.0077, 23493.8], [2.0078, 30504.1], [2.0079, 22876.9], [2.008, 23667.3], [2.0081, 26985.9], [2.0082, 13979.1], [2.0083, 35971.3], [2.0084, 35677.1], [2.0085, 23736.9], [2.0086, 26766.9], [2.0087, 18390.7], [2.0088, 23816.0], [2.0089, 53990.5], [2.009, 68009.0]], "timestamp": "2025-12-11T12:03:36.785274+00:00"}, {"symbol": "XRPUSDT", "bids": [[2.0072, 5895.8], [2.0071, 14846.3], [2.007, 9977.8], [2.0069, 12509.1], [2.0068, 16457.5], [2.0067, 28426.8], [2.0066, 32486.5], [2.0065, 43670.7], [2.0064, 32622.4], [2.0063, 36233.7], [2.0062, 43519.5], [2.0061, 41815.9], [2.006, 39319.8], [2.0059, 23781.0], [2.0058, 20362.6], [2.0057, 32180.7], [2.0056, 27558.2], [2.0055, 43449.1], [2.0054, 33649.4], [2.0053, 94870.1]], "asks": [[2.0073, 26529.1], [2.0074, 20996.7], [2.0075, 31449.2], [2.0076, 37409.8], [2.0077, 36326.0], [2.0078, 47187.4], [2.0079, 34163.6], [2.008, 49037.7], [2.0081, 47532.8], [2.0082, 48340.1], [2.0083, 77201.6], [2.0084, 30760.9], [2.0085, 27393.5], [2.0086, 17895.0], [2.0087, 14129.1], [2.0088, 17017.9], [2.0089, 44867.9], [2.009, 77777.6], [2.0091, 28687.5], [2.0092, 16484.8]], "timestamp": "2025-12-11T12:04:34.336292+00:00"}, {"symbol": "XRPUSDT", "bids": [[2.0067, 31807.0], [2.0066, 29639.5], [2.0065, 15334.9], [2.0064, 8477.0], [2.0063, 16593.0], [2.0062, 25055.2], [2.0061, 37145.8], [2.006, 47501.9], [2.0059, 33159.2], [2.0058, 20800.1], [2.0057, 31224.6], [2.0056, 34329.2], [2.0055, 43174.3], [2.0054, 17303.1], [2.0053, 32166.2], [2.0052, 44107.2], [2.0051, 43245.6], [2.005, 81877.5], [2.0049, 14575.1], [2.0048, 34608.0]], "asks": [[2.0068, 1204.5], [2.0069, 5528.9], [2.007, 22905.3], [2.0071, 20455.9], [2.0072, 35303.2], [2.0073, 37156.9], [2.0074, 29824.8], [2.0075, 27812.8], [2.0076, 36103.1], [2.0077, 46153.9], [2.0078, 22677.8], [2.0079, 16034.7], [2.008, 10752.8], [2.0081, 24505.7], [2.0082, 35876.4], [2.0083, 30400.7], [2.0084, 14545.9], [2.0085, 21527.1], [2.0086, 42095.7], [2.0087, 22793.3]], "timestamp": "2025-12-11T12:05:31.548939+00:00"}, {"symbol": "XRPUSDT", "bids": [[2.0071, 18295.6], [2.007, 424.2], [2.0069, 7124.7], [2.0068, 15381.9], [2.0067, 24939.2], [2.0066, 31056.3], [2.0065, 34746.3], [2.0064, 27018.7], [2.0063, 24164.3], [2.0062, 25704.6], [2.0061, 41217.3], [2.006, 37907.9], [2.0059, 25083.9], [2.0058, 21828.1], [2.0057, 41550.0], [2.0056, 47943.5], [2.0055, 41290.6], [2.0054, 20587.9], [2.0053, 44473.3], [2.0052, 104271.7]], "asks": [[2.0072, 19999.9], [2.0073, 10817.4], [2.0074, 23643.2], [2.0075, 23296.7], [2.0076, 32477.6], [2.0077, 18918.9], [2.0078, 30153.4], [2.0079, 29873.0], [2.008, 18542.4], [2.0081, 30038.3], [2.0082, 39141.0], [2.0083, 34967.2], [2.0084, 16879.8], [2.0085, 21481.0], [2.0086, 30406.7], [2.0087, 18623.6], [2.0088, 21901.7], [2.0089, 36274.2], [2.009, 85565.4], [2.0091, 19810.6]], "timestamp": "2025-12-11T12:06:26.864438+00:00"}, {"symbol": "XRPUSDT", "bids": [[2.0045, 40005.2], [2.0044, 13587.9], [2.0043, 10211.6], [2.0042, 14329.2], [2.0041, 27302.9], [2.004, 25360.9], [2.0039, 47125.5], [2.0038, 71226.0], [2.0037, 74433.3], [2.0036, 51100.8], [2.0035, 41640.3], [2.0034, 30411.1], [2.0033, 43618.3], [2.0032, 30369.6], [2.0031, 34373.6], [2.003, 20119.5], [2.0029, 40415.4], [2.0028, 18291.1], [2.0027, 35803.2], [2.0026, 25710.6]], "asks": [[2.0046, 3015.8], [2.0047, 7597.6], [2.0048, 18831.1], [2.0049, 22352.4], [2.005, 21212.9], [2.0051, 26597.3], [2.0052, 29939.2], [2.0053, 28455.0], [2.0054, 28314.0], [2.0055, 42898.5], [2.0056, 17610.8], [2.0057, 48485.6], [2.0058, 11983.5], [2.0059, 21086.3], [2.006, 16303.9], [2.0061, 30152.8], [2.0062, 48217.0], [2.0063, 14335.1], [2.0064, 27002.2], [2.0065, 30872.9]], "timestamp": "2025-12-11T12:07:22.359794+00:00"}, {"symbol": "XRPUSDT", "bids": [[2.0043, 24604.5], [2.0042, 7254.0], [2.0041, 13930.7], [2.004, 10059.8], [2.0039, 23085.3], [2.0038, 56005.9], [2.0037, 68957.4], [2.0036, 41155.5], [2.0035, 43672.3], [2.0034, 41870.4], [2.0033, 64048.4], [2.0032, 28803.2], [2.0031, 24503.3], [2.003, 14641.9], [2.0029, 55338.6], [2.0028, 19396.3], [2.0027, 27224.8], [2.0026, 30526.3], [2.0025, 63589.4], [2.0024, 97969.6]], "asks": [[2.0044, 14567.6], [2.0045, 14868.5], [2.0046, 18118.6], [2.0047, 15831.1], [2.0048, 19618.6], [2.0049, 30902.7], [2.005, 23878.7], [2.0051, 32332.2], [2.0052, 29090.9], [2.0053, 38021.3], [2.0054, 19024.5], [2.0055, 20973.3], [2.0056, 31790.7], [2.0057, 43104.9], [2.0058, 17740.2], [2.0059, 22645.9], [2.006, 40349.5], [2.0061, 41601.5], [2.0062, 54628.1], [2.0063, 20600.2]], "timestamp": "2025-12-11T12:08:17.364919+00:00"}, {"symbol": "XRPUSDT", "bids": [[2.0043, 9150.5], [2.0042, 7310.6], [2.0041, 10219.4], [2.004, 15444.8], [2.0039, 25059.4], [2.0038, 47796.4], [2.0037, 67409.9], [2.0036, 42953.7], [2.0035, 46349.9], [2.0034, 29703.7], [2.0033, 40557.3], [2.0032, 29767.9], [2.0031, 35161.1], [2.003, 12813.3], [2.0029, 47031.7], [2.0028, 20249.5], [2.0027, 28328.5], [2.0026, 28164.5], [2.0025, 34448.4], [2.0024, 129034.0]], "asks": [[2.0044, 23648.0], [2.0045, 19837.9], [2.0046, 23791.6], [2.0047, 35233.8], [2.0048, 22691.4], [2.0049, 32356.0], [2.005, 45387.0], [2.0051, 36979.4], [2.0052, 45866.4], [2.0053, 58839.2], [2.0054, 19678.8], [2.0055, 23831.7], [2.0056, 12613.3], [2.0057, 49156.4], [2.0058, 9724.4], [2.0059, 20195.2], [2.006, 62255.2], [2.0061, 24776.9], [2.0062, 50585.8], [2.0063, 20712.9]], "timestamp": "2025-12-11T12:09:13.208398+00:00"}, {"symbol": "XRPUSDT", "bids": [[2.0041, 25925.0], [2.004, 10174.3], [2.0039, 15693.7], [2.0038, 43284.2], [2.0037, 64508.1], [2.0036, 13513.0], [2.0035, 22977.2], [2.0034, 34122.1], [2.0033, 48103.2], [2.0032, 49371.6], [2.0031, 27591.0], [2.003, 19749.6], [2.0029, 35122.9], [2.0028, 23554.9], [2.0027, 27770.6], [2.0026, 56383.2], [2.0025, 43758.8], [2.0024, 33628.9], [2.0023, 113201.1], [2.0022, 22986.0]], "asks": [[2.0042, 2281.2], [2.0043, 11002.8], [2.0044, 26657.6], [2.0045, 22534.5], [2.0046, 32174.9], [2.0047, 31732.5], [2.0048, 36007.1], [2.0049, 62249.9], [2.005, 37211.2], [2.0051, 17926.1], [2.0052, 47366.8], [2.0053, 30833.1], [2.0054, 21699.5], [2.0055, 28797.8], [2.0056, 12911.0], [2.0057, 43850.4], [2.0058, 12749.2], [2.0059, 29883.4], [2.006, 72375.2], [2.0061, 26972.1]], "timestamp": "2025-12-11T12:10:07.855387+00:00"}, {"symbol": "XRPUSDT", "bids": [[2.0036, 4021.8], [2.0035, 11473.6], [2.0034, 11211.8], [2.0033, 28847.1], [2.0032, 32014.3], [2.0031, 24053.9], [2.003, 24360.6], [2.0029, 46277.2], [2.0028, 29987.4], [2.0027, 37046.9], [2.0026, 34001.9], [2.0025, 30393.5], [2.0024, 30607.2], [2.0023, 106577.8], [2.0022, 33922.2], [2.0021, 30347.2], [2.002, 30682.4], [2.0019, 13694.2], [2.0018, 27803.2], [2.0017, 44400.0]], "asks": [[2.0037, 34206.9], [2.0038, 12461.5], [2.0039, 18448.6], [2.004, 30406.4], [2.0041, 36637.3], [2.0042, 48305.5], [2.0043, 35236.6], [2.0044, 36380.8], [2.0045, 30515.7], [2.0046, 43372.8], [2.0047, 55468.2], [2.0048, 30712.1], [2.0049, 15260.9], [2.005, 20353.5], [2.0051, 20204.5], [2.0052, 51605.6], [2.0053, 26339.9], [2.0054, 13802.6], [2.0055, 30644.7], [2.0056, 13494.3]], "timestamp": "2025-12-11T12:11:02.527617+00:00"}, {"symbol": "XRPUSDT", "bids": [[2.0042, 29982.9], [2.0041, 14431.2], [2.004, 21763.0], [2.0039, 22867.5], [2.0038, 17491.4], [2.0037, 46646.4], [2.0036, 35691.8], [2.0035, 39059.0], [2.0034, 25221.3], [2.0033, 41690.4], [2.0032, 40616.6], [2.0031, 22770.5], [2.003, 17911.3], [2.0029, 29864.8], [2.0028, 34586.5], [2.0027, 41020.6], [2.0026, 33217.8], [2.0025, 31776.8], [2.0024, 36560.4], [2.0023, 111684.1]], "asks": [[2.0043, 6368.6], [2.0044, 13276.4], [2.0045, 22995.8], [2.0046, 32510.6], [2.0047, 18118.2], [2.0048, 34346.8], [2.0049, 31017.5], [2.005, 26684.4], [2.0051, 31573.8], [2.0052, 44063.2], [2.0053, 35687.2], [2.0054, 27504.6], [2.0055, 36343.9], [2.0056, 28929.7], [2.0057, 43683.0], [2.0058, 21664.4], [2.0059, 31294.5], [2.006, 73384.2], [2.0061, 22172.0], [2.0062, 56642.6]], "timestamp": "2025-12-11T12:11:58.432334+00:00"}, {"symbol": "XRPUSDT", "bids": [[2.0045, 38339.3], [2.0044, 35021.1], [2.0043, 13452.4], [2.0042, 19550.4], [2.0041, 42467.9], [2.004, 32227.6], [2.0039, 43644.3], [2.0038, 27941.5], [2.0037, 63606.9], [2.0036, 51709.2], [2.0035, 26534.8], [2.0034, 19348.2], [2.0033, 39097.0], [2.0032, 39089.0], [2.0031, 33212.3], [2.003, 24462.4], [2.0029, 33837.0], [2.0028, 28155.0], [2.0027, 48167.6], [2.0026, 36739.2]], "asks": [[2.0046, 3053.6], [2.0047, 8353.6], [2.0048, 17277.0], [2.0049, 14565.7], [2.005, 16223.7], [2.0051, 14116.4], [2.0052, 25761.0], [2.0053, 47404.4], [2.0054, 47051.4], [2.0055, 29949.7], [2.0056, 2997.0], [2.0057, 21197.0], [2.0058, 18282.9], [2.0059, 37987.9], [2.006, 43524.8], [2.0061, 26479.7], [2.0062, 53364.1], [2.0063, 21789.8], [2.0064, 30658.4], [2.0065, 73451.1]], "timestamp": "2025-12-11T12:12:53.410818+00:00"}, {"symbol": "XRPUSDT", "bids": [[2.0038, 14939.9], [2.0037, 8641.5], [2.0036, 36156.5], [2.0035, 19427.3], [2.0034, 22659.7], [2.0033, 37675.7], [2.0032, 21084.3], [2.0031, 43557.0], [2.003, 70981.5], [2.0029, 44430.7], [2.0028, 56529.4], [2.0027, 35270.4], [2.0026, 11840.0], [2.0025, 49744.1], [2.0024, 18174.3], [2.0023, 58285.3], [2.0022, 11872.2], [2.0021, 32366.5], [2.002, 42200.7], [2.0019, 19474.5]], "asks": [[2.0039, 30080.6], [2.004, 14828.0], [2.0041, 12520.3], [2.0042, 19138.4], [2.0043, 27221.0], [2.0044, 26486.7], [2.0045, 23710.8], [2.0046, 27255.6], [2.0047, 26280.3], [2.0048, 42833.8], [2.0049, 36880.1], [2.005, 23439.6], [2.0051, 18381.9], [2.0052, 27998.2], [2.0053, 27232.3], [2.0054, 47337.1], [2.0055, 25697.5], [2.0056, 7766.2], [2.0057, 46853.9], [2.0058, 85188.6]], "timestamp": "2025-12-11T12:13:48.800381+00:00"}, {"symbol": "XRPUSDT", "bids": [[2.0033, 10785.8], [2.0032, 10459.4], [2.0031, 24828.4], [2.003, 54286.8], [2.0029, 15049.5], [2.0028, 41056.9], [2.0027, 41740.8], [2.0026, 33219.3], [2.0025, 33902.3], [2.0024, 47638.8], [2.0023, 46611.5], [2.0022, 12693.2], [2.0021, 37532.9], [2.002, 48847.3], [2.0019, 31688.2], [2.0018, 29282.3], [2.0017, 28719.3], [2.0016, 36026.6], [2.0015, 62853.9], [2.0014, 32649.1]], "asks": [[2.0034, 43277.5], [2.0035, 15353.8], [2.0036, 41267.5], [2.0037, 34992.4], [2.0038, 13813.7], [2.0039, 20502.4], [2.004, 32349.9], [2.0041, 43539.4], [2.0042, 28151.9], [2.0043, 27799.6], [2.0044, 44561.1], [2.0045, 5725.6], [2.0046, 24799.6], [2.0047, 25207.2], [2.0048, 35186.2], [2.0049, 33518.5], [2.005, 22652.7], [2.0051, 41517.6], [2.0052, 92570.2], [2.0053, 29626.7]], "timestamp": "2025-12-11T12:14:44.106476+00:00"}, {"symbol": "XRPUSDT", "bids": [[2.0045, 9396.9], [2.0044, 4301.6], [2.0043, 12135.1], [2.0042, 10234.3], [2.0041, 28354.1], [2.004, 29873.1], [2.0039, 40837.2], [2.0038, 70748.9], [2.0037, 77108.7], [2.0036, 44758.3], [2.0035, 35783.0], [2.0034, 27501.9], [2.0033, 58264.4], [2.0032, 38941.8], [2.0031, 35437.6], [2.003, 71570.6], [2.0029, 27215.2], [2.0028, 41822.2], [2.0027, 36548.8], [2.0026, 12558.4]], "asks": [[2.0046, 30760.3], [2.0047, 13086.0], [2.0048, 22388.4], [2.0049, 28094.9], [2.005, 25694.4], [2.0051, 29780.7], [2.0052, 28650.8], [2.0053, 37327.5], [2.0054, 50034.5], [2.0055, 24903.0], [2.0056, 9930.9], [2.0057, 22619.0], [2.0058, 26376.5], [2.0059, 42463.4], [2.006, 27148.3], [2.0061, 27966.3], [2.0062, 72384.4], [2.0063, 136503.4], [2.0064, 22951.6], [2.0065, 6499.3]], "timestamp": "2025-12-11T12:15:38.627939+00:00"}, {"symbol": "XRPUSDT", "bids": [[2.0044, 5765.7], [2.0043, 7540.9], [2.0042, 21080.0], [2.0041, 36215.1], [2.004, 42875.8], [2.0039, 54024.7], [2.0038, 49265.3], [2.0037, 43180.3], [2.0036, 34729.8], [2.0035, 30317.7], [2.0034, 32737.4], [2.0033, 64741.8], [2.0032, 38424.2], [2.0031, 39452.2], [2.003, 70099.1], [2.0029, 26751.5], [2.0028, 46797.1], [2.0027, 38531.3], [2.0026, 21930.0], [2.0025, 33796.9]], "asks": [[2.0045, 38565.4], [2.0046, 28507.9], [2.0047, 18121.1], [2.0048, 6144.1], [2.0049, 19049.5], [2.005, 19149.3], [2.0051, 24862.0], [2.0052, 26646.7], [2.0053, 42631.8], [2.0054, 67651.8], [2.0055, 27159.2], [2.0056, 5415.4], [2.0057, 20903.3], [2.0058, 16591.2], [2.0059, 23202.8], [2.006, 26715.2], [2.0061, 30920.9], [2.0062, 53161.0], [2.0063, 46998.1], [2.0064, 76462.9]], "timestamp": "2025-12-11T12:16:33.728191+00:00"}, {"symbol": "XRPUSDT", "bids": [[2.0044, 25660.8], [2.0043, 20528.5], [2.0042, 15148.5], [2.0041, 30188.6], [2.004, 78603.8], [2.0039, 20931.6], [2.0038, 53907.0], [2.0037, 49470.1], [2.0036, 40863.3], [2.0035, 25682.8], [2.0034, 24235.4], [2.0033, 64010.7], [2.0032, 31546.6], [2.0031, 39154.3], [2.003, 61223.6], [2.0029, 19841.5], [2.0028, 46786.6], [2.0027, 30283.1], [2.0026, 12714.9], [2.0025, 30329.4]], "asks": [[2.0045, 11519.4], [2.0046, 11259.9], [2.0047, 15157.8], [2.0048, 20928.9], [2.0049, 25815.1], [2.005, 28040.4], [2.0051, 26628.7], [2.0052, 22913.4], [2.0053, 31272.3], [2.0054, 58912.8], [2.0055, 27851.3], [2.0056, 4308.2], [2.0057, 16814.2], [2.0058, 27404.1], [2.0059, 24570.8], [2.006, 32422.7], [2.0061, 45379.5], [2.0062, 50656.1], [2.0063, 28470.5], [2.0064, 86600.0]], "timestamp": "2025-12-11T12:17:30.235947+00:00"}, {"symbol": "XRPUSDT", "bids": [[2.0049, 17238.1], [2.0048, 4669.8], [2.0047, 10066.0], [2.0046, 10151.2], [2.0045, 15628.7], [2.0044, 16799.7], [2.0043, 24193.3], [2.0042, 19120.5], [2.0041, 33552.3], [2.004, 74986.0], [2.0039, 12453.8], [2.0038, 50034.6], [2.0037, 32556.6], [2.0036, 17872.8], [2.0035, 21068.5], [2.0034, 23051.4], [2.0033, 55616.5], [2.0032, 17194.1], [2.0031, 24434.5], [2.003, 42189.1]], "asks": [[2.005, 30981.5], [2.0051, 18396.6], [2.0052, 31399.0], [2.0053, 54627.7], [2.0054, 31491.9], [2.0055, 30397.6], [2.0056, 22180.1], [2.0057, 53232.2], [2.0058, 24446.2], [2.0059, 15406.9], [2.006, 24682.6], [2.0061, 44645.5], [2.0062, 75428.3], [2.0063, 19807.4], [2.0064, 12617.5], [2.0065, 12263.5], [2.0066, 19543.5], [2.0067, 39025.5], [2.0068, 45081.8], [2.0069, 91413.8]], "timestamp": "2025-12-11T12:18:25.258045+00:00"}, {"symbol": "XRPUSDT", "bids": [[2.0037, 31576.4], [2.0036, 13675.0], [2.0035, 15384.0], [2.0034, 18526.9], [2.0033, 40813.8], [2.0032, 33274.7], [2.0031, 35349.2], [2.003, 60293.7], [2.0029, 20798.0], [2.0028, 42359.5], [2.0027, 32919.0], [2.0026, 10073.2], [2.0025, 28797.8], [2.0024, 35252.4], [2.0023, 41612.2], [2.0022, 30622.9], [2.0021, 35043.7], [2.002, 34984.2], [2.0019, 31954.6], [2.0018, 38225.0]], "asks": [[2.0038, 18834.6], [2.0039, 22053.7], [2.004, 8157.8], [2.0041, 13341.3], [2.0042, 25371.7], [2.0043, 22795.9], [2.0044, 28452.8], [2.0045, 44477.9], [2.0046, 30085.8], [2.0047, 71355.9], [2.0048, 33601.7], [2.0049, 7924.5], [2.005, 17099.4], [2.0051, 21063.1], [2.0052, 46244.6], [2.0053, 14149.3], [2.0054, 19654.8], [2.0055, 23404.6], [2.0056, 39640.7], [2.0057, 139984.3]], "timestamp": "2025-12-11T12:19:20.035661+00:00"}, {"symbol": "XRPUSDT", "bids": [[2.0046, 58818.8], [2.0045, 40420.7], [2.0044, 34751.8], [2.0043, 8865.7], [2.0042, 11195.3], [2.0041, 18345.7], [2.004, 39073.4], [2.0039, 77268.8], [2.0038, 35498.4], [2.0037, 24477.4], [2.0036, 21018.3], [2.0035, 20321.9], [2.0034, 19703.1], [2.0033, 42919.3], [2.0032, 23424.7], [2.0031, 36957.3], [2.003, 47655.7], [2.0029, 27429.8], [2.0028, 61677.4], [2.0027, 45784.4]], "asks": [[2.0047, 254.7], [2.0048, 13731.4], [2.0049, 13565.5], [2.005, 20278.8], [2.0051, 30004.8], [2.0052, 7410.2], [2.0053, 19128.5], [2.0054, 19344.3], [2.0055, 18987.6], [2.0056, 48854.7], [2.0057, 34832.9], [2.0058, 23787.2], [2.0059, 22956.4], [2.006, 41936.1], [2.0061, 40214.7], [2.0062, 51190.1], [2.0063, 19813.7], [2.0064, 25538.0], [2.0065, 7330.2], [2.0066, 17068.6]], "timestamp": "2025-12-11T12:20:15.091948+00:00"}, {"symbol": "XRPUSDT", "bids": [[2.0071, 25816.4], [2.007, 19932.0], [2.0069, 17974.9], [2.0068, 28300.0], [2.0067, 32915.6], [2.0066, 40704.1], [2.0065, 23740.1], [2.0064, 57543.8], [2.0063, 21957.6], [2.0062, 29879.8], [2.0061, 35647.9], [2.006, 59666.5], [2.0059, 41579.0], [2.0058, 33980.7], [2.0057, 25858.6], [2.0056, 17152.4], [2.0055, 23916.9], [2.0054, 35234.7], [2.0053, 72843.9], [2.0052, 5816.2]], "asks": [[2.0072, 426.2], [2.0073, 2292.0], [2.0074, 6795.8], [2.0075, 12762.7], [2.0076, 28552.3], [2.0077, 27720.3], [2.0078, 30305.8], [2.0079, 24646.4], [2.008, 34650.0], [2.0081, 34006.1], [2.0082, 43615.0], [2.0083, 38215.2], [2.0084, 17107.0], [2.0085, 31345.5], [2.0086, 19554.2], [2.0087, 21544.4], [2.0088, 34836.5], [2.0089, 43880.9], [2.009, 82245.0], [2.0091, 23372.5]], "timestamp": "2025-12-11T12:21:11.728055+00:00"}, {"symbol": "XRPUSDT", "bids": [[2.0069, 414.7], [2.0068, 730.2], [2.0067, 4745.3], [2.0066, 22284.7], [2.0065, 43269.3], [2.0064, 36049.6], [2.0063, 28165.1], [2.0062, 36860.5], [2.0061, 33422.3], [2.006, 55132.0], [2.0059, 39702.7], [2.0058, 16713.7], [2.0057, 25051.5], [2.0056, 22116.9], [2.0055, 26638.9], [2.0054, 32806.5], [2.0053, 47064.1], [2.0052, 17598.0], [2.0051, 50121.4], [2.005, 115181.4]], "asks": [[2.007, 33396.4], [2.0071, 15717.7], [2.0072, 25671.3], [2.0073, 36604.1], [2.0074, 24791.7], [2.0075, 19971.0], [2.0076, 32914.8], [2.0077, 43019.7], [2.0078, 47024.2], [2.0079, 12840.3], [2.008, 18799.0], [2.0081, 23870.4], [2.0082, 45559.6], [2.0083, 27351.2], [2.0084, 25196.3], [2.0085, 19829.9], [2.0086, 28608.5], [2.0087, 15773.7], [2.0088, 22479.2], [2.0089, 48509.8]], "timestamp": "2025-12-11T12:22:07.802502+00:00"}, {"symbol": "XRPUSDT", "bids": [[2.0072, 2627.5], [2.0071, 4357.1], [2.007, 4832.1], [2.0069, 46214.1], [2.0068, 13861.1], [2.0067, 13538.0], [2.0066, 24611.4], [2.0065, 53847.9], [2.0064, 47345.6], [2.0063, 20473.2], [2.0062, 26078.3], [2.0061, 27328.5], [2.006, 55849.5], [2.0059, 42380.5], [2.0058, 30576.0], [2.0057, 16965.8], [2.0056, 21917.8], [2.0055, 29565.0], [2.0054, 35066.7], [2.0053, 52741.3]], "asks": [[2.0073, 24011.1], [2.0074, 24877.0], [2.0075, 32713.1], [2.0076, 30231.0], [2.0077, 31620.5], [2.0078, 34330.5], [2.0079, 13146.4], [2.008, 29994.3], [2.0081, 19532.8], [2.0082, 39180.7], [2.0083, 25789.3], [2.0084, 34547.0], [2.0085, 40283.8], [2.0086, 40547.7], [2.0087, 17918.8], [2.0088, 27251.8], [2.0089, 63890.4], [2.009, 103606.1], [2.0091, 29312.7], [2.0092, 21141.4]], "timestamp": "2025-12-11T12:23:03.133286+00:00"}, {"symbol": "XRPUSDT", "bids": [[2.0067, 24008.3], [2.0066, 6488.6], [2.0065, 36387.8], [2.0064, 30803.6], [2.0063, 8504.0], [2.0062, 23188.1], [2.0061, 43549.1], [2.006, 61518.3], [2.0059, 43062.5], [2.0058, 35771.3], [2.0057, 28743.1], [2.0056, 19211.2], [2.0055, 25524.0], [2.0054, 43434.6], [2.0053, 45155.4], [2.0052, 10954.7], [2.0051, 42590.2], [2.005, 109515.6], [2.0049, 44339.2], [2.0048, 29191.4]], "asks": [[2.0068, 22248.0], [2.0069, 15135.5], [2.007, 18167.7], [2.0071, 27810.4], [2.0072, 35524.1], [2.0073, 30866.8], [2.0074, 35227.8], [2.0075, 33160.7], [2.0076, 31218.4], [2.0077, 37782.1], [2.0078, 31268.6], [2.0079, 69672.4], [2.008, 35907.4], [2.0081, 14728.5], [2.0082, 28987.3], [2.0083, 27949.8], [2.0084, 25948.0], [2.0085, 43110.0], [2.0086, 18510.5], [2.0087, 15772.5]], "timestamp": "2025-12-11T12:23:57.820539+00:00"}, {"symbol": "XRPUSDT", "bids": [[2.0076, 20926.5], [2.0075, 12938.0], [2.0074, 25934.9], [2.0073, 18983.1], [2.0072, 24647.4], [2.0071, 18580.0], [2.007, 39562.1], [2.0069, 71745.3], [2.0068, 40251.8], [2.0067, 50369.8], [2.0066, 52527.3], [2.0065, 23347.8], [2.0064, 43277.7], [2.0063, 16483.4], [2.0062, 20239.9], [2.0061, 19659.4], [2.006, 57113.6], [2.0059, 123049.5], [2.0058, 20234.8], [2.0057, 19940.1]], "asks": [[2.0077, 8851.1], [2.0078, 10647.0], [2.0079, 14889.3], [2.008, 33584.2], [2.0081, 27681.6], [2.0082, 29557.6], [2.0083, 38097.3], [2.0084, 33223.9], [2.0085, 25240.4], [2.0086, 21203.0], [2.0087, 36315.9], [2.0088, 38921.5], [2.0089, 46866.2], [2.009, 58773.6], [2.0091, 28970.2], [2.0092, 24958.2], [2.0093, 24558.6], [2.0094, 25014.6], [2.0095, 69110.1], [2.0096, 152000.1]], "timestamp": "2025-12-11T12:24:53.232206+00:00"}, {"symbol": "XRPUSDT", "bids": [[2.007, 30623.8], [2.0069, 24070.7], [2.0068, 17103.4], [2.0067, 49681.6], [2.0066, 31498.0], [2.0065, 39702.5], [2.0064, 32863.3], [2.0063, 15452.6], [2.0062, 36778.0], [2.0061, 25721.4], [2.006, 34383.2], [2.0059, 43250.2], [2.0058, 10393.1], [2.0057, 30302.9], [2.0056, 27879.1], [2.0055, 65519.1], [2.0054, 109048.5], [2.0053, 54369.4], [2.0052, 8156.6], [2.0051, 20551.3]], "asks": [[2.0071, 2655.6], [2.0072, 774.8], [2.0073, 16343.6], [2.0074, 20282.7], [2.0075, 29655.7], [2.0076, 27110.5], [2.0077, 14469.2], [2.0078, 23782.5], [2.0079, 22561.1], [2.008, 28528.3], [2.0081, 24081.3], [2.0082, 36079.1], [2.0083, 50534.1], [2.0084, 30022.2], [2.0085, 36995.8], [2.0086, 22457.2], [2.0087, 35883.4], [2.0088, 17200.6], [2.0089, 39688.2], [2.009, 69193.1]], "timestamp": "2025-12-11T12:25:50.494006+00:00"}, {"symbol": "XRPUSDT", "bids": [[2.0075, 13047.7], [2.0074, 14339.4], [2.0073, 13822.8], [2.0072, 14566.7], [2.0071, 14164.6], [2.007, 23951.1], [2.0069, 33035.9], [2.0068, 18401.3], [2.0067, 45645.8], [2.0066, 51330.8], [2.0065, 28813.0], [2.0064, 25461.4], [2.0063, 11049.9], [2.0062, 24265.9], [2.0061, 32096.0], [2.006, 55187.4], [2.0059, 43287.1], [2.0058, 11566.5], [2.0057, 27986.0], [2.0056, 29714.3]], "asks": [[2.0076, 14812.5], [2.0077, 13108.0], [2.0078, 20208.1], [2.0079, 27883.6], [2.008, 23646.7], [2.0081, 24791.2], [2.0082, 30277.6], [2.0083, 32566.1], [2.0084, 33257.2], [2.0085, 42672.1], [2.0086, 26294.1], [2.0087, 19041.2], [2.0088, 23862.0], [2.0089, 35630.1], [2.009, 58012.8], [2.0091, 20871.9], [2.0092, 43333.9], [2.0093, 84494.2], [2.0094, 40973.7], [2.0095, 35918.3]], "timestamp": "2025-12-11T12:26:47.160181+00:00"}, {"symbol": "XRPUSDT", "bids": [[2.0074, 20608.9], [2.0073, 8289.9], [2.0072, 16452.2], [2.0071, 19041.9], [2.007, 28420.0], [2.0069, 21402.8], [2.0068, 20034.6], [2.0067, 50232.0], [2.0066, 42664.6], [2.0065, 25488.9], [2.0064, 36772.9], [2.0063, 12917.3], [2.0062, 25566.5], [2.0061, 23733.5], [2.006, 38820.2], [2.0059, 47916.7], [2.0058, 18264.3], [2.0057, 23717.9], [2.0056, 39397.1], [2.0055, 60143.2]], "asks": [[2.0075, 17946.3], [2.0076, 16336.4], [2.0077, 17260.4], [2.0078, 31992.3], [2.0079, 10935.1], [2.008, 21519.2], [2.0081, 33042.8], [2.0082, 23799.5], [2.0083, 36855.1], [2.0084, 40634.7], [2.0085, 41884.2], [2.0086, 16782.4], [2.0087, 35905.3], [2.0088, 26005.6], [2.0089, 30916.8], [2.009, 55068.9], [2.0091, 28407.7], [2.0092, 84592.2], [2.0093, 25986.8], [2.0094, 40426.3]], "timestamp": "2025-12-11T12:27:42.372895+00:00"}, {"symbol": "XRPUSDT", "bids": [[2.0073, 28833.8], [2.0072, 15717.9], [2.0071, 11517.4], [2.007, 20301.6], [2.0069, 24284.1], [2.0068, 26391.6], [2.0067, 63910.7], [2.0066, 37000.2], [2.0065, 26524.8], [2.0064, 39806.8], [2.0063, 20210.1], [2.0062, 29488.7], [2.0061, 23404.0], [2.006, 28614.0], [2.0059, 47983.4], [2.0058, 34236.8], [2.0057, 17445.5], [2.0056, 21235.3], [2.0055, 64636.8], [2.0054, 108163.9]], "asks": [[2.0074, 3467.2], [2.0075, 6117.8], [2.0076, 14792.5], [2.0077, 26165.6], [2.0078, 37372.9], [2.0079, 27945.5], [2.008, 23323.0], [2.0081, 33154.2], [2.0082, 26502.0], [2.0083, 29668.2], [2.0084, 57849.6], [2.0085, 17563.1], [2.0086, 21307.1], [2.0087, 19415.5], [2.0088, 30122.9], [2.0089, 33090.3], [2.009, 69721.8], [2.0091, 20372.0], [2.0092, 29180.4], [2.0093, 88793.8]], "timestamp": "2025-12-11T12:28:36.412879+00:00"}, {"symbol": "XRPUSDT", "bids": [[2.0075, 4250.2], [2.0074, 6195.4], [2.0073, 12547.7], [2.0072, 39426.8], [2.0071, 14951.0], [2.007, 27401.5], [2.0069, 27528.2], [2.0068, 45575.9], [2.0067, 45151.1], [2.0066, 38392.2], [2.0065, 24403.0], [2.0064, 36033.8], [2.0063, 17322.0], [2.0062, 27351.1], [2.0061, 39874.2], [2.006, 27647.9], [2.0059, 47855.4], [2.0058, 44215.3], [2.0057, 109600.2], [2.0056, 27225.3]], "asks": [[2.0076, 36777.6], [2.0077, 28641.1], [2.0078, 22222.6], [2.0079, 19582.8], [2.008, 17909.1], [2.0081, 30044.6], [2.0082, 17631.4], [2.0083, 31344.5], [2.0084, 24442.9], [2.0085, 55600.2], [2.0086, 21428.4], [2.0087, 26876.0], [2.0088, 24984.8], [2.0089, 44019.9], [2.009, 51855.2], [2.0091, 22527.2], [2.0092, 24638.9], [2.0093, 74696.1], [2.0094, 13091.8], [2.0095, 58985.9]], "timestamp": "2025-12-11T12:29:31.230628+00:00"}, {"symbol": "XRPUSDT", "bids": [[2.0076, 10878.1], [2.0075, 19720.5], [2.0074, 18628.1], [2.0073, 16421.3], [2.0072, 11319.2], [2.0071, 21046.0], [2.007, 42667.3], [2.0069, 48782.5], [2.0068, 49545.3], [2.0067, 24140.4], [2.0066, 43608.3], [2.0065, 20370.3], [2.0064, 28354.7], [2.0063, 16901.4], [2.0062, 48147.4], [2.0061, 20331.5], [2.006, 32764.4], [2.0059, 47238.6], [2.0058, 98306.2], [2.0057, 22106.3]], "asks": [[2.0077, 5640.7], [2.0078, 17452.0], [2.0079, 15638.5], [2.008, 22052.1], [2.0081, 19465.5], [2.0082, 20845.6], [2.0083, 39642.4], [2.0084, 20423.5], [2.0085, 14568.7], [2.0086, 28217.8], [2.0087, 32888.6], [2.0088, 29652.5], [2.0089, 41202.6], [2.009, 55081.6], [2.0091, 46914.8], [2.0092, 18765.9], [2.0093, 13155.6], [2.0094, 14124.6], [2.0095, 47730.1], [2.0096, 22829.0]], "timestamp": "2025-12-11T12:30:25.750427+00:00"}, {"symbol": "XRPUSDT", "bids": [[2.0077, 24626.7], [2.0076, 17802.9], [2.0075, 22373.2], [2.0074, 16079.3], [2.0073, 31449.2], [2.0072, 12831.2], [2.0071, 11456.3], [2.007, 46868.6], [2.0069, 26958.0], [2.0068, 45753.5], [2.0067, 17204.4], [2.0066, 34210.4], [2.0065, 20417.5], [2.0064, 20710.9], [2.0063, 16134.0], [2.0062, 21807.4], [2.0061, 23131.2], [2.006, 41261.1], [2.0059, 80113.4], [2.0058, 29263.3]], "asks": [[2.0078, 12592.0], [2.0079, 17458.9], [2.008, 33598.5], [2.0081, 34527.5], [2.0082, 40950.1], [2.0083, 44784.3], [2.0084, 33929.9], [2.0085, 37255.2], [2.0086, 37897.6], [2.0087, 74213.3], [2.0088, 19466.7], [2.0089, 32010.2], [2.009, 48938.4], [2.0091, 32069.3], [2.0092, 11233.3], [2.0093, 16815.8], [2.0094, 19514.3], [2.0095, 47614.7], [2.0096, 30761.0], [2.0097, 14921.0]], "timestamp": "2025-12-11T12:31:20.701733+00:00"}, {"symbol": "XRPUSDT", "bids": [[2.008, 21097.8], [2.0079, 30712.7], [2.0078, 17998.0], [2.0077, 18852.8], [2.0076, 13568.5], [2.0075, 23269.2], [2.0074, 21882.2], [2.0073, 77012.2], [2.0072, 27974.5], [2.0071, 18465.8], [2.007, 26001.7], [2.0069, 23851.2], [2.0068, 48823.3], [2.0067, 20252.7], [2.0066, 36447.8], [2.0065, 19294.0], [2.0064, 34330.0], [2.0063, 26806.4], [2.0062, 41311.0], [2.0061, 47025.6]], "asks": [[2.0081, 9232.6], [2.0082, 19457.5], [2.0083, 35589.0], [2.0084, 35280.9], [2.0085, 35293.1], [2.0086, 42128.4], [2.0087, 22270.2], [2.0088, 19466.5], [2.0089, 26110.2], [2.009, 66919.0], [2.0091, 50384.2], [2.0092, 23108.1], [2.0093, 27575.2], [2.0094, 30926.0], [2.0095, 63130.2], [2.0096, 27473.8], [2.0097, 23071.5], [2.0098, 45227.3], [2.0099, 25772.0], [2.01, 63925.2]], "timestamp": "2025-12-11T12:32:14.636097+00:00"}, {"symbol": "XRPUSDT", "bids": [[2.0081, 68657.1], [2.008, 18091.4], [2.0079, 10584.6], [2.0078, 14738.7], [2.0077, 29164.7], [2.0076, 21790.0], [2.0075, 24323.1], [2.0074, 38548.9], [2.0073, 34392.2], [2.0072, 26253.4], [2.0071, 15668.8], [2.007, 31341.9], [2.0069, 23246.8], [2.0068, 55104.0], [2.0067, 47760.9], [2.0066, 38579.9], [2.0065, 20858.6], [2.0064, 47476.3], [2.0063, 14827.0], [2.0062, 45633.1]], "asks": [[2.0082, 979.2], [2.0083, 2491.4], [2.0084, 11247.0], [2.0085, 21596.1], [2.0086, 26501.4], [2.0087, 28946.9], [2.0088, 34778.5], [2.0089, 40808.8], [2.009, 43016.1], [2.0091, 36969.0], [2.0092, 12951.1], [2.0093, 22890.0], [2.0094, 24241.2], [2.0095, 47024.5], [2.0096, 27639.1], [2.0097, 16536.7], [2.0098, 40433.6], [2.0099, 16236.8], [2.01, 71463.0], [2.0101, 56756.3]], "timestamp": "2025-12-11T12:33:09.890130+00:00"}, {"symbol": "XRPUSDT", "bids": [[2.0086, 21766.3], [2.0085, 10235.4], [2.0084, 15604.0], [2.0083, 14915.9], [2.0082, 21934.8], [2.0081, 29205.8], [2.008, 31909.8], [2.0079, 26088.2], [2.0078, 45412.9], [2.0077, 20812.6], [2.0076, 42441.3], [2.0075, 16390.7], [2.0074, 29209.2], [2.0073, 40960.1], [2.0072, 22320.5], [2.0071, 20443.4], [2.007, 30509.4], [2.0069, 29251.9], [2.0068, 63567.8], [2.0067, 21853.7]], "asks": [[2.0087, 8513.4], [2.0088, 18080.8], [2.0089, 20564.3], [2.009, 17735.2], [2.0091, 15189.8], [2.0092, 26795.6], [2.0093, 32765.4], [2.0094, 36514.5], [2.0095, 56984.2], [2.0096, 28945.5], [2.0097, 40327.6], [2.0098, 27385.8], [2.0099, 29604.7], [2.01, 53696.5], [2.0101, 57221.3], [2.0102, 20647.6], [2.0103, 16975.0], [2.0104, 38509.9], [2.0105, 45241.6], [2.0106, 77002.1]], "timestamp": "2025-12-11T12:34:05.360819+00:00"}, {"symbol": "XRPUSDT", "bids": [[2.0077, 15199.4], [2.0076, 10791.1], [2.0075, 11653.9], [2.0074, 16104.9], [2.0073, 33581.7], [2.0072, 22844.5], [2.0071, 25541.2], [2.007, 30788.1], [2.0069, 27571.4], [2.0068, 52966.8], [2.0067, 21262.9], [2.0066, 36759.6], [2.0065, 26352.3], [2.0064, 34690.9], [2.0063, 35220.3], [2.0062, 50680.2], [2.0061, 20306.9], [2.006, 57789.0], [2.0059, 115466.5], [2.0058, 26181.0]], "asks": [[2.0078, 29969.9], [2.0079, 18794.3], [2.008, 29703.4], [2.0081, 29258.8], [2.0082, 29385.6], [2.0083, 29509.7], [2.0084, 20810.6], [2.0085, 27485.2], [2.0086, 50056.7], [2.0087, 37084.7], [2.0088, 27024.0], [2.0089, 27931.4], [2.009, 48152.4], [2.0091, 25259.6], [2.0092, 26314.7], [2.0093, 33770.9], [2.0094, 35707.7], [2.0095, 55616.7], [2.0096, 36293.8], [2.0097, 99738.4]], "timestamp": "2025-12-11T12:34:59.320462+00:00"}, {"symbol": "XRPUSDT", "bids": [[2.0059, 5561.5], [2.0058, 1339.1], [2.0057, 10109.6], [2.0056, 14310.3], [2.0055, 28573.5], [2.0054, 35531.6], [2.0053, 35503.9], [2.0052, 26445.2], [2.0051, 24725.0], [2.005, 29252.7], [2.0049, 41332.1], [2.0048, 28551.1], [2.0047, 15606.8], [2.0046, 40020.1], [2.0045, 33788.4], [2.0044, 49420.0], [2.0043, 21669.4], [2.0042, 55909.5], [2.0041, 39301.4], [2.004, 130180.3]], "asks": [[2.006, 49043.3], [2.0061, 38698.6], [2.0062, 21531.3], [2.0063, 28772.4], [2.0064, 31881.8], [2.0065, 47574.7], [2.0066, 37392.6], [2.0067, 38671.3], [2.0068, 37822.6], [2.0069, 40632.7], [2.007, 60786.0], [2.0071, 28070.3], [2.0072, 27716.4], [2.0073, 28843.5], [2.0074, 32312.8], [2.0075, 54831.3], [2.0076, 32850.2], [2.0077, 22275.0], [2.0078, 28758.2], [2.0079, 41032.2]], "timestamp": "2025-12-11T12:35:54.397635+00:00"}, {"symbol": "XRPUSDT", "bids": [[2.0078, 1241.4], [2.0077, 7926.0], [2.0076, 21723.7], [2.0075, 25623.6], [2.0074, 11459.4], [2.0073, 19603.4], [2.0072, 24389.5], [2.0071, 63038.4], [2.007, 77751.3], [2.0069, 61152.5], [2.0068, 11685.2], [2.0067, 26912.6], [2.0066, 31933.8], [2.0065, 34052.8], [2.0064, 34186.6], [2.0063, 24766.7], [2.0062, 12124.6], [2.0061, 38067.9], [2.006, 43945.4], [2.0059, 127035.0]], "asks": [[2.0079, 66911.5], [2.008, 23916.2], [2.0081, 18456.3], [2.0082, 30179.3], [2.0083, 16924.6], [2.0084, 18421.4], [2.0085, 14421.8], [2.0086, 29386.0], [2.0087, 30183.3], [2.0088, 24128.0], [2.0089, 26966.7], [2.009, 51558.3], [2.0091, 23579.2], [2.0092, 27800.7], [2.0093, 37747.4], [2.0094, 32179.2], [2.0095, 75844.2], [2.0096, 146728.1], [2.0097, 10626.1], [2.0098, 40085.5]], "timestamp": "2025-12-11T12:36:48.913917+00:00"}, {"symbol": "XRPUSDT", "bids": [[2.0072, 36765.9], [2.0071, 12728.1], [2.007, 15746.1], [2.0069, 35888.6], [2.0068, 17786.8], [2.0067, 16258.5], [2.0066, 28438.5], [2.0065, 34083.7], [2.0064, 43340.5], [2.0063, 30802.5], [2.0062, 24274.7], [2.0061, 39388.7], [2.006, 41118.7], [2.0059, 48859.5], [2.0058, 39176.4], [2.0057, 39822.4], [2.0056, 20067.4], [2.0055, 42671.1], [2.0054, 52312.2], [2.0053, 66545.4]], "asks": [[2.0073, 13494.4], [2.0074, 7550.1], [2.0075, 22840.3], [2.0076, 30283.4], [2.0077, 32512.4], [2.0078, 17312.5], [2.0079, 29014.4], [2.008, 40170.0], [2.0081, 28149.9], [2.0082, 23080.7], [2.0083, 29057.3], [2.0084, 26317.8], [2.0085, 26880.7], [2.0086, 18014.0], [2.0087, 30299.8], [2.0088, 59468.3], [2.0089, 22003.4], [2.009, 25448.4], [2.0091, 34889.0], [2.0092, 105374.0]], "timestamp": "2025-12-11T12:37:44.505919+00:00"}, {"symbol": "XRPUSDT", "bids": [[2.0072, 3579.8], [2.0071, 5466.6], [2.007, 24115.7], [2.0069, 37394.5], [2.0068, 9154.7], [2.0067, 21539.2], [2.0066, 32986.4], [2.0065, 36634.0], [2.0064, 38671.6], [2.0063, 42005.3], [2.0062, 18843.1], [2.0061, 42560.0], [2.006, 40391.4], [2.0059, 44054.6], [2.0058, 13169.1], [2.0057, 42578.1], [2.0056, 48151.3], [2.0055, 37095.2], [2.0054, 59837.3], [2.0053, 64769.8]], "asks": [[2.0073, 42535.7], [2.0074, 17898.7], [2.0075, 25355.9], [2.0076, 28608.8], [2.0077, 19181.8], [2.0078, 38245.8], [2.0079, 42068.1], [2.008, 42414.9], [2.0081, 33284.3], [2.0082, 23876.7], [2.0083, 35828.1], [2.0084, 27827.8], [2.0085, 19542.5], [2.0086, 18289.1], [2.0087, 28507.8], [2.0088, 38903.1], [2.0089, 42633.9], [2.009, 26728.7], [2.0091, 27452.5], [2.0092, 37734.8]], "timestamp": "2025-12-11T12:38:38.085959+00:00"}, {"symbol": "XRPUSDT", "bids": [[2.0084, 21496.3], [2.0083, 31738.2], [2.0082, 22385.3], [2.0081, 19860.9], [2.008, 28660.5], [2.0079, 49232.5], [2.0078, 26605.4], [2.0077, 48138.2], [2.0076, 42263.3], [2.0075, 42247.1], [2.0074, 51893.2], [2.0073, 13863.4], [2.0072, 38093.2], [2.0071, 35773.3], [2.007, 72911.3], [2.0069, 48202.2], [2.0068, 17842.1], [2.0067, 12191.1], [2.0066, 33256.1], [2.0065, 58548.7]], "asks": [[2.0085, 16778.8], [2.0086, 8810.9], [2.0087, 12839.1], [2.0088, 17971.1], [2.0089, 17518.3], [2.009, 30480.8], [2.0091, 27141.6], [2.0092, 29058.6], [2.0093, 34846.6], [2.0094, 32052.8], [2.0095, 47647.1], [2.0096, 23639.7], [2.0097, 18904.5], [2.0098, 30600.8], [2.0099, 21341.7], [2.01, 54840.6], [2.0101, 25173.8], [2.0102, 58848.6], [2.0103, 20961.3], [2.0104, 31955.1]], "timestamp": "2025-12-11T12:39:33.189642+00:00"}, {"symbol": "XRPUSDT", "bids": [[2.0092, 19179.3], [2.0091, 2042.8], [2.009, 19898.0], [2.0089, 49391.6], [2.0088, 51304.1], [2.0087, 69630.2], [2.0086, 51473.4], [2.0085, 55704.7], [2.0084, 80583.3], [2.0083, 25989.6], [2.0082, 31368.4], [2.0081, 12195.2], [2.008, 25155.0], [2.0079, 45016.6], [2.0078, 31612.6], [2.0077, 22721.1], [2.0076, 25981.4], [2.0075, 20036.5], [2.0074, 41914.7], [2.0073, 28562.4]], "asks": [[2.0093, 38527.3], [2.0094, 15214.2], [2.0095, 20479.8], [2.0096, 23260.9], [2.0097, 32853.0], [2.0098, 20325.7], [2.0099, 30208.3], [2.01, 67346.5], [2.0101, 13639.2], [2.0102, 15560.2], [2.0103, 14466.5], [2.0104, 36523.0], [2.0105, 53946.9], [2.0106, 72379.8], [2.0107, 14379.6], [2.0108, 14246.9], [2.0109, 25236.1], [2.011, 23544.9], [2.0111, 120764.6], [2.0112, 41266.5]], "timestamp": "2025-12-11T12:40:28.373371+00:00"}, {"symbol": "XRPUSDT", "bids": [[2.0097, 5199.8], [2.0096, 11652.1], [2.0095, 12857.6], [2.0094, 12744.8], [2.0093, 22559.4], [2.0092, 36735.3], [2.0091, 36260.6], [2.009, 25508.3], [2.0089, 30741.6], [2.0088, 27699.2], [2.0087, 59774.0], [2.0086, 34512.0], [2.0085, 17716.8], [2.0084, 31880.2], [2.0083, 40500.4], [2.0082, 32491.1], [2.0081, 26361.2], [2.008, 72555.7], [2.0079, 42309.8], [2.0078, 37735.3]], "asks": [[2.0098, 54375.1], [2.0099, 26616.9], [2.01, 28423.2], [2.0101, 35069.8], [2.0102, 36762.9], [2.0103, 25414.1], [2.0104, 35611.5], [2.0105, 23328.6], [2.0106, 68443.6], [2.0107, 28828.7], [2.0108, 39174.8], [2.0109, 16636.2], [2.011, 39418.4], [2.0111, 33093.1], [2.0112, 23520.6], [2.0113, 20820.1], [2.0114, 28860.7], [2.0115, 35936.9], [2.0116, 58749.6], [2.0117, 31328.3]], "timestamp": "2025-12-11T12:41:22.243941+00:00"}, {"symbol": "XRPUSDT", "bids": [[2.0096, 3167.2], [2.0095, 6562.7], [2.0094, 13326.6], [2.0093, 25618.3], [2.0092, 21568.1], [2.0091, 32625.9], [2.009, 42744.6], [2.0089, 38757.0], [2.0088, 26722.9], [2.0087, 35454.5], [2.0086, 13739.9], [2.0085, 22139.6], [2.0084, 31075.2], [2.0083, 42062.4], [2.0082, 28792.6], [2.0081, 23647.3], [2.008, 44178.9], [2.0079, 40769.0], [2.0078, 52660.8], [2.0077, 88492.8]], "asks": [[2.0097, 41576.4], [2.0098, 14544.0], [2.0099, 17993.0], [2.01, 26860.9], [2.0101, 28584.0], [2.0102, 36092.7], [2.0103, 25057.8], [2.0104, 38651.2], [2.0105, 22779.6], [2.0106, 45797.1], [2.0107, 6841.9], [2.0108, 48516.6], [2.0109, 18088.1], [2.011, 28980.7], [2.0111, 39020.7], [2.0112, 28644.2], [2.0113, 21547.5], [2.0114, 25030.7], [2.0115, 78906.5], [2.0116, 46175.1]], "timestamp": "2025-12-11T12:42:16.620729+00:00"}, {"symbol": "XRPUSDT", "bids": [[2.0096, 65358.1], [2.0095, 7637.6], [2.0094, 24568.5], [2.0093, 40650.5], [2.0092, 49783.9], [2.0091, 21542.4], [2.009, 32065.8], [2.0089, 38535.8], [2.0088, 22849.6], [2.0087, 37235.3], [2.0086, 13741.2], [2.0085, 23405.0], [2.0084, 24298.4], [2.0083, 47089.5], [2.0082, 36142.9], [2.0081, 35009.5], [2.008, 83900.2], [2.0079, 39435.8], [2.0078, 38004.6], [2.0077, 109412.2]], "asks": [[2.0097, 20301.2], [2.0098, 2669.6], [2.0099, 11642.9], [2.01, 15231.1], [2.0101, 26588.9], [2.0102, 17655.8], [2.0103, 26434.0], [2.0104, 25138.3], [2.0105, 19552.6], [2.0106, 37915.8], [2.0107, 13941.3], [2.0108, 29564.3], [2.0109, 19431.6], [2.011, 34935.8], [2.0111, 53603.7], [2.0112, 25723.2], [2.0113, 27525.7], [2.0114, 32210.6], [2.0115, 87842.8], [2.0116, 45374.7]], "timestamp": "2025-12-11T12:43:11.571746+00:00"}, {"symbol": "XRPUSDT", "bids": [[2.0097, 54467.8], [2.0096, 11042.6], [2.0095, 23890.8], [2.0094, 22845.6], [2.0093, 33630.5], [2.0092, 51687.2], [2.0091, 20524.1], [2.009, 49284.0], [2.0089, 10146.2], [2.0088, 25756.5], [2.0087, 37904.6], [2.0086, 21185.0], [2.0085, 20494.7], [2.0084, 30900.5], [2.0083, 42264.6], [2.0082, 27784.4], [2.0081, 30140.8], [2.008, 95896.4], [2.0079, 112259.1], [2.0078, 23689.2]], "asks": [[2.0098, 10239.6], [2.0099, 9802.5], [2.01, 17053.8], [2.0101, 21582.1], [2.0102, 19681.1], [2.0103, 27667.9], [2.0104, 38031.0], [2.0105, 17851.3], [2.0106, 33205.6], [2.0107, 19120.4], [2.0108, 36001.1], [2.0109, 25695.2], [2.011, 35744.7], [2.0111, 54747.8], [2.0112, 25832.5], [2.0113, 21768.6], [2.0114, 22668.1], [2.0115, 21360.4], [2.0116, 46148.1], [2.0117, 38349.0]], "timestamp": "2025-12-11T12:44:06.002090+00:00"}