[{"id": "706367651", "price": 2.0381, "amount": 0.1, "side": "sell", "timestamp": 1765496540220}, {"id": "706367652", "price": 2.0381, "amount": 0.1, "side": "sell", "timestamp": 1765496540505}, {"id": "706367653", "price": 2.0381, "amount": 0.1, "side": "sell", "timestamp": 1765496540632}, {"id": "706367654", "price": 2.0381, "amount": 0.1, "side": "sell", "timestamp": 1765496541081}, {"id": "706367655", "price": 2.0381, "amount": 5.9, "side": "sell", "timestamp": 1765496541216}, {"id": "706367656", "price": 2.0381, "amount": 0.1, "side": "sell", "timestamp": 1765496542044}, {"id": "706367657", "price": 2.0382, "amount": 0.2, "side": "buy", "timestamp": 1765496542085}, {"id": "706367658", "price": 2.0381, "amount": 5218.9, "side": "sell", "timestamp": 1765496542407}, {"id": "706367659", "price": 2.0381, "amount": 0.1, "side": "sell", "timestamp": 1765496542650}, {"id": "706367660", "price": 2.0382, "amount": 1102.6, "side": "buy", "timestamp": 1765496542672}, {"id": "706367661", "price": 2.0383, "amount": 1253.0, "side": "buy", "timestamp": 1765496542680}, {"id": "706367662", "price": 2.0384, "amount": 167.9, "side": "buy", "timestamp": 1765496542910}, {"id": "706367663", "price": 2.0385, "amount": 33.4, "side": "buy", "timestamp": 1765496542943}, {"id": "706367664", "price": 2.0385, "amount": 0.1, "side": "sell", "timestamp": 1765496543288}, {"id": "706367665", "price": 2.0385, "amount": 0.1, "side": "sell", "timestamp": 1765496543609}, {"id": "706367666", "price": 2.0385, "amount": 0.1, "side": "sell", "timestamp": 1765496543948}, {"id": "706367667", "price": 2.0385, "amount": 5.9, "side": "sell", "timestamp": 1765496544058}, {"id": "706367668", "price": 2.0386, "amount": 1057.5, "side": "buy", "timestamp": 1765496544309}, {"id": "706367669", "price": 2.0387, "amount": 376.2, "side": "buy", "timestamp": 1765496544322}, {"id": "706367670", "price": 2.0388, "amount": 248.2, "side": "buy", "timestamp": 1765496544492}, {"id": "706367671", "price": 2.0387, "amount": 0.1, "side": "sell", "timestamp": 1765496544632}, {"id": "706367672", "price": 2.0387, "amount": 0.1, "side": "sell", "timestamp": 1765496545028}, {"id": "706367673", "price": 2.0387, "amount": 0.1, "side": "sell", "timestamp": 1765496545653}, {"id": "706367674", "price": 2.0387, "amount": 0.1, "side": "sell", "timestamp": 1765496545887}, {"id": "706367675", "price": 2.0388, "amount": 97.0, "side": "buy", "timestamp": 1765496546080}, {"id": "706367676", "price": 2.0387, "amount": 0.1, "side": "sell", "timestamp": 1765496546206}, {"id": "706367677", "price": 2.0388, "amount": 4291.2, "side": "buy", "timestamp": 1765496546227}, {"id": "706367678", "price": 2.0388, "amount": 0.1, "side": "sell", "timestamp": 1765496546460}, {"id": "706367679", "price": 2.0389, "amount": 3.5, "side": "buy", "timestamp": 1765496546581}, {"id": "706367680", "price": 2.0388, "amount": 0.1, "side": "sell", "timestamp": 1765496546779}, {"id": "706367681", "price": 2.0388, "amount": 9.9, "side": "sell", "timestamp": 1765496547043}, {"id": "706367682", "price": 2.0388, "amount": 0.1, "side": "sell", "timestamp": 1765496547496}, {"id": "706367683", "price": 2.0388, "amount": 0.1, "side": "sell", "timestamp": 1765496547786}, {"id": "706367684", "price": 2.0388, "amount": 0.1, "side": "sell", "timestamp": 1765496548082}, {"id": "706367685", "price": 2.0388, "amount": 0.1, "side": "sell", "timestamp": 1765496548365}, {"id": "706367686", "price": 2.0388, "amount": 0.1, "side": "sell", "timestamp": 1765496549057}, {"id": "706367687", "price": 2.0389, "amount": 640.5, "side": "buy", "timestamp": 1765496549059}, {"id": "706367688", "price": 2.0388, "amount": 0.1, "side": "sell", "timestamp": 1765496549178}, {"id": "706367689", "price": 2.0388, "amount": 0.2, "side": "sell", "timestamp": 1765496549337}, {"id": "706367690", "price": 2.0389, "amount": 4.2, "side": "buy", "timestamp": 1765496549604}, {"id": "706367691", "price": 2.0388, "amount": 0.1, "side": "sell", "timestamp": 1765496549910}, {"id": "706367692", "price": 2.0388, "amount": 6.0, "side": "sell", "timestamp": 1765496550088}, {"id": "706367693", "price": 2.0389, "amount": 3.0, "side": "buy", "timestamp": 1765496550214}, {"id": "706367694", "price": 2.0388, "amount": 0.1, "side": "sell", "timestamp": 1765496550375}, {"id": "706367695", "price": 2.0389, "amount": 7.5, "side": "buy", "timestamp": 1765496550565}, {"id": "706367696", "price": 2.0388, "amount": 0.1, "side": "sell", "timestamp": 1765496550581}, {"id": "706367697", "price": 2.0388, "amount": 0.1, "side": "sell", "timestamp": 1765496550856}, {"id": "706367698", "price": 2.0389, "amount": 2479.7, "side": "buy", "timestamp": 1765496550914}, {"id": "706367699", "price": 2.0389, "amount": 0.1, "side": "sell", "timestamp": 1765496551070}, {"id": "706367700", "price": 2.039, "amount": 9886.8, "side": "buy", "timestamp": 1765496551160}, {"id": "706367813", "price": 2.0389, "amount": 0.1, "side": "sell", "timestamp": 1765496587442}, {"id": "706367814", "price": 2.039, "amount": 8.9, "side": "buy", "timestamp": 1765496587675}, {"id": "706367815", "price": 2.0389, "amount": 4261.1, "side": "sell", "timestamp": 1765496587865}, {"id": "706367816", "price": 2.0389, "amount": 12719.8, "side": "sell", "timestamp": 1765496588022}, {"id": "706367817", "price": 2.0388, "amount": 390.6, "side": "sell", "timestamp": 1765496588147}, {"id": "706367818", "price": 2.0387, "amount": 273.8, "side": "sell", "timestamp": 1765496588464}, {"id": "706367819", "price": 2.0387, "amount": 27.6, "side": "buy", "timestamp": 1765496588559}, {"id": "706367820", "price": 2.0386, "amount": 5.9, "side": "sell", "timestamp": 1765496589098}, {"id": "706367821", "price": 2.0386, "amount": 11.7, "side": "sell", "timestamp": 1765496589587}, {"id": "706367822", "price": 2.0387, "amount": 2.6, "side": "buy", "timestamp": 1765496589746}, {"id": "706367823", "price": 2.0386, "amount": 39.4, "side": "sell", "timestamp": 1765496589762}, {"id": "706367824", "price": 2.0387, "amount": 172.2, "side": "buy", "timestamp": 1765496589837}, {"id": "706367825", "price": 2.0386, "amount": 10.2, "side": "sell", "timestamp": 1765496589848}, {"id": "706367826", "price": 2.0387, "amount": 8.6, "side": "buy", "timestamp": 1765496589914}, {"id": "706367827", "price": 2.0386, "amount": 10.8, "side": "sell", "timestamp": 1765496590021}, {"id": "706367828", "price": 2.0387, "amount": 2.6, "side": "buy", "timestamp": 1765496590097}, {"id": "706367829", "price": 2.0386, "amount": 14.7, "side": "sell", "timestamp": 1765496590137}, {"id": "706367830", "price": 2.0387, "amount": 20.2, "side": "buy", "timestamp": 1765496590539}, {"id": "706367831", "price": 2.0387, "amount": 9.7, "side": "buy", "timestamp": 1765496591642}, {"id": "706367832", "price": 2.0387, "amount": 27.0, "side": "buy", "timestamp": 1765496591960}, {"id": "706367833", "price": 2.0386, "amount": 5.9, "side": "sell", "timestamp": 1765496592112}, {"id": "706367834", "price": 2.0387, "amount": 407.6, "side": "buy", "timestamp": 1765496592674}, {"id": "706367835", "price": 2.0387, "amount": 0.9, "side": "buy", "timestamp": 1765496592805}, {"id": "706367836", "price": 2.0387, "amount": 5.2, "side": "buy", "timestamp": 1765496593020}, {"id": "706367837", "price": 2.0387, "amount": 7608.6, "side": "buy", "timestamp": 1765496593348}, {"id": "706367838", "price": 2.0387, "amount": 6.0, "side": "sell", "timestamp": 1765496594002}, {"id": "706367839", "price": 2.0388, "amount": 5.8, "side": "buy", "timestamp": 1765496594493}, {"id": "706367840", "price": 2.0387, "amount": 7214.7, "side": "sell", "timestamp": 1765496595130}, {"id": "706367841", "price": 2.0387, "amount": 5.2, "side": "sell", "timestamp": 1765496595502}, {"id": "706367842", "price": 2.0388, "amount": 6.6, "side": "buy", "timestamp": 1765496596785}, {"id": "706367843", "price": 2.0388, "amount": 130.1, "side": "buy", "timestamp": 1765496597271}, {"id": "706367844", "price": 2.0387, "amount": 15.8, "side": "sell", "timestamp": 1765496598141}, {"id": "706367845", "price": 2.0388, "amount": 5.2, "side": "buy", "timestamp": 1765496599100}, {"id": "706367846", "price": 2.0387, "amount": 1180.3, "side": "sell", "timestamp": 1765496599149}, {"id": "706367847", "price": 2.0386, "amount": 5.9, "side": "sell", "timestamp": 1765496601174}, {"id": "706367848", "price": 2.0387, "amount": 30.2, "side": "buy", "timestamp": 1765496601204}, {"id": "706367849", "price": 2.0386, "amount": 6.5, "side": "sell", "timestamp": 1765496601296}, {"id": "706367850", "price": 2.0386, "amount": 33.3, "side": "sell", "timestamp": 1765496601439}, {"id": "706367851", "price": 2.0387, "amount": 7.5, "side": "buy", "timestamp": 1765496601796}, {"id": "706367852", "price": 2.0386, "amount": 67.2, "side": "sell", "timestamp": 1765496602180}, {"id": "706367853", "price": 2.0387, "amount": 68.7, "side": "buy", "timestamp": 1765496602180}, {"id": "706367854", "price": 2.0386, "amount": 2728.0, "side": "sell", "timestamp": 1765496602189}, {"id": "706367855", "price": 2.0385, "amount": 904.1, "side": "sell", "timestamp": 1765496603082}, {"id": "706367856", "price": 2.0384, "amount": 255.1, "side": "sell", "timestamp": 1765496603245}, {"id": "706367857", "price": 2.0383, "amount": 43.3, "side": "sell", "timestamp": 1765496603249}, {"id": "706367858", "price": 2.0382, "amount": 3.2, "side": "sell", "timestamp": 1765496603672}, {"id": "706367859", "price": 2.0382, "amount": 54.2, "side": "sell", "timestamp": 1765496603847}, {"id": "706367860", "price": 2.0382, "amount": 6.9, "side": "buy", "timestamp": 1765496603908}, {"id": "706367861", "price": 2.0381, "amount": 5.9, "side": "sell", "timestamp": 1765496604186}, {"id": "706367862", "price": 2.0381, "amount": 25.1, "side": "sell", "timestamp": 1765496604362}, {"id": "706367916", "price": 2.0388, "amount": 13.0, "side": "buy", "timestamp": 1765496632591}, {"id": "706367917", "price": 2.0387, "amount": 5.9, "side": "sell", "timestamp": 1765496634058}, {"id": "706367918", "price": 2.0388, "amount": 50.5, "side": "buy", "timestamp": 1765496634595}, {"id": "706367919", "price": 2.0388, "amount": 98.0, "side": "buy", "timestamp": 1765496635138}, {"id": "706367920", "price": 2.0387, "amount": 5.9, "side": "sell", "timestamp": 1765496637089}, {"id": "706367921", "price": 2.0388, "amount": 35.1, "side": "buy", "timestamp": 1765496637307}, {"id": "706367922", "price": 2.0388, "amount": 2.9, "side": "buy", "timestamp": 1765496637804}, {"id": "706367923", "price": 2.0388, "amount": 577.8, "side": "buy", "timestamp": 1765496638487}, {"id": "706367924", "price": 2.0388, "amount": 1.0, "side": "buy", "timestamp": 1765496639442}, {"id": "706367925", "price": 2.0387, "amount": 89.0, "side": "sell", "timestamp": 1765496640006}, {"id": "706367926", "price": 2.0387, "amount": 21.1, "side": "sell", "timestamp": 1765496640140}, {"id": "706367927", "price": 2.0388, "amount": 3923.8, "side": "buy", "timestamp": 1765496640276}, {"id": "706367928", "price": 2.0387, "amount": 5.2, "side": "sell", "timestamp": 1765496640356}, {"id": "706367929", "price": 2.0387, "amount": 26.9, "side": "sell", "timestamp": 1765496640586}, {"id": "706367930", "price": 2.0387, "amount": 70.1, "side": "sell", "timestamp": 1765496640832}, {"id": "706367931", "price": 2.0388, "amount": 1866.9, "side": "buy", "timestamp": 1765496641002}, {"id": "706367932", "price": 2.0387, "amount": 50.1, "side": "sell", "timestamp": 1765496641116}, {"id": "706367933", "price": 2.0387, "amount": 23.1, "side": "sell", "timestamp": 1765496641231}, {"id": "706367934", "price": 2.0388, "amount": 1109.2, "side": "buy", "timestamp": 1765496641513}, {"id": "706367935", "price": 2.0387, "amount": 9.2, "side": "sell", "timestamp": 1765496641524}, {"id": "706367936", "price": 2.0387, "amount": 3.6, "side": "sell", "timestamp": 1765496641832}, {"id": "706367937", "price": 2.0388, "amount": 814.5, "side": "buy", "timestamp": 1765496642286}, {"id": "706367938", "price": 2.0387, "amount": 4.7, "side": "sell", "timestamp": 1765496642583}, {"id": "706367939", "price": 2.0387, "amount": 5.9, "side": "sell", "timestamp": 1765496643163}, {"id": "706367940", "price": 2.0387, "amount": 94.1, "side": "sell", "timestamp": 1765496644011}, {"id": "706367941", "price": 2.0388, "amount": 4414.3, "side": "buy", "timestamp": 1765496644534}, {"id": "706367942", "price": 2.0387, "amount": 490.5, "side": "sell", "timestamp": 1765496644550}, {"id": "706367943", "price": 2.0388, "amount": 34.2, "side": "buy", "timestamp": 1765496644847}, {"id": "706367944", "price": 2.0388, "amount": 44.1, "side": "buy", "timestamp": 1765496645849}, {"id": "706367945", "price": 2.0387, "amount": 5.9, "side": "sell", "timestamp": 1765496646186}, {"id": "706367946", "price": 2.0388, "amount": 3.3, "side": "buy", "timestamp": 1765496647001}, {"id": "706367947", "price": 2.0387, "amount": 5.1, "side": "sell", "timestamp": 1765496647638}, {"id": "706367948", "price": 2.0388, "amount": 8.5, "side": "buy", "timestamp": 1765496647682}, {"id": "706367949", "price": 2.0387, "amount": 99.7, "side": "sell", "timestamp": 1765496648129}, {"id": "706367950", "price": 2.0388, "amount": 4.4, "side": "buy", "timestamp": 1765496648243}, {"id": "706367951", "price": 2.0387, "amount": 5.9, "side": "sell", "timestamp": 1765496649008}, {"id": "706367952", "price": 2.0388, "amount": 28.1, "side": "buy", "timestamp": 1765496649370}, {"id": "706367953", "price": 2.0388, "amount": 7.0, "side": "buy", "timestamp": 1765496649545}, {"id": "706367954", "price": 2.0388, "amount": 3.0, "side": "buy", "timestamp": 1765496650062}, {"id": "706367955", "price": 2.0388, "amount": 2302.4, "side": "buy", "timestamp": 1765496650563}, {"id": "706367956", "price": 2.0388, "amount": 3.9, "side": "buy", "timestamp": 1765496651225}, {"id": "706367957", "price": 2.0387, "amount": 5.0, "side": "sell", "timestamp": 1765496651581}, {"id": "706367958", "price": 2.0387, "amount": 5.9, "side": "sell", "timestamp": 1765496652061}, {"id": "706367959", "price": 2.0388, "amount": 107.5, "side": "buy", "timestamp": 1765496653014}, {"id": "706367960", "price": 2.0387, "amount": 13.8, "side": "sell", "timestamp": 1765496654612}, {"id": "706367961", "price": 2.0387, "amount": 15.6, "side": "sell", "timestamp": 1765496654887}, {"id": "706367962", "price": 2.0387, "amount": 5.9, "side": "sell", "timestamp": 1765496655075}, {"id": "706367963", "price": 2.0388, "amount": 4.6, "side": "buy", "timestamp": 1765496655710}, {"id": "706367964", "price": 2.0388, "amount": 2.6, "side": "buy", "timestamp": 1765496656151}, {"id": "706367965", "price": 2.0388, "amount": 58.2, "side": "buy", "timestamp": 1765496657653}, {"id": "706368014", "price": 2.0388, "amount": 7.3, "side": "buy", "timestamp": 1765496688052}, {"id": "706368015", "price": 2.0387, "amount": 5.9, "side": "sell", "timestamp": 1765496688107}, {"id": "706368016", "price": 2.0387, "amount": 5.2, "side": "sell", "timestamp": 1765496688378}, {"id": "706368017", "price": 2.0388, "amount": 46.3, "side": "buy", "timestamp": 1765496688383}, {"id": "706368018", "price": 2.0389, "amount": 3.0, "side": "buy", "timestamp": 1765496689071}, {"id": "706368019", "price": 2.0388, "amount": 5.9, "side": "sell", "timestamp": 1765496691131}, {"id": "706368020", "price": 2.0388, "amount": 5.9, "side": "sell", "timestamp": 1765496694147}, {"id": "706368021", "price": 2.0389, "amount": 11.3, "side": "buy", "timestamp": 1765496695172}, {"id": "706368022", "price": 2.0388, "amount": 100.7, "side": "sell", "timestamp": 1765496695581}, {"id": "706368023", "price": 2.0389, "amount": 3.3, "side": "buy", "timestamp": 1765496695943}, {"id": "706368024", "price": 2.0389, "amount": 2.5, "side": "buy", "timestamp": 1765496696614}, {"id": "706368025", "price": 2.0388, "amount": 5.9, "side": "sell", "timestamp": 1765496697162}, {"id": "706368026", "price": 2.0389, "amount": 49.0, "side": "buy", "timestamp": 1765496697261}, {"id": "706368027", "price": 2.0388, "amount": 3.0, "side": "sell", "timestamp": 1765496697676}, {"id": "706368028", "price": 2.0389, "amount": 203.0, "side": "buy", "timestamp": 1765496697750}, {"id": "706368029", "price": 2.0389, "amount": 4.1, "side": "buy", "timestamp": 1765496699044}, {"id": "706368030", "price": 2.0388, "amount": 69.2, "side": "sell", "timestamp": 1765496699149}, {"id": "706368031", "price": 2.0388, "amount": 5.9, "side": "sell", "timestamp": 1765496699717}, {"id": "706368032", "price": 2.0389, "amount": 5.1, "side": "buy", "timestamp": 1765496699726}, {"id": "706368033", "price": 2.0389, "amount": 200.4, "side": "buy", "timestamp": 1765496700025}, {"id": "706368034", "price": 2.0388, "amount": 5.9, "side": "sell", "timestamp": 1765496700176}, {"id": "706368035", "price": 2.0388, "amount": 3910.3, "side": "sell", "timestamp": 1765496700360}, {"id": "706368036", "price": 2.0389, "amount": 47.2, "side": "buy", "timestamp": 1765496700445}, {"id": "706368037", "price": 2.0388, "amount": 57.0, "side": "sell", "timestamp": 1765496700817}, {"id": "706368038", "price": 2.0389, "amount": 1459.4, "side": "buy", "timestamp": 1765496701037}, {"id": "706368039", "price": 2.039, "amount": 147.1, "side": "buy", "timestamp": 1765496701290}, {"id": "706368040", "price": 2.039, "amount": 147.1, "side": "buy", "timestamp": 1765496701426}, {"id": "706368041", "price": 2.0389, "amount": 27.5, "side": "sell", "timestamp": 1765496701431}, {"id": "706368042", "price": 2.0389, "amount": 38.1, "side": "sell", "timestamp": 1765496701567}, {"id": "706368043", "price": 2.039, "amount": 2950.3, "side": "buy", "timestamp": 1765496701622}, {"id": "706368044", "price": 2.0389, "amount": 10.3, "side": "sell", "timestamp": 1765496701683}, {"id": "706368045", "price": 2.039, "amount": 1373.3, "side": "buy", "timestamp": 1765496701806}, {"id": "706368046", "price": 2.0391, "amount": 2.9, "side": "buy", "timestamp": 1765496701821}, {"id": "706368047", "price": 2.039, "amount": 5.9, "side": "sell", "timestamp": 1765496703029}, {"id": "706368048", "price": 2.0391, "amount": 49.8, "side": "buy", "timestamp": 1765496704244}, {"id": "706368049", "price": 2.0391, "amount": 9.9, "side": "buy", "timestamp": 1765496704381}, {"id": "706368050", "price": 2.039, "amount": 11811.8, "side": "sell", "timestamp": 1765496704413}, {"id": "706368051", "price": 2.0391, "amount": 3.9, "side": "buy", "timestamp": 1765496704689}, {"id": "706368052", "price": 2.0391, "amount": 153.8, "side": "buy", "timestamp": 1765496705396}, {"id": "706368053", "price": 2.0391, "amount": 4.7, "side": "buy", "timestamp": 1765496705501}, {"id": "706368054", "price": 2.039, "amount": 5.9, "side": "sell", "timestamp": 1765496706061}, {"id": "706368055", "price": 2.0391, "amount": 71.9, "side": "buy", "timestamp": 1765496706711}, {"id": "706368056", "price": 2.0391, "amount": 730.7, "side": "buy", "timestamp": 1765496706993}, {"id": "706368057", "price": 2.0391, "amount": 1534.7, "side": "buy", "timestamp": 1765496707306}, {"id": "706368058", "price": 2.039, "amount": 1009.1, "side": "sell", "timestamp": 1765496707310}, {"id": "706368059", "price": 2.0389, "amount": 1420.1, "side": "sell", "timestamp": 1765496708636}, {"id": "706368060", "price": 2.0389, "amount": 7.1, "side": "buy", "timestamp": 1765496708838}, {"id": "706368061", "price": 2.0389, "amount": 19.6, "side": "buy", "timestamp": 1765496709007}, {"id": "706368062", "price": 2.0388, "amount": 5.9, "side": "sell", "timestamp": 1765496709096}, {"id": "706368063", "price": 2.0389, "amount": 61.8, "side": "buy", "timestamp": 1765496709893}, {"id": "706368166", "price": 2.0394, "amount": 0.1, "side": "sell", "timestamp": 1765496750461}, {"id": "706368167", "price": 2.0394, "amount": 8.6, "side": "sell", "timestamp": 1765496751009}, {"id": "706368168", "price": 2.0395, "amount": 98.0, "side": "buy", "timestamp": 1765496752273}, {"id": "706368169", "price": 2.0394, "amount": 3.4, "side": "sell", "timestamp": 1765496753107}, {"id": "706368170", "price": 2.0394, "amount": 148.5, "side": "sell", "timestamp": 1765496753246}, {"id": "706368171", "price": 2.0395, "amount": 2.1, "side": "buy", "timestamp": 1765496753520}, {"id": "706368172", "price": 2.0394, "amount": 0.1, "side": "sell", "timestamp": 1765496753621}, {"id": "706368173", "price": 2.0394, "amount": 6.0, "side": "sell", "timestamp": 1765496753973}, {"id": "706368174", "price": 2.0394, "amount": 0.1, "side": "sell", "timestamp": 1765496754337}, {"id": "706368175", "price": 2.0394, "amount": 14420.2, "side": "sell", "timestamp": 1765496754451}, {"id": "706368176", "price": 2.0393, "amount": 210.8, "side": "sell", "timestamp": 1765496754457}, {"id": "706368177", "price": 2.0392, "amount": 602.7, "side": "sell", "timestamp": 1765496754471}, {"id": "706368178", "price": 2.0391, "amount": 87.4, "side": "sell", "timestamp": 1765496754477}, {"id": "706368179", "price": 2.0391, "amount": 0.1, "side": "sell", "timestamp": 1765496754703}, {"id": "706368180", "price": 2.0392, "amount": 27.1, "side": "buy", "timestamp": 1765496755720}, {"id": "706368181", "price": 2.0392, "amount": 28.6, "side": "buy", "timestamp": 1765496756002}, {"id": "706368182", "price": 2.0392, "amount": 45.2, "side": "buy", "timestamp": 1765496756521}, {"id": "706368183", "price": 2.0392, "amount": 2.7, "side": "buy", "timestamp": 1765496756622}, {"id": "706368184", "price": 2.0391, "amount": 5.9, "side": "sell", "timestamp": 1765496757086}, {"id": "706368185", "price": 2.0392, "amount": 59.3, "side": "buy", "timestamp": 1765496757162}, {"id": "706368186", "price": 2.0391, "amount": 3.6, "side": "sell", "timestamp": 1765496757851}, {"id": "706368187", "price": 2.0391, "amount": 3880.1, "side": "sell", "timestamp": 1765496758115}, {"id": "706368188", "price": 2.039, "amount": 434.5, "side": "sell", "timestamp": 1765496758233}, {"id": "706368189", "price": 2.0389, "amount": 51.3, "side": "sell", "timestamp": 1765496758351}, {"id": "706368190", "price": 2.0388, "amount": 0.1, "side": "sell", "timestamp": 1765496758488}, {"id": "706368191", "price": 2.0389, "amount": 2.9, "side": "buy", "timestamp": 1765496758523}, {"id": "706368192", "price": 2.0389, "amount": 4.2, "side": "buy", "timestamp": 1765496758629}, {"id": "706368193", "price": 2.0388, "amount": 0.1, "side": "sell", "timestamp": 1765496758858}, {"id": "706368194", "price": 2.0388, "amount": 0.1, "side": "sell", "timestamp": 1765496759221}, {"id": "706368195", "price": 2.0388, "amount": 0.1, "side": "sell", "timestamp": 1765496759574}, {"id": "706368196", "price": 2.0389, "amount": 0.4, "side": "buy", "timestamp": 1765496759608}, {"id": "706368197", "price": 2.0388, "amount": 5.9, "side": "sell", "timestamp": 1765496760139}, {"id": "706368198", "price": 2.0389, "amount": 24.8, "side": "buy", "timestamp": 1765496760457}, {"id": "706368199", "price": 2.0388, "amount": 9.4, "side": "sell", "timestamp": 1765496760515}, {"id": "706368200", "price": 2.0388, "amount": 4.9, "side": "sell", "timestamp": 1765496760670}, {"id": "706368201", "price": 2.0389, "amount": 2343.7, "side": "buy", "timestamp": 1765496760673}, {"id": "706368202", "price": 2.039, "amount": 38.8, "side": "buy", "timestamp": 1765496760709}, {"id": "706368203", "price": 2.0391, "amount": 1758.4, "side": "buy", "timestamp": 1765496760810}, {"id": "706368204", "price": 2.0391, "amount": 57.0, "side": "sell", "timestamp": 1765496760825}, {"id": "706368205", "price": 2.0392, "amount": 4206.8, "side": "buy", "timestamp": 1765496761087}, {"id": "706368206", "price": 2.0391, "amount": 7235.0, "side": "sell", "timestamp": 1765496761095}, {"id": "706368207", "price": 2.0392, "amount": 1.0, "side": "buy", "timestamp": 1765496761183}, {"id": "706368208", "price": 2.0391, "amount": 10.9, "side": "sell", "timestamp": 1765496761414}, {"id": "706368209", "price": 2.0391, "amount": 16.4, "side": "sell", "timestamp": 1765496761599}, {"id": "706368210", "price": 2.0391, "amount": 4.3, "side": "sell", "timestamp": 1765496761716}, {"id": "706368211", "price": 2.0392, "amount": 0.1, "side": "buy", "timestamp": 1765496762595}, {"id": "706368212", "price": 2.0391, "amount": 3247.8, "side": "sell", "timestamp": 1765496762724}, {"id": "706368213", "price": 2.039, "amount": 1909.7, "side": "sell", "timestamp": 1765496762757}, {"id": "706368214", "price": 2.0389, "amount": 5.9, "side": "sell", "timestamp": 1765496763057}, {"id": "706368215", "price": 2.039, "amount": 6.1, "side": "buy", "timestamp": 1765496763222}, {"id": "706368314", "price": 2.0379, "amount": 422.3, "side": "sell", "timestamp": 1765496791281}, {"id": "706368315", "price": 2.0379, "amount": 191.8, "side": "buy", "timestamp": 1765496791861}, {"id": "706368316", "price": 2.0378, "amount": 4.8, "side": "sell", "timestamp": 1765496792011}, {"id": "706368317", "price": 2.0379, "amount": 5.2, "side": "buy", "timestamp": 1765496792155}, {"id": "706368318", "price": 2.0378, "amount": 5.9, "side": "sell", "timestamp": 1765496793021}, {"id": "706368319", "price": 2.0379, "amount": 25.0, "side": "buy", "timestamp": 1765496793036}, {"id": "706368320", "price": 2.0378, "amount": 3.4, "side": "sell", "timestamp": 1765496793876}, {"id": "706368321", "price": 2.0378, "amount": 71.7, "side": "sell", "timestamp": 1765496794827}, {"id": "706368322", "price": 2.0378, "amount": 5.9, "side": "sell", "timestamp": 1765496796031}, {"id": "706368323", "price": 2.0379, "amount": 132.2, "side": "buy", "timestamp": 1765496796939}, {"id": "706368324", "price": 2.0379, "amount": 2.8, "side": "buy", "timestamp": 1765496797253}, {"id": "706368325", "price": 2.0378, "amount": 53.4, "side": "sell", "timestamp": 1765496797467}, {"id": "706368326", "price": 2.0378, "amount": 264.4, "side": "sell", "timestamp": 1765496797908}, {"id": "706368327", "price": 2.0379, "amount": 3.5, "side": "buy", "timestamp": 1765496798025}, {"id": "706368328", "price": 2.0379, "amount": 5515.6, "side": "buy", "timestamp": 1765496798166}, {"id": "706368329", "price": 2.038, "amount": 3138.4, "side": "buy", "timestamp": 1765496798228}, {"id": "706368330", "price": 2.0381, "amount": 25.2, "side": "buy", "timestamp": 1765496798276}, {"id": "706368331", "price": 2.0381, "amount": 27.6, "side": "sell", "timestamp": 1765496798342}, {"id": "706368332", "price": 2.0382, "amount": 8.2, "side": "buy", "timestamp": 1765496798486}, {"id": "706368333", "price": 2.0381, "amount": 5.9, "side": "sell", "timestamp": 1765496799095}, {"id": "706368334", "price": 2.0381, "amount": 43.1, "side": "sell", "timestamp": 1765496799227}, {"id": "706368335", "price": 2.0382, "amount": 7.4, "side": "buy", "timestamp": 1765496800444}, {"id": "706368336", "price": 2.0381, "amount": 3.0, "side": "sell", "timestamp": 1765496801091}, {"id": "706368337", "price": 2.0381, "amount": 5.9, "side": "sell", "timestamp": 1765496802143}, {"id": "706368338", "price": 2.0381, "amount": 490.6, "side": "sell", "timestamp": 1765496802765}, {"id": "706368339", "price": 2.0382, "amount": 3.3, "side": "buy", "timestamp": 1765496803133}, {"id": "706368340", "price": 2.0381, "amount": 1000.0, "side": "sell", "timestamp": 1765496804445}, {"id": "706368341", "price": 2.0381, "amount": 5.9, "side": "sell", "timestamp": 1765496805162}, {"id": "706368342", "price": 2.0382, "amount": 99.5, "side": "buy", "timestamp": 1765496805810}, {"id": "706368343", "price": 2.0382, "amount": 2.5, "side": "buy", "timestamp": 1765496805917}, {"id": "706368344", "price": 2.0382, "amount": 2.1, "side": "buy", "timestamp": 1765496806416}, {"id": "706368345", "price": 2.0382, "amount": 2.8, "side": "buy", "timestamp": 1765496807193}, {"id": "706368346", "price": 2.0382, "amount": 5.9, "side": "buy", "timestamp": 1765496807715}, {"id": "706368347", "price": 2.0382, "amount": 3.4, "side": "buy", "timestamp": 1765496807917}, {"id": "706368348", "price": 2.0381, "amount": 5.9, "side": "sell", "timestamp": 1765496808176}, {"id": "706368349", "price": 2.0382, "amount": 3.1, "side": "buy", "timestamp": 1765496808193}, {"id": "706368350", "price": 2.0382, "amount": 11.7, "side": "buy", "timestamp": 1765496808434}, {"id": "706368351", "price": 2.0381, "amount": 3.0, "side": "sell", "timestamp": 1765496808676}, {"id": "706368352", "price": 2.0381, "amount": 4.8, "side": "sell", "timestamp": 1765496809674}, {"id": "706368353", "price": 2.0381, "amount": 182.8, "side": "sell", "timestamp": 1765496810094}, {"id": "706368354", "price": 2.0381, "amount": 224.2, "side": "sell", "timestamp": 1765496810489}, {"id": "706368355", "price": 2.038, "amount": 25.3, "side": "sell", "timestamp": 1765496810489}, {"id": "706368356", "price": 2.0379, "amount": 5.9, "side": "sell", "timestamp": 1765496811191}, {"id": "706368357", "price": 2.0379, "amount": 3.4, "side": "sell", "timestamp": 1765496811638}, {"id": "706368358", "price": 2.0379, "amount": 983.9, "side": "sell", "timestamp": 1765496813168}, {"id": "706368359", "price": 2.0379, "amount": 5.9, "side": "sell", "timestamp": 1765496814003}, {"id": "706368360", "price": 2.0379, "amount": 200.0, "side": "sell", "timestamp": 1765496814712}, {"id": "706368361", "price": 2.0379, "amount": 2187.9, "side": "sell", "timestamp": 1765496815805}, {"id": "706368362", "price": 2.0379, "amount": 18.4, "side": "buy", "timestamp": 1765496816382}, {"id": "706368363", "price": 2.0378, "amount": 3.1, "side": "sell", "timestamp": 1765496816712}, {"id": "706368470", "price": 2.038, "amount": 0.1, "side": "buy", "timestamp": 1765496847939}, {"id": "706368471", "price": 2.038, "amount": 5.4, "side": "buy", "timestamp": 1765496848049}, {"id": "706368472", "price": 2.038, "amount": 0.1, "side": "buy", "timestamp": 1765496848528}, {"id": "706368473", "price": 2.038, "amount": 12.2, "side": "buy", "timestamp": 1765496849407}, {"id": "706368474", "price": 2.038, "amount": 8.2, "side": "buy", "timestamp": 1765496849762}, {"id": "706368475", "price": 2.038, "amount": 0.1, "side": "buy", "timestamp": 1765496849974}, {"id": "706368476", "price": 2.0379, "amount": 5.9, "side": "sell", "timestamp": 1765496850146}, {"id": "706368477", "price": 2.038, "amount": 1.4, "side": "buy", "timestamp": 1765496850550}, {"id": "706368478", "price": 2.038, "amount": 0.1, "side": "buy", "timestamp": 1765496851226}, {"id": "706368479", "price": 2.0379, "amount": 3.3, "side": "sell", "timestamp": 1765496851818}, {"id": "706368480", "price": 2.038, "amount": 0.1, "side": "buy", "timestamp": 1765496851833}, {"id": "706368481", "price": 2.038, "amount": 9544.3, "side": "buy", "timestamp": 1765496852143}, {"id": "706368482", "price": 2.0381, "amount": 3719.9, "side": "buy", "timestamp": 1765496852143}, {"id": "706368483", "price": 2.0382, "amount": 520.7, "side": "buy", "timestamp": 1765496852143}, {"id": "706368484", "price": 2.0382, "amount": 0.1, "side": "buy", "timestamp": 1765496852352}, {"id": "706368485", "price": 2.0381, "amount": 5.9, "side": "sell", "timestamp": 1765496853160}, {"id": "706368486", "price": 2.0381, "amount": 4.8, "side": "sell", "timestamp": 1765496853443}, {"id": "706368487", "price": 2.0382, "amount": 29.5, "side": "buy", "timestamp": 1765496853573}, {"id": "706368488", "price": 2.0382, "amount": 27.6, "side": "buy", "timestamp": 1765496855436}, {"id": "706368489", "price": 2.0382, "amount": 2.4, "side": "buy", "timestamp": 1765496856020}, {"id": "706368490", "price": 2.0381, "amount": 5.9, "side": "sell", "timestamp": 1765496856176}, {"id": "706368491", "price": 2.0381, "amount": 7.5, "side": "sell", "timestamp": 1765496856785}, {"id": "706368492", "price": 2.0382, "amount": 11.5, "side": "buy", "timestamp": 1765496857004}, {"id": "706368493", "price": 2.0381, "amount": 5.9, "side": "sell", "timestamp": 1765496859192}, {"id": "706368494", "price": 2.0381, "amount": 5430.5, "side": "sell", "timestamp": 1765496859489}, {"id": "706368495", "price": 2.038, "amount": 105.7, "side": "sell", "timestamp": 1765496859516}, {"id": "706368496", "price": 2.038, "amount": 4.1, "side": "buy", "timestamp": 1765496860925}, {"id": "706368497", "price": 2.0379, "amount": 5.9, "side": "sell", "timestamp": 1765496862048}, {"id": "706368498", "price": 2.0379, "amount": 5.8, "side": "sell", "timestamp": 1765496862693}, {"id": "706368499", "price": 2.038, "amount": 2.7, "side": "buy", "timestamp": 1765496863416}, {"id": "706368500", "price": 2.0379, "amount": 9.6, "side": "sell", "timestamp": 1765496864903}, {"id": "706368501", "price": 2.0379, "amount": 5.9, "side": "sell", "timestamp": 1765496865066}, {"id": "706368502", "price": 2.038, "amount": 7.1, "side": "buy", "timestamp": 1765496865287}, {"id": "706368503", "price": 2.038, "amount": 15.3, "side": "buy", "timestamp": 1765496865478}, {"id": "706368504", "price": 2.0379, "amount": 3.4, "side": "sell", "timestamp": 1765496865918}, {"id": "706368505", "price": 2.038, "amount": 5.0, "side": "buy", "timestamp": 1765496866189}, {"id": "706368506", "price": 2.0379, "amount": 89.6, "side": "sell", "timestamp": 1765496866244}, {"id": "706368507", "price": 2.038, "amount": 113.3, "side": "buy", "timestamp": 1765496866667}, {"id": "706368508", "price": 2.038, "amount": 4.2, "side": "buy", "timestamp": 1765496866821}, {"id": "706368509", "price": 2.038, "amount": 4.4, "side": "buy", "timestamp": 1765496867036}, {"id": "706368510", "price": 2.038, "amount": 4.7, "side": "buy", "timestamp": 1765496867597}, {"id": "706368511", "price": 2.038, "amount": 5566.8, "side": "buy", "timestamp": 1765496867730}, {"id": "706368512", "price": 2.0381, "amount": 3116.9, "side": "buy", "timestamp": 1765496867730}, {"id": "706368513", "price": 2.0382, "amount": 1660.4, "side": "buy", "timestamp": 1765496867730}, {"id": "706368514", "price": 2.0381, "amount": 7.8, "side": "buy", "timestamp": 1765496867734}, {"id": "706368515", "price": 2.0381, "amount": 49.8, "side": "buy", "timestamp": 1765496867931}, {"id": "706368516", "price": 2.038, "amount": 5.9, "side": "sell", "timestamp": 1765496868085}, {"id": "706368517", "price": 2.038, "amount": 42.3, "side": "sell", "timestamp": 1765496868343}, {"id": "706368518", "price": 2.038, "amount": 5.0, "side": "buy", "timestamp": 1765496868364}, {"id": "706368519", "price": 2.0379, "amount": 3065.6, "side": "sell", "timestamp": 1765496869178}, {"id": "706368629", "price": 2.0368, "amount": 1295.0, "side": "sell", "timestamp": 1765496901307}, {"id": "706368630", "price": 2.0368, "amount": 4.0, "side": "sell", "timestamp": 1765496901728}, {"id": "706368631", "price": 2.0369, "amount": 2.7, "side": "buy", "timestamp": 1765496903159}, {"id": "706368632", "price": 2.0368, "amount": 2.7, "side": "sell", "timestamp": 1765496903699}, {"id": "706368633", "price": 2.0368, "amount": 5.9, "side": "sell", "timestamp": 1765496904129}, {"id": "706368634", "price": 2.0368, "amount": 11.2, "side": "sell", "timestamp": 1765496904742}, {"id": "706368635", "price": 2.0368, "amount": 12.2, "side": "sell", "timestamp": 1765496904897}, {"id": "706368636", "price": 2.0369, "amount": 6572.6, "side": "buy", "timestamp": 1765496905396}, {"id": "706368637", "price": 2.0369, "amount": 4.3, "side": "buy", "timestamp": 1765496905692}, {"id": "706368638", "price": 2.0368, "amount": 3.5, "side": "sell", "timestamp": 1765496905704}, {"id": "706368639", "price": 2.0368, "amount": 3000.2, "side": "sell", "timestamp": 1765496906454}, {"id": "706368640", "price": 2.0368, "amount": 9442.2, "side": "sell", "timestamp": 1765496906920}, {"id": "706368641", "price": 2.0367, "amount": 355.2, "side": "sell", "timestamp": 1765496906920}, {"id": "706368642", "price": 2.0367, "amount": 5.9, "side": "sell", "timestamp": 1765496907140}, {"id": "706368643", "price": 2.0367, "amount": 14.7, "side": "sell", "timestamp": 1765496907606}, {"id": "706368644", "price": 2.0368, "amount": 2.7, "side": "buy", "timestamp": 1765496908831}, {"id": "706368645", "price": 2.0367, "amount": 8.8, "side": "sell", "timestamp": 1765496908849}, {"id": "706368646", "price": 2.0368, "amount": 49.0, "side": "buy", "timestamp": 1765496909158}, {"id": "706368647", "price": 2.0367, "amount": 127.7, "side": "sell", "timestamp": 1765496909389}, {"id": "706368648", "price": 2.0367, "amount": 9.6, "side": "sell", "timestamp": 1765496909818}, {"id": "706368649", "price": 2.0367, "amount": 8.3, "side": "sell", "timestamp": 1765496909945}, {"id": "706368650", "price": 2.0368, "amount": 792.3, "side": "buy", "timestamp": 1765496909977}, {"id": "706368651", "price": 2.0369, "amount": 1665.3, "side": "buy", "timestamp": 1765496910002}, {"id": "706368652", "price": 2.0368, "amount": 5.9, "side": "sell", "timestamp": 1765496910156}, {"id": "706368653", "price": 2.0369, "amount": 0.6, "side": "buy", "timestamp": 1765496911101}, {"id": "706368654", "price": 2.0369, "amount": 15.8, "side": "buy", "timestamp": 1765496911613}, {"id": "706368655", "price": 2.0369, "amount": 12.4, "side": "buy", "timestamp": 1765496911856}, {"id": "706368656", "price": 2.0368, "amount": 3566.9, "side": "sell", "timestamp": 1765496912855}, {"id": "706368657", "price": 2.0369, "amount": 3.0, "side": "buy", "timestamp": 1765496912893}, {"id": "706368658", "price": 2.0368, "amount": 5.9, "side": "sell", "timestamp": 1765496913168}, {"id": "706368659", "price": 2.0368, "amount": 4.8, "side": "sell", "timestamp": 1765496913505}, {"id": "706368660", "price": 2.0368, "amount": 5021.5, "side": "sell", "timestamp": 1765496914169}, {"id": "706368661", "price": 2.0369, "amount": 3299.2, "side": "buy", "timestamp": 1765496915229}, {"id": "706368662", "price": 2.0369, "amount": 316.8, "side": "buy", "timestamp": 1765496915658}, {"id": "706368663", "price": 2.0368, "amount": 5.9, "side": "sell", "timestamp": 1765496916181}, {"id": "706368664", "price": 2.0369, "amount": 0.1, "side": "buy", "timestamp": 1765496916601}, {"id": "706368665", "price": 2.0368, "amount": 25.5, "side": "sell", "timestamp": 1765496916982}, {"id": "706368666", "price": 2.0369, "amount": 2.9, "side": "buy", "timestamp": 1765496917138}, {"id": "706368667", "price": 2.0369, "amount": 0.1, "side": "buy", "timestamp": 1765496917305}, {"id": "706368668", "price": 2.0369, "amount": 8.2, "side": "buy", "timestamp": 1765496918062}, {"id": "706368669", "price": 2.0369, "amount": 0.1, "side": "buy", "timestamp": 1765496918399}, {"id": "706368670", "price": 2.0369, "amount": 0.1, "side": "buy", "timestamp": 1765496918620}, {"id": "706368671", "price": 2.0369, "amount": 4.7, "side": "buy", "timestamp": 1765496918725}, {"id": "706368672", "price": 2.0368, "amount": 5.9, "side": "sell", "timestamp": 1765496919194}, {"id": "706368673", "price": 2.0369, "amount": 0.1, "side": "buy", "timestamp": 1765496919279}, {"id": "706368674", "price": 2.0369, "amount": 143.0, "side": "buy", "timestamp": 1765496920372}, {"id": "706368675", "price": 2.0369, "amount": 0.1, "side": "buy", "timestamp": 1765496920748}, {"id": "706368676", "price": 2.0369, "amount": 0.1, "side": "buy", "timestamp": 1765496921459}, {"id": "706368677", "price": 2.0368, "amount": 5.9, "side": "sell", "timestamp": 1765496922006}, {"id": "706368678", "price": 2.0369, "amount": 0.1, "side": "buy", "timestamp": 1765496922122}, {"id": "706368744", "price": 2.0374, "amount": 5.9, "side": "buy", "timestamp": 1765496951724}, {"id": "706368745", "price": 2.0374, "amount": 8.2, "side": "buy", "timestamp": 1765496951862}, {"id": "706368746", "price": 2.0373, "amount": 1842.8, "side": "sell", "timestamp": 1765496951952}, {"id": "706368747", "price": 2.0373, "amount": 6.5, "side": "sell", "timestamp": 1765496952219}, {"id": "706368748", "price": 2.0374, "amount": 1.1, "side": "buy", "timestamp": 1765496952497}, {"id": "706368749", "price": 2.0374, "amount": 26.2, "side": "buy", "timestamp": 1765496953168}, {"id": "706368750", "price": 2.0373, "amount": 3557.0, "side": "sell", "timestamp": 1765496954928}, {"id": "706368751", "price": 2.0372, "amount": 5.9, "side": "sell", "timestamp": 1765496955085}, {"id": "706368752", "price": 2.0373, "amount": 3.2, "side": "buy", "timestamp": 1765496955364}, {"id": "706368753", "price": 2.0372, "amount": 3051.2, "side": "sell", "timestamp": 1765496955395}, {"id": "706368754", "price": 2.0371, "amount": 25.9, "side": "sell", "timestamp": 1765496955406}, {"id": "706368755", "price": 2.0371, "amount": 47.4, "side": "buy", "timestamp": 1765496955451}, {"id": "706368756", "price": 2.037, "amount": 30.1, "side": "sell", "timestamp": 1765496955566}, {"id": "706368757", "price": 2.0369, "amount": 5.9, "side": "sell", "timestamp": 1765496958137}, {"id": "706368758", "price": 2.0369, "amount": 7.8, "side": "sell", "timestamp": 1765496958404}, {"id": "706368759", "price": 2.037, "amount": 0.9, "side": "buy", "timestamp": 1765496958595}, {"id": "706368760", "price": 2.0369, "amount": 1183.8, "side": "sell", "timestamp": 1765496958994}, {"id": "706368761", "price": 2.0368, "amount": 312.7, "side": "sell", "timestamp": 1765496959045}, {"id": "706368762", "price": 2.0367, "amount": 139.3, "side": "sell", "timestamp": 1765496959196}, {"id": "706368763", "price": 2.0368, "amount": 96.0, "side": "buy", "timestamp": 1765496959634}, {"id": "706368764", "price": 2.0367, "amount": 4.3, "side": "sell", "timestamp": 1765496959927}, {"id": "706368765", "price": 2.0367, "amount": 228.2, "side": "sell", "timestamp": 1765496960473}, {"id": "706368766", "price": 2.0366, "amount": 757.8, "side": "sell", "timestamp": 1765496960473}, {"id": "706368767", "price": 2.0365, "amount": 10.3, "side": "sell", "timestamp": 1765496960495}, {"id": "706368768", "price": 2.0365, "amount": 4.4, "side": "buy", "timestamp": 1765496961129}, {"id": "706368769", "price": 2.0364, "amount": 5.9, "side": "sell", "timestamp": 1765496961199}, {"id": "706368770", "price": 2.0364, "amount": 4.0, "side": "sell", "timestamp": 1765496962736}, {"id": "706368771", "price": 2.0365, "amount": 4.1, "side": "buy", "timestamp": 1765496963042}, {"id": "706368772", "price": 2.0365, "amount": 29.4, "side": "buy", "timestamp": 1765496963579}, {"id": "706368773", "price": 2.0364, "amount": 5.9, "side": "sell", "timestamp": 1765496964039}, {"id": "706368774", "price": 2.0365, "amount": 95.8, "side": "buy", "timestamp": 1765496964239}, {"id": "706368775", "price": 2.0364, "amount": 35.6, "side": "sell", "timestamp": 1765496964309}, {"id": "706368776", "price": 2.0364, "amount": 3.9, "side": "sell", "timestamp": 1765496964649}, {"id": "706368777", "price": 2.0365, "amount": 2211.4, "side": "buy", "timestamp": 1765496964896}, {"id": "706368778", "price": 2.0365, "amount": 2.9, "side": "sell", "timestamp": 1765496965719}, {"id": "706368779", "price": 2.0366, "amount": 14.9, "side": "buy", "timestamp": 1765496965782}, {"id": "706368780", "price": 2.0366, "amount": 4.3, "side": "buy", "timestamp": 1765496966332}, {"id": "706368781", "price": 2.0365, "amount": 5.9, "side": "sell", "timestamp": 1765496967067}, {"id": "706368782", "price": 2.0366, "amount": 14.7, "side": "buy", "timestamp": 1765496967839}, {"id": "706368783", "price": 2.0365, "amount": 3.9, "side": "sell", "timestamp": 1765496968820}, {"id": "706368784", "price": 2.0366, "amount": 5.4, "side": "buy", "timestamp": 1765496969544}, {"id": "706368785", "price": 2.0366, "amount": 4.7, "side": "buy", "timestamp": 1765496969671}, {"id": "706368786", "price": 2.0365, "amount": 5.9, "side": "sell", "timestamp": 1765496970110}, {"id": "706368787", "price": 2.0365, "amount": 4.8, "side": "sell", "timestamp": 1765496970687}, {"id": "706368788", "price": 2.0365, "amount": 3.0, "side": "sell", "timestamp": 1765496970829}, {"id": "706368789", "price": 2.0366, "amount": 1.3, "side": "buy", "timestamp": 1765496971638}, {"id": "706368790", "price": 2.0365, "amount": 5.9, "side": "sell", "timestamp": 1765496973131}, {"id": "706368791", "price": 2.0365, "amount": 9.5, "side": "sell", "timestamp": 1765496973885}, {"id": "706368792", "price": 2.0366, "amount": 1719.5, "side": "buy", "timestamp": 1765496974097}, {"id": "706368793", "price": 2.0367, "amount": 401.2, "side": "buy", "timestamp": 1765496974121}, {"id": "706368937", "price": 2.0357, "amount": 29.4, "side": "sell", "timestamp": 1765497019125}, {"id": "706368938", "price": 2.0358, "amount": 442.6, "side": "buy", "timestamp": 1765497019141}, {"id": "706368939", "price": 2.0358, "amount": 0.1, "side": "buy", "timestamp": 1765497019436}, {"id": "706368940", "price": 2.0357, "amount": 3.4, "side": "sell", "timestamp": 1765497019725}, {"id": "706368941", "price": 2.0357, "amount": 11.3, "side": "sell", "timestamp": 1765497019946}, {"id": "706368942", "price": 2.0358, "amount": 0.1, "side": "buy", "timestamp": 1765497020007}, {"id": "706368943", "price": 2.0358, "amount": 0.1, "side": "buy", "timestamp": 1765497020147}, {"id": "706368944", "price": 2.0358, "amount": 0.1, "side": "buy", "timestamp": 1765497020770}, {"id": "706368945", "price": 2.0358, "amount": 5.2, "side": "buy", "timestamp": 1765497020886}, {"id": "706368946", "price": 2.0357, "amount": 5.9, "side": "sell", "timestamp": 1765497021021}, {"id": "706368947", "price": 2.0358, "amount": 0.1, "side": "buy", "timestamp": 1765497021037}, {"id": "706368948", "price": 2.0358, "amount": 0.1, "side": "buy", "timestamp": 1765497021620}, {"id": "706368949", "price": 2.0357, "amount": 3.1, "side": "sell", "timestamp": 1765497021710}, {"id": "706368950", "price": 2.0358, "amount": 0.1, "side": "buy", "timestamp": 1765497021769}, {"id": "706368951", "price": 2.0358, "amount": 0.1, "side": "buy", "timestamp": 1765497021924}, {"id": "706368952", "price": 2.0358, "amount": 0.1, "side": "buy", "timestamp": 1765497022078}, {"id": "706368953", "price": 2.0358, "amount": 0.1, "side": "buy", "timestamp": 1765497022415}, {"id": "706368954", "price": 2.0357, "amount": 316.2, "side": "sell", "timestamp": 1765497022697}, {"id": "706368955", "price": 2.0358, "amount": 981.9, "side": "buy", "timestamp": 1765497022818}, {"id": "706368956", "price": 2.0357, "amount": 16.5, "side": "sell", "timestamp": 1765497023038}, {"id": "706368957", "price": 2.0358, "amount": 152.6, "side": "buy", "timestamp": 1765497023508}, {"id": "706368958", "price": 2.0359, "amount": 6.0, "side": "buy", "timestamp": 1765497023706}, {"id": "706368959", "price": 2.0358, "amount": 2.7, "side": "sell", "timestamp": 1765497023725}, {"id": "706368960", "price": 2.0359, "amount": 10752.7, "side": "buy", "timestamp": 1765497023789}, {"id": "706368961", "price": 2.036, "amount": 12.8, "side": "buy", "timestamp": 1765497023808}, {"id": "706368962", "price": 2.036, "amount": 3.4, "side": "sell", "timestamp": 1765497023886}, {"id": "706368963", "price": 2.0361, "amount": 150.6, "side": "buy", "timestamp": 1765497023902}, {"id": "706368964", "price": 2.0362, "amount": 0.1, "side": "buy", "timestamp": 1765497023903}, {"id": "706368965", "price": 2.0361, "amount": 5.9, "side": "sell", "timestamp": 1765497024069}, {"id": "706368966", "price": 2.0362, "amount": 0.1, "side": "buy", "timestamp": 1765497024271}, {"id": "706368967", "price": 2.0362, "amount": 19.4, "side": "buy", "timestamp": 1765497024414}, {"id": "706368968", "price": 2.0361, "amount": 4.6, "side": "sell", "timestamp": 1765497024517}, {"id": "706368969", "price": 2.0362, "amount": 0.1, "side": "buy", "timestamp": 1765497024574}, {"id": "706368970", "price": 2.0362, "amount": 7.6, "side": "buy", "timestamp": 1765497024705}, {"id": "706368971", "price": 2.0361, "amount": 21.8, "side": "sell", "timestamp": 1765497024720}, {"id": "706368972", "price": 2.0362, "amount": 0.1, "side": "buy", "timestamp": 1765497024868}, {"id": "706368973", "price": 2.0362, "amount": 0.1, "side": "buy", "timestamp": 1765497025162}, {"id": "706368974", "price": 2.0362, "amount": 0.1, "side": "buy", "timestamp": 1765497025525}, {"id": "706368975", "price": 2.0361, "amount": 4913.9, "side": "sell", "timestamp": 1765497026408}, {"id": "706368976", "price": 2.0362, "amount": 23.5, "side": "buy", "timestamp": 1765497026894}, {"id": "706368977", "price": 2.0361, "amount": 5.9, "side": "sell", "timestamp": 1765497027110}, {"id": "706368978", "price": 2.0362, "amount": 0.1, "side": "buy", "timestamp": 1765497027260}, {"id": "706368979", "price": 2.0362, "amount": 0.1, "side": "buy", "timestamp": 1765497027390}, {"id": "706368980", "price": 2.0362, "amount": 0.1, "side": "buy", "timestamp": 1765497027563}, {"id": "706368981", "price": 2.0361, "amount": 7.1, "side": "sell", "timestamp": 1765497027654}, {"id": "706368982", "price": 2.0361, "amount": 6.2, "side": "sell", "timestamp": 1765497027875}, {"id": "706368983", "price": 2.0362, "amount": 29.9, "side": "buy", "timestamp": 1765497028072}, {"id": "706368984", "price": 2.0361, "amount": 14.7, "side": "sell", "timestamp": 1765497028132}, {"id": "706368985", "price": 2.0362, "amount": 0.1, "side": "buy", "timestamp": 1765497028212}, {"id": "706368986", "price": 2.0361, "amount": 5335.2, "side": "sell", "timestamp": 1765497028239}, {"id": "706369127", "price": 2.0364, "amount": 1679.0, "side": "sell", "timestamp": 1765497065011}, {"id": "706369128", "price": 2.0365, "amount": 0.1, "side": "buy", "timestamp": 1765497065368}, {"id": "706369129", "price": 2.0365, "amount": 0.1, "side": "buy", "timestamp": 1765497065495}, {"id": "706369130", "price": 2.0365, "amount": 4.5, "side": "buy", "timestamp": 1765497066051}, {"id": "706369131", "price": 2.0364, "amount": 5.9, "side": "sell", "timestamp": 1765497066156}, {"id": "706369132", "price": 2.0365, "amount": 21.3, "side": "buy", "timestamp": 1765497067116}, {"id": "706369133", "price": 2.0364, "amount": 22.4, "side": "sell", "timestamp": 1765497067141}, {"id": "706369134", "price": 2.0364, "amount": 2.6, "side": "sell", "timestamp": 1765497067342}, {"id": "706369135", "price": 2.0364, "amount": 7.9, "side": "sell", "timestamp": 1765497067629}, {"id": "706369136", "price": 2.0365, "amount": 981.9, "side": "buy", "timestamp": 1765497067632}, {"id": "706369137", "price": 2.0364, "amount": 2.6, "side": "sell", "timestamp": 1765497067678}, {"id": "706369138", "price": 2.0365, "amount": 23.4, "side": "buy", "timestamp": 1765497068198}, {"id": "706369139", "price": 2.0365, "amount": 3.2, "side": "buy", "timestamp": 1765497068428}, {"id": "706369140", "price": 2.0364, "amount": 5.9, "side": "sell", "timestamp": 1765497069172}, {"id": "706369141", "price": 2.0365, "amount": 30.8, "side": "buy", "timestamp": 1765497069378}, {"id": "706369142", "price": 2.0364, "amount": 6.7, "side": "sell", "timestamp": 1765497069845}, {"id": "706369143", "price": 2.0365, "amount": 14.7, "side": "buy", "timestamp": 1765497070247}, {"id": "706369144", "price": 2.0364, "amount": 11.3, "side": "sell", "timestamp": 1765497071840}, {"id": "706369145", "price": 2.0364, "amount": 5.9, "side": "sell", "timestamp": 1765497072008}, {"id": "706369146", "price": 2.0364, "amount": 626.2, "side": "sell", "timestamp": 1765497072794}, {"id": "706369147", "price": 2.0364, "amount": 27.3, "side": "sell", "timestamp": 1765497072922}, {"id": "706369148", "price": 2.0365, "amount": 0.9, "side": "buy", "timestamp": 1765497073164}, {"id": "706369149", "price": 2.0364, "amount": 4.6, "side": "sell", "timestamp": 1765497073405}, {"id": "706369150", "price": 2.0365, "amount": 1.9, "side": "buy", "timestamp": 1765497074482}, {"id": "706369151", "price": 2.0364, "amount": 34.9, "side": "sell", "timestamp": 1765497074745}, {"id": "706369152", "price": 2.0364, "amount": 5.9, "side": "sell", "timestamp": 1765497075025}, {"id": "706369153", "price": 2.0365, "amount": 455.8, "side": "buy", "timestamp": 1765497075113}, {"id": "706369154", "price": 2.0365, "amount": 565.6, "side": "buy", "timestamp": 1765497075374}, {"id": "706369155", "price": 2.0366, "amount": 37.0, "side": "buy", "timestamp": 1765497075382}, {"id": "706369156", "price": 2.0367, "amount": 760.9, "side": "buy", "timestamp": 1765497075691}, {"id": "706369157", "price": 2.0368, "amount": 221.0, "side": "buy", "timestamp": 1765497075691}, {"id": "706369158", "price": 2.0367, "amount": 4.9, "side": "sell", "timestamp": 1765497076347}, {"id": "706369159", "price": 2.0367, "amount": 10.0, "side": "sell", "timestamp": 1765497076531}, {"id": "706369160", "price": 2.0367, "amount": 1070.0, "side": "sell", "timestamp": 1765497076965}, {"id": "706369161", "price": 2.0368, "amount": 198.1, "side": "buy", "timestamp": 1765497077054}, {"id": "706369162", "price": 2.0368, "amount": 3046.0, "side": "buy", "timestamp": 1765497077163}, {"id": "706369163", "price": 2.0369, "amount": 1863.4, "side": "buy", "timestamp": 1765497077163}, {"id": "706369164", "price": 2.037, "amount": 1023.0, "side": "buy", "timestamp": 1765497077196}, {"id": "706369165", "price": 2.037, "amount": 184.2, "side": "buy", "timestamp": 1765497077392}, {"id": "706369166", "price": 2.037, "amount": 23.3, "side": "buy", "timestamp": 1765497078016}, {"id": "706369167", "price": 2.0369, "amount": 5.9, "side": "sell", "timestamp": 1765497078056}, {"id": "706369168", "price": 2.037, "amount": 5.3, "side": "buy", "timestamp": 1765497078126}, {"id": "706369169", "price": 2.037, "amount": 1.3, "side": "buy", "timestamp": 1765497078987}, {"id": "706369170", "price": 2.037, "amount": 0.8, "side": "buy", "timestamp": 1765497079190}, {"id": "706369171", "price": 2.0369, "amount": 65.0, "side": "sell", "timestamp": 1765497079742}, {"id": "706369172", "price": 2.037, "amount": 18.1, "side": "buy", "timestamp": 1765497079854}, {"id": "706369173", "price": 2.037, "amount": 36.0, "side": "buy", "timestamp": 1765497080714}, {"id": "706369174", "price": 2.0369, "amount": 5.9, "side": "sell", "timestamp": 1765497081087}, {"id": "706369175", "price": 2.037, "amount": 0.1, "side": "buy", "timestamp": 1765497081408}, {"id": "706369176", "price": 2.0369, "amount": 49.8, "side": "sell", "timestamp": 1765497081555}, {"id": "706369307", "price": 2.0373, "amount": 171.7, "side": "buy", "timestamp": 1765497119632}, {"id": "706369308", "price": 2.0373, "amount": 2951.7, "side": "sell", "timestamp": 1765497119799}, {"id": "706369309", "price": 2.0374, "amount": 0.1, "side": "buy", "timestamp": 1765497119902}, {"id": "706369310", "price": 2.0373, "amount": 5.9, "side": "sell", "timestamp": 1765497120066}, {"id": "706369311", "price": 2.0374, "amount": 0.1, "side": "buy", "timestamp": 1765497120215}, {"id": "706369312", "price": 2.0374, "amount": 0.1, "side": "buy", "timestamp": 1765497120492}, {"id": "706369313", "price": 2.0373, "amount": 9.0, "side": "sell", "timestamp": 1765497120528}, {"id": "706369314", "price": 2.0374, "amount": 6.3, "side": "buy", "timestamp": 1765497120777}, {"id": "706369315", "price": 2.0373, "amount": 3.1, "side": "sell", "timestamp": 1765497120888}, {"id": "706369316", "price": 2.0374, "amount": 0.1, "side": "buy", "timestamp": 1765497121103}, {"id": "706369317", "price": 2.0373, "amount": 5.1, "side": "sell", "timestamp": 1765497121402}, {"id": "706369318", "price": 2.0374, "amount": 0.1, "side": "buy", "timestamp": 1765497121430}, {"id": "706369319", "price": 2.0374, "amount": 21.1, "side": "buy", "timestamp": 1765497121658}, {"id": "706369320", "price": 2.0374, "amount": 0.1, "side": "buy", "timestamp": 1765497122025}, {"id": "706369321", "price": 2.0373, "amount": 4.9, "side": "sell", "timestamp": 1765497122862}, {"id": "706369322", "price": 2.0373, "amount": 5.9, "side": "sell", "timestamp": 1765497123080}, {"id": "706369323", "price": 2.0374, "amount": 5.2, "side": "buy", "timestamp": 1765497123350}, {"id": "706369324", "price": 2.0374, "amount": 0.1, "side": "buy", "timestamp": 1765497123643}, {"id": "706369325", "price": 2.0374, "amount": 0.1, "side": "buy", "timestamp": 1765497124371}, {"id": "706369326", "price": 2.0373, "amount": 7.7, "side": "sell", "timestamp": 1765497124382}, {"id": "706369327", "price": 2.0374, "amount": 10.2, "side": "buy", "timestamp": 1765497124384}, {"id": "706369328", "price": 2.0374, "amount": 15.9, "side": "buy", "timestamp": 1765497124569}, {"id": "706369329", "price": 2.0374, "amount": 109.5, "side": "buy", "timestamp": 1765497124906}, {"id": "706369330", "price": 2.0374, "amount": 106.7, "side": "buy", "timestamp": 1765497125020}, {"id": "706369331", "price": 2.0374, "amount": 34.5, "side": "buy", "timestamp": 1765497125159}, {"id": "706369332", "price": 2.0374, "amount": 1005.4, "side": "buy", "timestamp": 1765497125289}, {"id": "706369333", "price": 2.0374, "amount": 106.2, "side": "buy", "timestamp": 1765497125506}, {"id": "706369334", "price": 2.0374, "amount": 51.9, "side": "buy", "timestamp": 1765497125628}, {"id": "706369335", "price": 2.0374, "amount": 128.6, "side": "buy", "timestamp": 1765497125888}, {"id": "706369336", "price": 2.0373, "amount": 5.9, "side": "sell", "timestamp": 1765497126114}, {"id": "706369337", "price": 2.0374, "amount": 4.3, "side": "buy", "timestamp": 1765497127207}, {"id": "706369338", "price": 2.0374, "amount": 106.7, "side": "buy", "timestamp": 1765497127410}, {"id": "706369339", "price": 2.0375, "amount": 0.1, "side": "buy", "timestamp": 1765497127580}, {"id": "706369340", "price": 2.0375, "amount": 0.1, "side": "buy", "timestamp": 1765497127879}, {"id": "706369341", "price": 2.0374, "amount": 5.9, "side": "sell", "timestamp": 1765497129138}, {"id": "706369342", "price": 2.0375, "amount": 0.1, "side": "buy", "timestamp": 1765497130624}, {"id": "706369343", "price": 2.0375, "amount": 982.0, "side": "buy", "timestamp": 1765497130788}, {"id": "706369344", "price": 2.0375, "amount": 9.0, "side": "buy", "timestamp": 1765497130953}, {"id": "706369345", "price": 2.0374, "amount": 3229.1, "side": "sell", "timestamp": 1765497131446}, {"id": "706369346", "price": 2.0373, "amount": 1953.6, "side": "sell", "timestamp": 1765497131662}, {"id": "706369347", "price": 2.0372, "amount": 2850.8, "side": "sell", "timestamp": 1765497131662}, {"id": "706369348", "price": 2.0371, "amount": 629.8, "side": "sell", "timestamp": 1765497131662}, {"id": "706369349", "price": 2.037, "amount": 5.9, "side": "sell", "timestamp": 1765497131721}, {"id": "706369350", "price": 2.037, "amount": 5.9, "side": "sell", "timestamp": 1765497132027}, {"id": "706369351", "price": 2.037, "amount": 605.1, "side": "sell", "timestamp": 1765497132466}, {"id": "706369352", "price": 2.037, "amount": 1308.1, "side": "sell", "timestamp": 1765497132916}, {"id": "706369353", "price": 2.0369, "amount": 7.8, "side": "sell", "timestamp": 1765497132926}, {"id": "706369354", "price": 2.0369, "amount": 5000.0, "side": "buy", "timestamp": 1765497133020}, {"id": "706369355", "price": 2.0369, "amount": 3.9, "side": "buy", "timestamp": 1765497133793}, {"id": "706369356", "price": 2.0369, "amount": 5.6, "side": "buy", "timestamp": 1765497134398}, {"id": "706369470", "price": 2.0349, "amount": 257.8, "side": "sell", "timestamp": 1765497171185}, {"id": "706369471", "price": 2.0349, "amount": 92.8, "side": "sell", "timestamp": 1765497171325}, {"id": "706369472", "price": 2.035, "amount": 0.8, "side": "buy", "timestamp": 1765497171369}, {"id": "706369473", "price": 2.0349, "amount": 1659.7, "side": "sell", "timestamp": 1765497171782}, {"id": "706369474", "price": 2.0348, "amount": 162.0, "side": "sell", "timestamp": 1765497171787}, {"id": "706369475", "price": 2.0348, "amount": 801.4, "side": "sell", "timestamp": 1765497172339}, {"id": "706369476", "price": 2.0348, "amount": 32.8, "side": "sell", "timestamp": 1765497172699}, {"id": "706369477", "price": 2.0348, "amount": 39.5, "side": "sell", "timestamp": 1765497172818}, {"id": "706369478", "price": 2.0349, "amount": 287.7, "side": "buy", "timestamp": 1765497173030}, {"id": "706369479", "price": 2.0348, "amount": 20.0, "side": "sell", "timestamp": 1765497173038}, {"id": "706369480", "price": 2.0348, "amount": 142.8, "side": "sell", "timestamp": 1765497173396}, {"id": "706369481", "price": 2.0348, "amount": 111.2, "side": "sell", "timestamp": 1765497173633}, {"id": "706369482", "price": 2.0348, "amount": 99.3, "side": "sell", "timestamp": 1765497173777}, {"id": "706369483", "price": 2.0348, "amount": 124.6, "side": "sell", "timestamp": 1765497174016}, {"id": "706369484", "price": 2.0349, "amount": 563.5, "side": "buy", "timestamp": 1765497174433}, {"id": "706369485", "price": 2.0348, "amount": 5.2, "side": "sell", "timestamp": 1765497174453}, {"id": "706369486", "price": 2.0348, "amount": 22.1, "side": "sell", "timestamp": 1765497174654}, {"id": "706369487", "price": 2.0348, "amount": 3064.1, "side": "sell", "timestamp": 1765497174877}, {"id": "706369488", "price": 2.0347, "amount": 2128.1, "side": "sell", "timestamp": 1765497174920}, {"id": "706369489", "price": 2.0347, "amount": 8.4, "side": "sell", "timestamp": 1765497175053}, {"id": "706369490", "price": 2.0347, "amount": 11.7, "side": "sell", "timestamp": 1765497175757}, {"id": "706369491", "price": 2.0347, "amount": 3.3, "side": "sell", "timestamp": 1765497175889}, {"id": "706369492", "price": 2.0348, "amount": 376.5, "side": "buy", "timestamp": 1765497175923}, {"id": "706369493", "price": 2.0347, "amount": 284.6, "side": "sell", "timestamp": 1765497176507}, {"id": "706369494", "price": 2.0348, "amount": 2533.9, "side": "buy", "timestamp": 1765497176880}, {"id": "706369495", "price": 2.0348, "amount": 1338.3, "side": "sell", "timestamp": 1765497177032}, {"id": "706369496", "price": 2.0349, "amount": 0.1, "side": "buy", "timestamp": 1765497177238}, {"id": "706369497", "price": 2.0348, "amount": 3.0, "side": "sell", "timestamp": 1765497177573}, {"id": "706369498", "price": 2.0348, "amount": 6.2, "side": "sell", "timestamp": 1765497178699}, {"id": "706369499", "price": 2.0349, "amount": 0.1, "side": "buy", "timestamp": 1765497179850}, {"id": "706369500", "price": 2.0348, "amount": 124.2, "side": "sell", "timestamp": 1765497180000}, {"id": "706369501", "price": 2.0349, "amount": 3691.9, "side": "buy", "timestamp": 1765497180880}, {"id": "706369502", "price": 2.035, "amount": 3027.9, "side": "buy", "timestamp": 1765497180882}, {"id": "706369503", "price": 2.035, "amount": 3.1, "side": "sell", "timestamp": 1765497180919}, {"id": "706369504", "price": 2.0351, "amount": 3.1, "side": "buy", "timestamp": 1765497180969}, {"id": "706369505", "price": 2.035, "amount": 4.5, "side": "sell", "timestamp": 1765497181094}, {"id": "706369506", "price": 2.035, "amount": 1863.3, "side": "sell", "timestamp": 1765497181451}, {"id": "706369507", "price": 2.0349, "amount": 7.5, "side": "sell", "timestamp": 1765497181463}, {"id": "706369508", "price": 2.0349, "amount": 8.9, "side": "buy", "timestamp": 1765497182277}, {"id": "706369509", "price": 2.0348, "amount": 5.9, "side": "sell", "timestamp": 1765497183150}, {"id": "706369510", "price": 2.0348, "amount": 5.4, "side": "sell", "timestamp": 1765497183389}, {"id": "706369511", "price": 2.0348, "amount": 2.5, "side": "sell", "timestamp": 1765497183566}, {"id": "706369512", "price": 2.0349, "amount": 8.2, "side": "buy", "timestamp": 1765497183573}, {"id": "706369513", "price": 2.0349, "amount": 3.5, "side": "buy", "timestamp": 1765497184547}, {"id": "706369514", "price": 2.0348, "amount": 4.9, "side": "sell", "timestamp": 1765497185110}, {"id": "706369515", "price": 2.0349, "amount": 27.0, "side": "buy", "timestamp": 1765497185753}, {"id": "706369516", "price": 2.0348, "amount": 646.1, "side": "sell", "timestamp": 1765497186189}, {"id": "706369517", "price": 2.0349, "amount": 6.3, "side": "buy", "timestamp": 1765497186510}, {"id": "706369518", "price": 2.0349, "amount": 2.9, "side": "buy", "timestamp": 1765497187025}, {"id": "706369519", "price": 2.0349, "amount": 23.4, "side": "buy", "timestamp": 1765497187548}, {"id": "706369712", "price": 2.0336, "amount": 39.4, "side": "sell", "timestamp": 1765497229854}, {"id": "706369713", "price": 2.0337, "amount": 14.7, "side": "buy", "timestamp": 1765497229930}, {"id": "706369714", "price": 2.0336, "amount": 51.6, "side": "sell", "timestamp": 1765497229960}, {"id": "706369715", "price": 2.0336, "amount": 3.4, "side": "sell", "timestamp": 1765497230100}, {"id": "706369716", "price": 2.0337, "amount": 4.0, "side": "buy", "timestamp": 1765497230108}, {"id": "706369717", "price": 2.0336, "amount": 988.2, "side": "sell", "timestamp": 1765497230210}, {"id": "706369718", "price": 2.0335, "amount": 1341.4, "side": "sell", "timestamp": 1765497230213}, {"id": "706369719", "price": 2.0334, "amount": 5153.4, "side": "sell", "timestamp": 1765497230214}, {"id": "706369720", "price": 2.0335, "amount": 721.9, "side": "buy", "timestamp": 1765497230281}, {"id": "706369721", "price": 2.0334, "amount": 6632.0, "side": "sell", "timestamp": 1765497230305}, {"id": "706369722", "price": 2.0335, "amount": 5.5, "side": "buy", "timestamp": 1765497230354}, {"id": "706369723", "price": 2.0334, "amount": 6688.0, "side": "sell", "timestamp": 1765497230395}, {"id": "706369724", "price": 2.0334, "amount": 865.9, "side": "sell", "timestamp": 1765497230536}, {"id": "706369725", "price": 2.0334, "amount": 4357.6, "side": "sell", "timestamp": 1765497230731}, {"id": "706369726", "price": 2.0334, "amount": 520.2, "side": "sell", "timestamp": 1765497230832}, {"id": "706369727", "price": 2.0334, "amount": 491.1, "side": "sell", "timestamp": 1765497230998}, {"id": "706369728", "price": 2.0335, "amount": 0.1, "side": "buy", "timestamp": 1765497231119}, {"id": "706369729", "price": 2.0334, "amount": 5.9, "side": "sell", "timestamp": 1765497231197}, {"id": "706369730", "price": 2.0335, "amount": 256.6, "side": "buy", "timestamp": 1765497231243}, {"id": "706369731", "price": 2.0334, "amount": 31.0, "side": "sell", "timestamp": 1765497231386}, {"id": "706369732", "price": 2.0335, "amount": 0.1, "side": "buy", "timestamp": 1765497231401}, {"id": "706369733", "price": 2.0334, "amount": 4.1, "side": "sell", "timestamp": 1765497231624}, {"id": "706369734", "price": 2.0334, "amount": 1275.7, "side": "sell", "timestamp": 1765497231968}, {"id": "706369735", "price": 2.0334, "amount": 5.2, "side": "sell", "timestamp": 1765497232132}, {"id": "706369736", "price": 2.0334, "amount": 77.4, "side": "sell", "timestamp": 1765497232489}, {"id": "706369737", "price": 2.0335, "amount": 25.1, "side": "buy", "timestamp": 1765497233035}, {"id": "706369738", "price": 2.0335, "amount": 8.9, "side": "buy", "timestamp": 1765497233145}, {"id": "706369739", "price": 2.0335, "amount": 7128.5, "side": "buy", "timestamp": 1765497233572}, {"id": "706369740", "price": 2.0336, "amount": 24072.7, "side": "buy", "timestamp": 1765497233572}, {"id": "706369741", "price": 2.0337, "amount": 4518.7, "side": "buy", "timestamp": 1765497233574}, {"id": "706369742", "price": 2.0338, "amount": 49.6, "side": "buy", "timestamp": 1765497233627}, {"id": "706369743", "price": 2.0339, "amount": 5428.9, "side": "buy", "timestamp": 1765497233680}, {"id": "706369744", "price": 2.034, "amount": 12.8, "side": "buy", "timestamp": 1765497233711}, {"id": "706369745", "price": 2.034, "amount": 11723.0, "side": "sell", "timestamp": 1765497233833}, {"id": "706369746", "price": 2.0339, "amount": 1215.7, "side": "sell", "timestamp": 1765497233979}, {"id": "706369747", "price": 2.0338, "amount": 2539.3, "side": "sell", "timestamp": 1765497233979}, {"id": "706369748", "price": 2.0338, "amount": 25.6, "side": "sell", "timestamp": 1765497234422}, {"id": "706369749", "price": 2.0339, "amount": 2.3, "side": "buy", "timestamp": 1765497236203}, {"id": "706369750", "price": 2.0338, "amount": 2.5, "side": "sell", "timestamp": 1765497236585}, {"id": "706369751", "price": 2.0338, "amount": 5.9, "side": "sell", "timestamp": 1765497237031}, {"id": "706369752", "price": 2.0338, "amount": 197.6, "side": "sell", "timestamp": 1765497237242}, {"id": "706369753", "price": 2.0337, "amount": 30.4, "side": "sell", "timestamp": 1765497237242}, {"id": "706369754", "price": 2.0338, "amount": 403.2, "side": "buy", "timestamp": 1765497238726}, {"id": "706369755", "price": 2.0338, "amount": 43.6, "side": "buy", "timestamp": 1765497239101}, {"id": "706369756", "price": 2.0338, "amount": 5.9, "side": "buy", "timestamp": 1765497239719}, {"id": "706369757", "price": 2.0338, "amount": 89.9, "side": "buy", "timestamp": 1765497239931}, {"id": "706369758", "price": 2.0337, "amount": 1395.8, "side": "sell", "timestamp": 1765497240017}, {"id": "706369759", "price": 2.0336, "amount": 34.8, "side": "sell", "timestamp": 1765497240021}, {"id": "706369760", "price": 2.0335, "amount": 5.9, "side": "sell", "timestamp": 1765497240059}, {"id": "706369761", "price": 2.0335, "amount": 27.0, "side": "sell", "timestamp": 1765497240362}, {"id": "706369942", "price": 2.0314, "amount": 0.1, "side": "buy", "timestamp": 1765497283211}, {"id": "706369943", "price": 2.0313, "amount": 23.3, "side": "sell", "timestamp": 1765497283353}, {"id": "706369944", "price": 2.0314, "amount": 0.1, "side": "buy", "timestamp": 1765497283864}, {"id": "706369945", "price": 2.0313, "amount": 5.1, "side": "sell", "timestamp": 1765497283934}, {"id": "706369946", "price": 2.0314, "amount": 5.3, "side": "buy", "timestamp": 1765497284416}, {"id": "706369947", "price": 2.0314, "amount": 0.1, "side": "buy", "timestamp": 1765497284932}, {"id": "706369948", "price": 2.0313, "amount": 1087.5, "side": "sell", "timestamp": 1765497285043}, {"id": "706369949", "price": 2.0314, "amount": 0.1, "side": "buy", "timestamp": 1765497285159}, {"id": "706369950", "price": 2.0313, "amount": 490.6, "side": "sell", "timestamp": 1765497285672}, {"id": "706369951", "price": 2.0313, "amount": 20232.0, "side": "sell", "timestamp": 1765497285986}, {"id": "706369952", "price": 2.0314, "amount": 0.1, "side": "buy", "timestamp": 1765497286229}, {"id": "706369953", "price": 2.0314, "amount": 0.1, "side": "buy", "timestamp": 1765497286453}, {"id": "706369954", "price": 2.0313, "amount": 22.9, "side": "sell", "timestamp": 1765497286569}, {"id": "706369955", "price": 2.0314, "amount": 7068.4, "side": "buy", "timestamp": 1765497286689}, {"id": "706369956", "price": 2.0315, "amount": 8194.3, "side": "buy", "timestamp": 1765497286690}, {"id": "706369957", "price": 2.0316, "amount": 62.2, "side": "buy", "timestamp": 1765497286777}, {"id": "706369958", "price": 2.0317, "amount": 3.6, "side": "buy", "timestamp": 1765497286894}, {"id": "706369959", "price": 2.0316, "amount": 2.7, "side": "sell", "timestamp": 1765497286945}, {"id": "706369960", "price": 2.0317, "amount": 0.1, "side": "buy", "timestamp": 1765497287093}, {"id": "706369961", "price": 2.0317, "amount": 979.3, "side": "buy", "timestamp": 1765497287501}, {"id": "706369962", "price": 2.0318, "amount": 12.8, "side": "buy", "timestamp": 1765497287504}, {"id": "706369963", "price": 2.0319, "amount": 4669.3, "side": "buy", "timestamp": 1765497287504}, {"id": "706369964", "price": 2.032, "amount": 7.1, "side": "buy", "timestamp": 1765497287692}, {"id": "706369965", "price": 2.0319, "amount": 10.8, "side": "sell", "timestamp": 1765497288067}, {"id": "706369966", "price": 2.032, "amount": 0.1, "side": "buy", "timestamp": 1765497288412}, {"id": "706369967", "price": 2.032, "amount": 0.1, "side": "buy", "timestamp": 1765497289079}, {"id": "706369968", "price": 2.0319, "amount": 2.6, "side": "sell", "timestamp": 1765497289289}, {"id": "706369969", "price": 2.032, "amount": 586.5, "side": "buy", "timestamp": 1765497289717}, {"id": "706369970", "price": 2.0321, "amount": 2589.1, "side": "buy", "timestamp": 1765497289967}, {"id": "706369971", "price": 2.0321, "amount": 1737.4, "side": "sell", "timestamp": 1765497290171}, {"id": "706369972", "price": 2.0322, "amount": 0.1, "side": "buy", "timestamp": 1765497290374}, {"id": "706369973", "price": 2.0321, "amount": 1.3, "side": "sell", "timestamp": 1765497290479}, {"id": "706369974", "price": 2.0321, "amount": 5.9, "side": "sell", "timestamp": 1765497291102}, {"id": "706369975", "price": 2.0321, "amount": 1148.8, "side": "sell", "timestamp": 1765497291370}, {"id": "706369976", "price": 2.0322, "amount": 0.1, "side": "buy", "timestamp": 1765497291425}, {"id": "706369977", "price": 2.0322, "amount": 1126.7, "side": "buy", "timestamp": 1765497291601}, {"id": "706369978", "price": 2.0323, "amount": 2621.0, "side": "buy", "timestamp": 1765497291602}, {"id": "706369979", "price": 2.0324, "amount": 490.9, "side": "buy", "timestamp": 1765497291617}, {"id": "706369980", "price": 2.0323, "amount": 692.4, "side": "sell", "timestamp": 1765497291676}, {"id": "706369981", "price": 2.0324, "amount": 10.3, "side": "buy", "timestamp": 1765497291737}, {"id": "706369982", "price": 2.0325, "amount": 26.4, "side": "buy", "timestamp": 1765497291760}, {"id": "706369983", "price": 2.0326, "amount": 3.7, "side": "buy", "timestamp": 1765497291944}, {"id": "706369984", "price": 2.0326, "amount": 0.9, "side": "buy", "timestamp": 1765497292952}, {"id": "706369985", "price": 2.0325, "amount": 169.9, "side": "sell", "timestamp": 1765497293447}, {"id": "706369986", "price": 2.0326, "amount": 133.5, "side": "buy", "timestamp": 1765497293551}, {"id": "706369987", "price": 2.0325, "amount": 511.7, "side": "sell", "timestamp": 1765497293769}, {"id": "706369988", "price": 2.0325, "amount": 2981.5, "side": "sell", "timestamp": 1765497293929}, {"id": "706369989", "price": 2.0324, "amount": 32.1, "side": "sell", "timestamp": 1765497293939}, {"id": "706369990", "price": 2.0324, "amount": 12.0, "side": "buy", "timestamp": 1765497293972}, {"id": "706369991", "price": 2.0323, "amount": 5.9, "side": "sell", "timestamp": 1765497294035}, {"id": "706370138", "price": 2.0331, "amount": 0.1, "side": "buy", "timestamp": 1765497331055}, {"id": "706370139", "price": 2.0331, "amount": 0.1, "side": "buy", "timestamp": 1765497331162}, {"id": "706370140", "price": 2.0331, "amount": 0.1, "side": "buy", "timestamp": 1765497331440}, {"id": "706370141", "price": 2.0331, "amount": 0.1, "side": "buy", "timestamp": 1765497331717}, {"id": "706370142", "price": 2.0331, "amount": 0.1, "side": "buy", "timestamp": 1765497332410}, {"id": "706370143", "price": 2.0331, "amount": 0.1, "side": "buy", "timestamp": 1765497332539}, {"id": "706370144", "price": 2.0331, "amount": 0.1, "side": "buy", "timestamp": 1765497332703}, {"id": "706370145", "price": 2.0331, "amount": 0.1, "side": "buy", "timestamp": 1765497333076}, {"id": "706370146", "price": 2.033, "amount": 5.9, "side": "sell", "timestamp": 1765497333106}, {"id": "706370147", "price": 2.0331, "amount": 0.1, "side": "buy", "timestamp": 1765497333240}, {"id": "706370148", "price": 2.0331, "amount": 0.1, "side": "buy", "timestamp": 1765497333794}, {"id": "706370149", "price": 2.0331, "amount": 0.1, "side": "buy", "timestamp": 1765497333904}, {"id": "706370150", "price": 2.0331, "amount": 0.1, "side": "buy", "timestamp": 1765497334064}, {"id": "706370151", "price": 2.0331, "amount": 0.1, "side": "buy", "timestamp": 1765497334190}, {"id": "706370152", "price": 2.0331, "amount": 0.1, "side": "buy", "timestamp": 1765497334491}, {"id": "706370153", "price": 2.0331, "amount": 3.5, "side": "buy", "timestamp": 1765497334823}, {"id": "706370154", "price": 2.0331, "amount": 0.1, "side": "buy", "timestamp": 1765497335188}, {"id": "706370155", "price": 2.0331, "amount": 0.1, "side": "buy", "timestamp": 1765497335470}, {"id": "706370156", "price": 2.0331, "amount": 0.9, "side": "buy", "timestamp": 1765497335743}, {"id": "706370157", "price": 2.0331, "amount": 5.2, "side": "buy", "timestamp": 1765497335866}, {"id": "706370158", "price": 2.0331, "amount": 5.5, "side": "buy", "timestamp": 1765497336041}, {"id": "706370159", "price": 2.033, "amount": 5.9, "side": "sell", "timestamp": 1765497336130}, {"id": "706370160", "price": 2.033, "amount": 25.9, "side": "sell", "timestamp": 1765497336389}, {"id": "706370161", "price": 2.033, "amount": 3398.8, "side": "sell", "timestamp": 1765497336551}, {"id": "706370162", "price": 2.033, "amount": 197.3, "side": "buy", "timestamp": 1765497336692}, {"id": "706370163", "price": 2.0329, "amount": 193.1, "side": "sell", "timestamp": 1765497336698}, {"id": "706370164", "price": 2.0329, "amount": 4981.1, "side": "buy", "timestamp": 1765497338228}, {"id": "706370165", "price": 2.033, "amount": 8967.1, "side": "buy", "timestamp": 1765497338228}, {"id": "706370166", "price": 2.0331, "amount": 4732.5, "side": "buy", "timestamp": 1765497338228}, {"id": "706370167", "price": 2.033, "amount": 1.4, "side": "buy", "timestamp": 1765497338492}, {"id": "706370168", "price": 2.0329, "amount": 3.5, "side": "sell", "timestamp": 1765497338716}, {"id": "706370169", "price": 2.0329, "amount": 3.2, "side": "sell", "timestamp": 1765497338866}, {"id": "706370170", "price": 2.0329, "amount": 166.0, "side": "sell", "timestamp": 1765497339162}, {"id": "706370171", "price": 2.033, "amount": 0.1, "side": "buy", "timestamp": 1765497340675}, {"id": "706370172", "price": 2.033, "amount": 0.1, "side": "buy", "timestamp": 1765497340954}, {"id": "706370173", "price": 2.0329, "amount": 1200.0, "side": "sell", "timestamp": 1765497341129}, {"id": "706370174", "price": 2.033, "amount": 0.1, "side": "buy", "timestamp": 1765497341530}, {"id": "706370175", "price": 2.0329, "amount": 5.9, "side": "sell", "timestamp": 1765497342174}, {"id": "706370176", "price": 2.0329, "amount": 985.5, "side": "sell", "timestamp": 1765497343516}, {"id": "706370177", "price": 2.033, "amount": 17.9, "side": "buy", "timestamp": 1765497343690}, {"id": "706370178", "price": 2.0329, "amount": 5.9, "side": "sell", "timestamp": 1765497345185}, {"id": "706370179", "price": 2.0329, "amount": 2.5, "side": "sell", "timestamp": 1765497345427}, {"id": "706370180", "price": 2.0329, "amount": 12.8, "side": "sell", "timestamp": 1765497346109}, {"id": "706370181", "price": 2.033, "amount": 49.1, "side": "buy", "timestamp": 1765497346398}, {"id": "706370182", "price": 2.0329, "amount": 3.3, "side": "sell", "timestamp": 1765497346721}, {"id": "706370183", "price": 2.033, "amount": 1.6, "side": "buy", "timestamp": 1765497346739}, {"id": "706370184", "price": 2.0329, "amount": 2300.0, "side": "sell", "timestamp": 1765497346850}, {"id": "706370185", "price": 2.033, "amount": 147.5, "side": "buy", "timestamp": 1765497347914}, {"id": "706370186", "price": 2.0329, "amount": 11.6, "side": "sell", "timestamp": 1765497348079}, {"id": "706370187", "price": 2.0329, "amount": 5.9, "side": "sell", "timestamp": 1765497348197}, {"id": "706370369", "price": 2.0332, "amount": 3959.1, "side": "buy", "timestamp": 1765497390975}, {"id": "706370370", "price": 2.0333, "amount": 4616.3, "side": "buy", "timestamp": 1765497390994}, {"id": "706370371", "price": 2.0334, "amount": 5000.3, "side": "buy", "timestamp": 1765497390994}, {"id": "706370372", "price": 2.0335, "amount": 3123.7, "side": "buy", "timestamp": 1765497391003}, {"id": "706370373", "price": 2.0336, "amount": 2037.8, "side": "buy", "timestamp": 1765497391160}, {"id": "706370374", "price": 2.0337, "amount": 0.1, "side": "buy", "timestamp": 1765497391237}, {"id": "706370375", "price": 2.0337, "amount": 46.2, "side": "buy", "timestamp": 1765497391358}, {"id": "706370376", "price": 2.0338, "amount": 12.7, "side": "buy", "timestamp": 1765497391385}, {"id": "706370377", "price": 2.0339, "amount": 39.5, "side": "buy", "timestamp": 1765497391492}, {"id": "706370378", "price": 2.034, "amount": 0.1, "side": "buy", "timestamp": 1765497391563}, {"id": "706370379", "price": 2.034, "amount": 0.2, "side": "buy", "timestamp": 1765497391743}, {"id": "706370380", "price": 2.034, "amount": 0.2, "side": "buy", "timestamp": 1765497391945}, {"id": "706370381", "price": 2.034, "amount": 620.9, "side": "buy", "timestamp": 1765497392198}, {"id": "706370382", "price": 2.034, "amount": 0.1, "side": "buy", "timestamp": 1765497392623}, {"id": "706370383", "price": 2.034, "amount": 1649.0, "side": "buy", "timestamp": 1765497392777}, {"id": "706370384", "price": 2.034, "amount": 0.1, "side": "buy", "timestamp": 1765497392897}, {"id": "706370385", "price": 2.0339, "amount": 5.9, "side": "sell", "timestamp": 1765497393089}, {"id": "706370386", "price": 2.034, "amount": 0.2, "side": "buy", "timestamp": 1765497393112}, {"id": "706370387", "price": 2.034, "amount": 6.2, "side": "buy", "timestamp": 1765497393381}, {"id": "706370388", "price": 2.034, "amount": 0.1, "side": "buy", "timestamp": 1765497393921}, {"id": "706370389", "price": 2.0339, "amount": 1800.6, "side": "sell", "timestamp": 1765497393967}, {"id": "706370390", "price": 2.0338, "amount": 7.5, "side": "sell", "timestamp": 1765497393998}, {"id": "706370391", "price": 2.0338, "amount": 95.5, "side": "buy", "timestamp": 1765497394027}, {"id": "706370392", "price": 2.0338, "amount": 0.1, "side": "buy", "timestamp": 1765497394213}, {"id": "706370393", "price": 2.0338, "amount": 21.2, "side": "buy", "timestamp": 1765497394446}, {"id": "706370394", "price": 2.0339, "amount": 0.1, "side": "buy", "timestamp": 1765497394976}, {"id": "706370395", "price": 2.0339, "amount": 0.1, "side": "buy", "timestamp": 1765497395363}, {"id": "706370396", "price": 2.0339, "amount": 3.4, "side": "buy", "timestamp": 1765497395491}, {"id": "706370397", "price": 2.0339, "amount": 2.1, "side": "buy", "timestamp": 1765497395740}, {"id": "706370398", "price": 2.0339, "amount": 0.1, "side": "buy", "timestamp": 1765497396062}, {"id": "706370399", "price": 2.0338, "amount": 5.9, "side": "sell", "timestamp": 1765497396130}, {"id": "706370400", "price": 2.0339, "amount": 27.4, "side": "buy", "timestamp": 1765497396349}, {"id": "706370401", "price": 2.0339, "amount": 0.1, "side": "buy", "timestamp": 1765497396508}, {"id": "706370402", "price": 2.0339, "amount": 0.2, "side": "buy", "timestamp": 1765497397195}, {"id": "706370403", "price": 2.0339, "amount": 0.1, "side": "buy", "timestamp": 1765497397482}, {"id": "706370404", "price": 2.0339, "amount": 1318.1, "side": "buy", "timestamp": 1765497398076}, {"id": "706370405", "price": 2.0339, "amount": 8567.0, "side": "buy", "timestamp": 1765497398448}, {"id": "706370406", "price": 2.034, "amount": 10213.0, "side": "buy", "timestamp": 1765497398448}, {"id": "706370407", "price": 2.0341, "amount": 6602.4, "side": "buy", "timestamp": 1765497398448}, {"id": "706370408", "price": 2.0342, "amount": 2538.8, "side": "buy", "timestamp": 1765497398449}, {"id": "706370409", "price": 2.0341, "amount": 3548.1, "side": "sell", "timestamp": 1765497398459}, {"id": "706370410", "price": 2.0341, "amount": 1.4, "side": "buy", "timestamp": 1765497398721}, {"id": "706370411", "price": 2.0341, "amount": 2.6, "side": "buy", "timestamp": 1765497398853}, {"id": "706370412", "price": 2.034, "amount": 528.7, "side": "sell", "timestamp": 1765497399156}, {"id": "706370413", "price": 2.0339, "amount": 43.3, "side": "sell", "timestamp": 1765497399241}, {"id": "706370414", "price": 2.0339, "amount": 14356.2, "side": "buy", "timestamp": 1765497400104}, {"id": "706370415", "price": 2.034, "amount": 2727.4, "side": "buy", "timestamp": 1765497400186}, {"id": "706370416", "price": 2.034, "amount": 4.5, "side": "buy", "timestamp": 1765497401331}, {"id": "706370417", "price": 2.0339, "amount": 18.8, "side": "sell", "timestamp": 1765497401363}, {"id": "706370418", "price": 2.034, "amount": 7.8, "side": "buy", "timestamp": 1765497401517}, {"id": "706370605", "price": 2.033, "amount": 0.1, "side": "buy", "timestamp": 1765497447448}, {"id": "706370606", "price": 2.033, "amount": 0.1, "side": "buy", "timestamp": 1765497447575}, {"id": "706370607", "price": 2.033, "amount": 0.1, "side": "buy", "timestamp": 1765497447857}, {"id": "706370608", "price": 2.033, "amount": 0.1, "side": "buy", "timestamp": 1765497448472}, {"id": "706370609", "price": 2.033, "amount": 0.8, "side": "buy", "timestamp": 1765497448606}, {"id": "706370610", "price": 2.0329, "amount": 9.9, "side": "sell", "timestamp": 1765497448711}, {"id": "706370611", "price": 2.033, "amount": 0.1, "side": "buy", "timestamp": 1765497449084}, {"id": "706370612", "price": 2.033, "amount": 0.1, "side": "buy", "timestamp": 1765497449210}, {"id": "706370613", "price": 2.033, "amount": 0.1, "side": "buy", "timestamp": 1765497449402}, {"id": "706370614", "price": 2.0329, "amount": 14.8, "side": "sell", "timestamp": 1765497449714}, {"id": "706370615", "price": 2.033, "amount": 0.1, "side": "buy", "timestamp": 1765497449737}, {"id": "706370616", "price": 2.0329, "amount": 13.7, "side": "sell", "timestamp": 1765497449801}, {"id": "706370617", "price": 2.033, "amount": 1046.7, "side": "buy", "timestamp": 1765497450049}, {"id": "706370618", "price": 2.0331, "amount": 1381.1, "side": "buy", "timestamp": 1765497450052}, {"id": "706370619", "price": 2.0332, "amount": 3461.1, "side": "buy", "timestamp": 1765497450053}, {"id": "706370620", "price": 2.0333, "amount": 0.1, "side": "buy", "timestamp": 1765497450077}, {"id": "706370621", "price": 2.0332, "amount": 5.9, "side": "sell", "timestamp": 1765497450188}, {"id": "706370622", "price": 2.0333, "amount": 0.1, "side": "buy", "timestamp": 1765497450389}, {"id": "706370623", "price": 2.0333, "amount": 0.1, "side": "buy", "timestamp": 1765497450749}, {"id": "706370624", "price": 2.0332, "amount": 7063.0, "side": "sell", "timestamp": 1765497450933}, {"id": "706370625", "price": 2.0332, "amount": 0.1, "side": "buy", "timestamp": 1765497451503}, {"id": "706370626", "price": 2.0331, "amount": 20.2, "side": "sell", "timestamp": 1765497451536}, {"id": "706370627", "price": 2.0331, "amount": 2.7, "side": "buy", "timestamp": 1765497451593}, {"id": "706370628", "price": 2.033, "amount": 83.8, "side": "sell", "timestamp": 1765497451743}, {"id": "706370629", "price": 2.033, "amount": 0.1, "side": "buy", "timestamp": 1765497451821}, {"id": "706370630", "price": 2.0329, "amount": 37.3, "side": "sell", "timestamp": 1765497452047}, {"id": "706370631", "price": 2.033, "amount": 0.1, "side": "buy", "timestamp": 1765497452136}, {"id": "706370632", "price": 2.033, "amount": 0.1, "side": "buy", "timestamp": 1765497452311}, {"id": "706370633", "price": 2.033, "amount": 0.1, "side": "buy", "timestamp": 1765497452440}, {"id": "706370634", "price": 2.0329, "amount": 3.4, "side": "sell", "timestamp": 1765497452640}, {"id": "706370635", "price": 2.0329, "amount": 3.2, "side": "sell", "timestamp": 1765497452791}, {"id": "706370636", "price": 2.033, "amount": 0.1, "side": "buy", "timestamp": 1765497452952}, {"id": "706370637", "price": 2.0329, "amount": 5.9, "side": "sell", "timestamp": 1765497453017}, {"id": "706370638", "price": 2.033, "amount": 8088.7, "side": "buy", "timestamp": 1765497453062}, {"id": "706370639", "price": 2.0331, "amount": 0.1, "side": "buy", "timestamp": 1765497453317}, {"id": "706370640", "price": 2.0331, "amount": 0.1, "side": "buy", "timestamp": 1765497453591}, {"id": "706370641", "price": 2.033, "amount": 10717.3, "side": "sell", "timestamp": 1765497453613}, {"id": "706370642", "price": 2.0329, "amount": 2280.0, "side": "sell", "timestamp": 1765497453625}, {"id": "706370643", "price": 2.0328, "amount": 1583.7, "side": "sell", "timestamp": 1765497453785}, {"id": "706370644", "price": 2.0327, "amount": 269.1, "side": "sell", "timestamp": 1765497453793}, {"id": "706370645", "price": 2.0326, "amount": 130.9, "side": "sell", "timestamp": 1765497453793}, {"id": "706370646", "price": 2.0327, "amount": 3078.3, "side": "buy", "timestamp": 1765497453887}, {"id": "706370647", "price": 2.0328, "amount": 871.2, "side": "buy", "timestamp": 1765497453989}, {"id": "706370648", "price": 2.0329, "amount": 46.6, "side": "buy", "timestamp": 1765497454008}, {"id": "706370649", "price": 2.033, "amount": 0.1, "side": "buy", "timestamp": 1765497454267}, {"id": "706370650", "price": 2.0329, "amount": 13.5, "side": "sell", "timestamp": 1765497454331}, {"id": "706370651", "price": 2.033, "amount": 0.1, "side": "buy", "timestamp": 1765497454636}, {"id": "706370652", "price": 2.033, "amount": 0.1, "side": "buy", "timestamp": 1765497454946}, {"id": "706370653", "price": 2.033, "amount": 28.7, "side": "buy", "timestamp": 1765497455055}, {"id": "706370654", "price": 2.033, "amount": 451.7, "side": "buy", "timestamp": 1765497455189}, {"id": "706370759", "price": 2.0333, "amount": 5.0, "side": "sell", "timestamp": 1765497490160}, {"id": "706370760", "price": 2.0334, "amount": 2050.2, "side": "buy", "timestamp": 1765497490628}, {"id": "706370761", "price": 2.0334, "amount": 121.5, "side": "buy", "timestamp": 1765497490751}, {"id": "706370762", "price": 2.0333, "amount": 18.8, "side": "sell", "timestamp": 1765497491962}, {"id": "706370763", "price": 2.0333, "amount": 5.9, "side": "sell", "timestamp": 1765497492114}, {"id": "706370764", "price": 2.0333, "amount": 3.8, "side": "sell", "timestamp": 1765497492881}, {"id": "706370765", "price": 2.0334, "amount": 12.3, "side": "buy", "timestamp": 1765497493475}, {"id": "706370766", "price": 2.0333, "amount": 5.2, "side": "sell", "timestamp": 1765497494043}, {"id": "706370767", "price": 2.0334, "amount": 7.7, "side": "buy", "timestamp": 1765497494505}, {"id": "706370768", "price": 2.0333, "amount": 9972.4, "side": "sell", "timestamp": 1765497494702}, {"id": "706370769", "price": 2.0332, "amount": 375.6, "side": "sell", "timestamp": 1765497494782}, {"id": "706370770", "price": 2.0331, "amount": 400.0, "side": "sell", "timestamp": 1765497494846}, {"id": "706370771", "price": 2.0332, "amount": 1477.2, "side": "buy", "timestamp": 1765497495030}, {"id": "706370772", "price": 2.0331, "amount": 5.9, "side": "sell", "timestamp": 1765497495134}, {"id": "706370773", "price": 2.0332, "amount": 3.0, "side": "buy", "timestamp": 1765497495843}, {"id": "706370774", "price": 2.0332, "amount": 31.5, "side": "buy", "timestamp": 1765497496111}, {"id": "706370775", "price": 2.0332, "amount": 15.4, "side": "buy", "timestamp": 1765497496874}, {"id": "706370776", "price": 2.0331, "amount": 74.4, "side": "sell", "timestamp": 1765497497241}, {"id": "706370777", "price": 2.0331, "amount": 3.9, "side": "sell", "timestamp": 1765497497597}, {"id": "706370778", "price": 2.0331, "amount": 5.9, "side": "sell", "timestamp": 1765497498151}, {"id": "706370779", "price": 2.0331, "amount": 4561.8, "side": "sell", "timestamp": 1765497498504}, {"id": "706370780", "price": 2.0332, "amount": 0.1, "side": "buy", "timestamp": 1765497498528}, {"id": "706370781", "price": 2.0332, "amount": 0.1, "side": "buy", "timestamp": 1765497500455}, {"id": "706370782", "price": 2.0332, "amount": 2.7, "side": "buy", "timestamp": 1765497501068}, {"id": "706370783", "price": 2.0331, "amount": 5.9, "side": "sell", "timestamp": 1765497501167}, {"id": "706370784", "price": 2.0332, "amount": 0.1, "side": "buy", "timestamp": 1765497501971}, {"id": "706370785", "price": 2.0332, "amount": 2.1, "side": "buy", "timestamp": 1765497502787}, {"id": "706370786", "price": 2.0332, "amount": 0.1, "side": "buy", "timestamp": 1765497503201}, {"id": "706370787", "price": 2.0331, "amount": 5.9, "side": "sell", "timestamp": 1765497504182}, {"id": "706370788", "price": 2.0332, "amount": 0.1, "side": "buy", "timestamp": 1765497504246}, {"id": "706370789", "price": 2.0332, "amount": 8.7, "side": "buy", "timestamp": 1765497504397}, {"id": "706370790", "price": 2.0331, "amount": 4.7, "side": "sell", "timestamp": 1765497504731}, {"id": "706370791", "price": 2.0331, "amount": 7.9, "side": "sell", "timestamp": 1765497504958}, {"id": "706370792", "price": 2.0332, "amount": 0.1, "side": "buy", "timestamp": 1765497504985}, {"id": "706370793", "price": 2.0332, "amount": 2.9, "side": "buy", "timestamp": 1765497505260}, {"id": "706370794", "price": 2.0332, "amount": 0.1, "side": "buy", "timestamp": 1765497505990}, {"id": "706370795", "price": 2.0331, "amount": 290.7, "side": "sell", "timestamp": 1765497506281}, {"id": "706370796", "price": 2.0332, "amount": 0.1, "side": "buy", "timestamp": 1765497506384}, {"id": "706370797", "price": 2.0331, "amount": 3.4, "side": "sell", "timestamp": 1765497506703}, {"id": "706370798", "price": 2.0332, "amount": 0.1, "side": "buy", "timestamp": 1765497506749}, {"id": "706370799", "price": 2.0331, "amount": 5.9, "side": "sell", "timestamp": 1765497507197}, {"id": "706370800", "price": 2.0332, "amount": 0.1, "side": "buy", "timestamp": 1765497507260}, {"id": "706370801", "price": 2.0332, "amount": 0.1, "side": "buy", "timestamp": 1765497507648}, {"id": "706370802", "price": 2.0332, "amount": 0.1, "side": "buy", "timestamp": 1765497508023}, {"id": "706370803", "price": 2.0331, "amount": 39.7, "side": "sell", "timestamp": 1765497508170}, {"id": "706370804", "price": 2.0332, "amount": 3.1, "side": "buy", "timestamp": 1765497508171}, {"id": "706370805", "price": 2.0332, "amount": 0.1, "side": "buy", "timestamp": 1765497508425}, {"id": "706370806", "price": 2.0331, "amount": 49.4, "side": "sell", "timestamp": 1765497508513}, {"id": "706370807", "price": 2.0332, "amount": 2621.4, "side": "buy", "timestamp": 1765497508619}, {"id": "706370808", "price": 2.0333, "amount": 3089.3, "side": "buy", "timestamp": 1765497508744}, {"id": "706370920", "price": 2.0328, "amount": 0.1, "side": "buy", "timestamp": 1765497546732}, {"id": "706370921", "price": 2.0327, "amount": 1536.8, "side": "sell", "timestamp": 1765497546757}, {"id": "706370922", "price": 2.0328, "amount": 0.1, "side": "buy", "timestamp": 1765497547929}, {"id": "706370923", "price": 2.0328, "amount": 7142.1, "side": "buy", "timestamp": 1765497548226}, {"id": "706370924", "price": 2.0329, "amount": 186.3, "side": "buy", "timestamp": 1765497548235}, {"id": "706370925", "price": 2.0328, "amount": 4.8, "side": "sell", "timestamp": 1765497548468}, {"id": "706370926", "price": 2.0329, "amount": 0.1, "side": "buy", "timestamp": 1765497548538}, {"id": "706370927", "price": 2.0328, "amount": 100.0, "side": "sell", "timestamp": 1765497548714}, {"id": "706370928", "price": 2.0329, "amount": 1.6, "side": "buy", "timestamp": 1765497548944}, {"id": "706370929", "price": 2.0329, "amount": 0.1, "side": "buy", "timestamp": 1765497549095}, {"id": "706370930", "price": 2.0328, "amount": 5.9, "side": "sell", "timestamp": 1765497549158}, {"id": "706370931", "price": 2.0329, "amount": 0.1, "side": "buy", "timestamp": 1765497550762}, {"id": "706370932", "price": 2.0329, "amount": 2.9, "side": "buy", "timestamp": 1765497550890}, {"id": "706370933", "price": 2.0329, "amount": 84.8, "side": "buy", "timestamp": 1765497551717}, {"id": "706370934", "price": 2.0329, "amount": 80.6, "side": "buy", "timestamp": 1765497551984}, {"id": "706370935", "price": 2.0329, "amount": 2.6, "side": "buy", "timestamp": 1765497552195}, {"id": "706370936", "price": 2.0328, "amount": 5.9, "side": "sell", "timestamp": 1765497552197}, {"id": "706370937", "price": 2.0328, "amount": 52.2, "side": "sell", "timestamp": 1765497552333}, {"id": "706370938", "price": 2.0329, "amount": 81.5, "side": "buy", "timestamp": 1765497552449}, {"id": "706370939", "price": 2.0329, "amount": 0.1, "side": "buy", "timestamp": 1765497552571}, {"id": "706370940", "price": 2.0329, "amount": 4.5, "side": "buy", "timestamp": 1765497552768}, {"id": "706370941", "price": 2.0329, "amount": 25.1, "side": "buy", "timestamp": 1765497553034}, {"id": "706370942", "price": 2.0329, "amount": 0.1, "side": "buy", "timestamp": 1765497553157}, {"id": "706370943", "price": 2.0328, "amount": 730.7, "side": "sell", "timestamp": 1765497553436}, {"id": "706370944", "price": 2.0329, "amount": 0.1, "side": "buy", "timestamp": 1765497553736}, {"id": "706370945", "price": 2.0329, "amount": 3.0, "side": "buy", "timestamp": 1765497553936}, {"id": "706370946", "price": 2.0328, "amount": 87.1, "side": "sell", "timestamp": 1765497554377}, {"id": "706370947", "price": 2.0329, "amount": 1.0, "side": "buy", "timestamp": 1765497554796}, {"id": "706370948", "price": 2.0328, "amount": 5.9, "side": "sell", "timestamp": 1765497555020}, {"id": "706370949", "price": 2.0329, "amount": 0.1, "side": "buy", "timestamp": 1765497555426}, {"id": "706370950", "price": 2.0329, "amount": 0.7, "side": "buy", "timestamp": 1765497555831}, {"id": "706370951", "price": 2.0329, "amount": 0.1, "side": "buy", "timestamp": 1765497555986}, {"id": "706370952", "price": 2.0329, "amount": 0.1, "side": "buy", "timestamp": 1765497557109}, {"id": "706370953", "price": 2.0329, "amount": 20.1, "side": "buy", "timestamp": 1765497557289}, {"id": "706370954", "price": 2.0329, "amount": 4.8, "side": "buy", "timestamp": 1765497557665}, {"id": "706370955", "price": 2.0328, "amount": 119.3, "side": "sell", "timestamp": 1765497557670}, {"id": "706370956", "price": 2.0329, "amount": 0.1, "side": "buy", "timestamp": 1765497557718}, {"id": "706370957", "price": 2.0328, "amount": 5.9, "side": "sell", "timestamp": 1765497558045}, {"id": "706370958", "price": 2.0329, "amount": 0.1, "side": "buy", "timestamp": 1765497558289}, {"id": "706370959", "price": 2.0329, "amount": 0.1, "side": "buy", "timestamp": 1765497559187}, {"id": "706370960", "price": 2.0328, "amount": 167.0, "side": "sell", "timestamp": 1765497559360}, {"id": "706370961", "price": 2.0328, "amount": 50.0, "side": "sell", "timestamp": 1765497559471}, {"id": "706370962", "price": 2.0329, "amount": 3.0, "side": "buy", "timestamp": 1765497559483}, {"id": "706370963", "price": 2.0329, "amount": 0.1, "side": "buy", "timestamp": 1765497560237}, {"id": "706370964", "price": 2.0329, "amount": 0.7, "side": "buy", "timestamp": 1765497560374}, {"id": "706370965", "price": 2.0329, "amount": 4.6, "side": "buy", "timestamp": 1765497560717}, {"id": "706370966", "price": 2.0328, "amount": 5.9, "side": "sell", "timestamp": 1765497561059}, {"id": "706370967", "price": 2.0329, "amount": 0.1, "side": "buy", "timestamp": 1765497561477}, {"id": "706370968", "price": 2.0329, "amount": 0.6, "side": "buy", "timestamp": 1765497561830}, {"id": "706370969", "price": 2.0329, "amount": 0.1, "side": "buy", "timestamp": 1765497562036}]