[{"symbol": "BNBUSDT", "bids": [[889.49, 4.34], [889.47, 0.06], [889.46, 1.08], [889.45, 0.18], [889.44, 12.73], [889.43, 2.75], [889.42, 2.83], [889.41, 2.62], [889.4, 11.22], [889.39, 0.63], [889.38, 9.49], [889.37, 2.22], [889.36, 1.13], [889.35, 12.7], [889.34, 1.4], [889.33, 5.77], [889.32, 11.54], [889.31, 13.88], [889.3, 4.97], [889.29, 11.53]], "asks": [[889.5, 40.62], [889.51, 12.88], [889.52, 7.97], [889.53, 7.99], [889.54, 9.66], [889.55, 25.16], [889.56, 3.06], [889.57, 0.41], [889.58, 4.05], [889.59, 6.14], [889.6, 18.98], [889.61, 10.02], [889.62, 0.62], [889.63, 19.28], [889.64, 7.39], [889.65, 0.05], [889.66, 0.1], [889.67, 45.99], [889.68, 5.59], [889.69, 3.63]], "timestamp": "2025-12-13T09:00:20.767026+00:00"}, {"symbol": "BNBUSDT", "bids": [[889.42, 59.97], [889.41, 27.45], [889.4, 0.51], [889.39, 4.51], [889.38, 20.65], [889.37, 9.5], [889.36, 3.71], [889.35, 9.52], [889.34, 6.25], [889.33, 4.51], [889.32, 11.33], [889.31, 1.35], [889.3, 13.4], [889.29, 6.63], [889.28, 18.18], [889.27, 14.48], [889.26, 9.88], [889.25, 12.54], [889.24, 3.1], [889.23, 3.69]], "asks": [[889.43, 7.54], [889.44, 0.02], [889.45, 0.44], [889.47, 6.31], [889.48, 2.06], [889.49, 8.24], [889.5, 1.17], [889.51, 0.01], [889.52, 3.69], [889.53, 3.97], [889.54, 2.28], [889.55, 4.61], [889.56, 16.65], [889.57, 4.98], [889.59, 8.19], [889.6, 32.62], [889.61, 8.44], [889.62, 2.92], [889.63, 11.24], [889.64, 3.4]], "timestamp": "2025-12-13T09:01:14.733103+00:00"}, {"symbol": "BNBUSDT", "bids": [[889.46, 15.2], [889.45, 0.01], [889.44, 13.28], [889.43, 5.36], [889.42, 2.39], [889.41, 2.76], [889.4, 0.62], [889.39, 1.3], [889.38, 1.57], [889.37, 21.23], [889.36, 2.16], [889.35, 0.83], [889.34, 0.06], [889.33, 0.89], [889.32, 9.35], [889.31, 0.76], [889.3, 7.05], [889.29, 1.19], [889.28, 26.54], [889.27, 2.53]], "asks": [[889.47, 34.67], [889.48, 2.32], [889.49, 5.23], [889.5, 1.3], [889.51, 0.17], [889.52, 3.86], [889.53, 6.25], [889.54, 0.14], [889.55, 0.43], [889.56, 0.05], [889.57, 10.54], [889.58, 22.79], [889.59, 2.25], [889.6, 47.46], [889.61, 9.44], [889.62, 2.01], [889.64, 8.4], [889.65, 10.07], [889.66, 0.2], [889.67, 10.93]], "timestamp": "2025-12-13T09:02:09.215035+00:00"}, {"symbol": "BNBUSDT", "bids": [[889.83, 24.04], [889.82, 13.41], [889.81, 3.59], [889.8, 10.55], [889.79, 14.12], [889.78, 4.16], [889.77, 3.72], [889.76, 10.2], [889.75, 0.03], [889.74, 7.43], [889.73, 0.44], [889.72, 4.61], [889.71, 0.31], [889.7, 1.92], [889.69, 5.68], [889.68, 1.04], [889.67, 3.33], [889.66, 4.06], [889.65, 15.67], [889.64, 2.35]], "asks": [[889.84, 19.51], [889.85, 0.01], [889.86, 6.25], [889.87, 10.81], [889.88, 20.54], [889.89, 11.8], [889.9, 4.05], [889.91, 37.47], [889.92, 25.35], [889.93, 5.77], [889.94, 0.05], [889.95, 28.78], [889.96, 5.69], [889.97, 26.46], [889.98, 40.7], [889.99, 1.18], [890.0, 133.13], [890.01, 6.95], [890.02, 18.15], [890.03, 3.74]], "timestamp": "2025-12-13T09:03:03.796932+00:00"}, {"symbol": "BNBUSDT", "bids": [[889.85, 41.76], [889.84, 1.17], [889.83, 8.98], [889.82, 8.46], [889.81, 0.02], [889.8, 7.0], [889.79, 1.26], [889.78, 3.57], [889.77, 7.91], [889.76, 12.11], [889.75, 4.14], [889.74, 1.03], [889.73, 4.5], [889.72, 2.83], [889.71, 2.0], [889.7, 4.37], [889.69, 0.03], [889.68, 1.33], [889.67, 8.73], [889.66, 11.29]], "asks": [[889.86, 18.58], [889.87, 0.04], [889.88, 1.79], [889.89, 4.26], [889.9, 3.47], [889.91, 2.24], [889.92, 1.16], [889.93, 0.05], [889.94, 2.22], [889.95, 0.28], [889.96, 21.1], [889.97, 5.48], [889.98, 1.49], [889.99, 8.28], [890.0, 122.61], [890.01, 16.64], [890.02, 0.11], [890.03, 7.67], [890.04, 15.29], [890.05, 0.87]], "timestamp": "2025-12-13T09:03:58.064835+00:00"}, {"symbol": "BNBUSDT", "bids": [[889.89, 57.05], [889.88, 2.87], [889.87, 3.05], [889.85, 5.08], [889.84, 2.34], [889.83, 0.35], [889.82, 12.17], [889.8, 9.43], [889.79, 7.25], [889.78, 0.2], [889.77, 0.46], [889.76, 3.04], [889.75, 10.87], [889.74, 5.68], [889.73, 1.19], [889.72, 4.2], [889.71, 10.21], [889.7, 4.31], [889.69, 0.59], [889.68, 17.94]], "asks": [[889.9, 7.46], [889.91, 5.05], [889.92, 0.88], [889.93, 0.65], [889.94, 0.77], [889.95, 0.2], [889.96, 20.27], [889.97, 2.18], [889.98, 1.18], [889.99, 0.33], [890.0, 119.45], [890.01, 1.55], [890.02, 0.1], [890.03, 1.72], [890.04, 11.67], [890.05, 0.01], [890.06, 3.85], [890.07, 24.98], [890.08, 4.39], [890.09, 2.93]], "timestamp": "2025-12-13T09:04:52.232869+00:00"}, {"symbol": "BNBUSDT", "bids": [[889.76, 26.31], [889.75, 0.01], [889.74, 0.32], [889.73, 0.02], [889.71, 2.16], [889.69, 1.68], [889.68, 5.49], [889.67, 2.24], [889.66, 3.33], [889.65, 1.58], [889.64, 1.45], [889.63, 17.03], [889.62, 19.63], [889.61, 0.01], [889.6, 4.93], [889.59, 3.9], [889.58, 26.04], [889.57, 0.71], [889.56, 9.02], [889.55, 11.59]], "asks": [[889.77, 60.42], [889.78, 6.53], [889.8, 6.05], [889.81, 21.71], [889.82, 3.56], [889.83, 6.2], [889.84, 12.38], [889.85, 25.5], [889.86, 25.75], [889.87, 3.51], [889.88, 16.21], [889.89, 6.43], [889.9, 4.27], [889.91, 1.63], [889.92, 0.12], [889.93, 1.99], [889.94, 31.76], [889.95, 114.01], [889.96, 13.17], [889.97, 36.12]], "timestamp": "2025-12-13T09:05:46.340560+00:00"}, {"symbol": "BNBUSDT", "bids": [[889.81, 4.55], [889.8, 2.19], [889.79, 0.02], [889.78, 0.19], [889.77, 0.04], [889.76, 0.08], [889.75, 1.6], [889.74, 2.74], [889.73, 0.03], [889.72, 0.07], [889.71, 2.75], [889.69, 12.36], [889.68, 7.07], [889.67, 2.82], [889.66, 13.81], [889.65, 7.34], [889.64, 6.77], [889.63, 9.97], [889.62, 1.51], [889.61, 1.98]], "asks": [[889.82, 76.93], [889.83, 12.13], [889.84, 1.03], [889.85, 2.87], [889.86, 14.88], [889.87, 0.02], [889.88, 10.55], [889.89, 21.26], [889.9, 0.03], [889.91, 8.91], [889.92, 16.51], [889.93, 29.9], [889.94, 31.83], [889.95, 119.35], [889.96, 2.52], [889.97, 55.52], [889.98, 29.67], [889.99, 28.14], [890.0, 125.63], [890.01, 12.85]], "timestamp": "2025-12-13T09:06:40.880790+00:00"}, {"symbol": "BNBUSDT", "bids": [[889.41, 39.85], [889.4, 0.03], [889.39, 0.27], [889.38, 1.22], [889.37, 9.72], [889.36, 4.92], [889.35, 3.32], [889.34, 29.14], [889.33, 4.22], [889.32, 13.75], [889.31, 15.23], [889.3, 34.18], [889.29, 1.33], [889.28, 7.4], [889.27, 14.19], [889.26, 2.2], [889.25, 14.75], [889.24, 7.15], [889.23, 3.41], [889.22, 2.03]], "asks": [[889.42, 15.44], [889.43, 3.58], [889.44, 0.02], [889.45, 0.02], [889.46, 1.19], [889.47, 4.58], [889.48, 7.83], [889.49, 10.69], [889.5, 3.47], [889.51, 6.86], [889.52, 15.55], [889.53, 5.53], [889.54, 21.08], [889.55, 5.24], [889.56, 6.22], [889.57, 7.11], [889.58, 0.01], [889.59, 5.46], [889.6, 7.85], [889.61, 5.84]], "timestamp": "2025-12-13T09:07:35.073090+00:00"}, {"symbol": "BNBUSDT", "bids": [[889.26, 26.29], [889.25, 3.76], [889.24, 5.1], [889.23, 3.11], [889.22, 9.6], [889.21, 10.64], [889.2, 20.51], [889.19, 21.57], [889.18, 47.02], [889.17, 4.61], [889.16, 2.37], [889.15, 0.04], [889.14, 1.94], [889.13, 0.15], [889.12, 5.1], [889.11, 2.84], [889.1, 6.05], [889.09, 8.11], [889.08, 7.63], [889.07, 5.58]], "asks": [[889.27, 30.51], [889.28, 0.28], [889.29, 0.21], [889.3, 0.08], [889.31, 0.01], [889.32, 7.34], [889.33, 0.16], [889.34, 0.99], [889.35, 12.54], [889.36, 9.84], [889.37, 17.55], [889.38, 11.1], [889.39, 4.26], [889.4, 17.65], [889.41, 30.18], [889.42, 6.42], [889.43, 3.39], [889.44, 6.44], [889.45, 0.04], [889.46, 11.25]], "timestamp": "2025-12-13T09:08:29.337311+00:00"}, {"symbol": "BNBUSDT", "bids": [[889.49, 31.87], [889.48, 0.15], [889.47, 10.5], [889.46, 4.87], [889.45, 7.27], [889.44, 15.43], [889.43, 4.33], [889.42, 0.62], [889.41, 18.1], [889.4, 4.63], [889.39, 3.97], [889.38, 0.77], [889.36, 0.03], [889.35, 0.02], [889.33, 1.15], [889.32, 6.96], [889.31, 20.04], [889.3, 3.31], [889.28, 15.21], [889.27, 3.06]], "asks": [[889.5, 12.84], [889.52, 3.54], [889.53, 0.04], [889.54, 19.97], [889.55, 1.51], [889.56, 6.07], [889.57, 8.85], [889.58, 1.77], [889.59, 8.16], [889.6, 9.55], [889.61, 14.34], [889.62, 28.73], [889.63, 13.81], [889.64, 6.37], [889.65, 0.35], [889.66, 10.24], [889.67, 0.01], [889.68, 7.92], [889.69, 4.08], [889.7, 16.68]], "timestamp": "2025-12-13T09:09:23.596290+00:00"}, {"symbol": "BNBUSDT", "bids": [[889.47, 40.68], [889.46, 0.75], [889.45, 0.01], [889.44, 10.84], [889.43, 10.71], [889.42, 3.01], [889.41, 10.96], [889.4, 21.33], [889.39, 4.36], [889.38, 2.82], [889.37, 4.33], [889.36, 9.13], [889.35, 3.04], [889.34, 2.35], [889.33, 14.4], [889.32, 2.28], [889.31, 24.76], [889.3, 3.67], [889.29, 24.61], [889.28, 20.07]], "asks": [[889.48, 5.84], [889.49, 0.04], [889.5, 0.02], [889.51, 0.22], [889.52, 2.4], [889.53, 3.51], [889.54, 1.15], [889.55, 7.28], [889.56, 7.5], [889.57, 5.72], [889.59, 0.01], [889.6, 6.27], [889.61, 0.28], [889.62, 29.27], [889.64, 2.64], [889.65, 4.41], [889.66, 1.64], [889.67, 0.02], [889.68, 12.96], [889.69, 13.47]], "timestamp": "2025-12-13T09:10:17.792958+00:00"}, {"symbol": "BNBUSDT", "bids": [[889.5, 22.36], [889.49, 1.31], [889.47, 3.86], [889.46, 0.06], [889.45, 2.85], [889.44, 16.69], [889.43, 1.14], [889.42, 1.37], [889.41, 1.42], [889.4, 0.38], [889.39, 10.48], [889.38, 6.93], [889.37, 2.29], [889.36, 12.8], [889.35, 0.06], [889.33, 2.28], [889.32, 29.51], [889.31, 5.05], [889.3, 3.67], [889.29, 30.4]], "asks": [[889.51, 21.36], [889.52, 1.47], [889.53, 0.59], [889.55, 1.0], [889.56, 9.38], [889.57, 3.72], [889.59, 1.36], [889.6, 12.27], [889.61, 36.33], [889.62, 1.5], [889.63, 2.15], [889.64, 3.97], [889.65, 0.06], [889.66, 1.64], [889.67, 8.73], [889.68, 7.72], [889.69, 22.18], [889.7, 0.28], [889.71, 7.58], [889.72, 23.94]], "timestamp": "2025-12-13T09:11:12.039427+00:00"}, {"symbol": "BNBUSDT", "bids": [[889.44, 36.27], [889.43, 0.1], [889.42, 0.08], [889.41, 0.13], [889.4, 0.26], [889.39, 4.61], [889.38, 0.39], [889.37, 11.69], [889.36, 6.1], [889.35, 2.61], [889.34, 5.78], [889.33, 20.93], [889.32, 10.98], [889.31, 11.48], [889.3, 13.02], [889.29, 3.42], [889.28, 5.72], [889.27, 4.24], [889.26, 20.94], [889.25, 5.35]], "asks": [[889.45, 22.41], [889.46, 2.48], [889.48, 0.01], [889.49, 3.52], [889.5, 0.2], [889.51, 4.17], [889.52, 3.65], [889.53, 0.02], [889.54, 0.42], [889.55, 0.36], [889.56, 9.07], [889.57, 15.16], [889.58, 4.49], [889.59, 0.92], [889.6, 9.74], [889.61, 28.69], [889.62, 0.62], [889.63, 3.99], [889.64, 7.67], [889.65, 12.44]], "timestamp": "2025-12-13T09:12:06.004664+00:00"}, {"symbol": "BNBUSDT", "bids": [[889.82, 82.78], [889.81, 19.3], [889.8, 0.16], [889.79, 4.25], [889.78, 3.25], [889.77, 6.03], [889.76, 16.22], [889.75, 23.17], [889.74, 12.31], [889.73, 6.75], [889.72, 5.03], [889.71, 4.89], [889.7, 6.07], [889.69, 6.36], [889.68, 4.82], [889.67, 25.81], [889.66, 1.54], [889.65, 8.51], [889.64, 3.3], [889.63, 12.17]], "asks": [[889.83, 1.07], [889.84, 0.06], [889.85, 0.26], [889.86, 0.01], [889.87, 0.14], [889.88, 0.03], [889.89, 1.31], [889.9, 6.81], [889.91, 3.14], [889.92, 18.48], [889.93, 28.53], [889.94, 9.81], [889.95, 95.0], [889.96, 2.49], [889.97, 27.9], [889.98, 0.2], [889.99, 4.39], [890.0, 167.73], [890.01, 4.7], [890.02, 1.02]], "timestamp": "2025-12-13T09:13:00.027297+00:00"}, {"symbol": "BNBUSDT", "bids": [[889.73, 33.83], [889.72, 0.01], [889.71, 0.01], [889.7, 0.13], [889.69, 19.5], [889.68, 4.68], [889.67, 5.68], [889.66, 28.27], [889.65, 0.63], [889.64, 5.18], [889.63, 11.23], [889.62, 16.43], [889.61, 0.76], [889.6, 12.32], [889.59, 9.39], [889.58, 14.76], [889.57, 18.7], [889.56, 3.66], [889.55, 8.22], [889.54, 1.18]], "asks": [[889.74, 8.95], [889.75, 0.05], [889.76, 1.37], [889.77, 0.02], [889.79, 1.91], [889.8, 11.17], [889.81, 14.77], [889.82, 18.13], [889.83, 21.64], [889.84, 7.9], [889.85, 1.14], [889.86, 0.01], [889.87, 8.96], [889.88, 4.33], [889.89, 5.25], [889.9, 0.63], [889.91, 2.82], [889.92, 13.79], [889.93, 4.9], [889.94, 7.11]], "timestamp": "2025-12-13T09:13:54.140415+00:00"}, {"symbol": "BNBUSDT", "bids": [[889.54, 12.28], [889.53, 5.78], [889.52, 0.02], [889.51, 0.03], [889.5, 1.14], [889.49, 0.37], [889.48, 1.28], [889.47, 8.81], [889.46, 0.02], [889.45, 5.22], [889.44, 5.66], [889.43, 17.7], [889.42, 1.0], [889.41, 4.83], [889.4, 19.57], [889.39, 7.46], [889.38, 3.96], [889.37, 4.72], [889.36, 27.88], [889.35, 12.55]], "asks": [[889.55, 46.28], [889.56, 10.55], [889.57, 13.44], [889.58, 5.43], [889.59, 15.05], [889.6, 10.27], [889.61, 14.19], [889.62, 13.23], [889.63, 25.07], [889.64, 6.36], [889.65, 11.63], [889.66, 4.68], [889.67, 11.24], [889.68, 11.59], [889.69, 6.23], [889.7, 3.39], [889.71, 2.45], [889.72, 49.48], [889.73, 9.66], [889.74, 32.4]], "timestamp": "2025-12-13T09:14:48.412797+00:00"}, {"symbol": "BNBUSDT", "bids": [[888.86, 18.65], [888.85, 0.19], [888.84, 7.02], [888.83, 0.01], [888.82, 0.95], [888.81, 0.23], [888.8, 0.14], [888.79, 4.4], [888.78, 2.42], [888.77, 6.14], [888.76, 7.42], [888.75, 24.97], [888.74, 4.44], [888.73, 3.0], [888.72, 12.23], [888.71, 5.79], [888.7, 19.32], [888.69, 3.64], [888.68, 20.55], [888.67, 17.84]], "asks": [[888.87, 39.16], [888.88, 4.33], [888.89, 19.54], [888.9, 0.18], [888.91, 3.6], [888.92, 5.23], [888.93, 0.03], [888.94, 0.51], [888.95, 2.01], [888.96, 0.63], [888.97, 2.37], [888.99, 0.02], [889.0, 2.07], [889.01, 0.1], [889.02, 4.92], [889.03, 1.35], [889.04, 10.21], [889.05, 17.84], [889.06, 11.28], [889.07, 0.03]], "timestamp": "2025-12-13T09:15:42.197470+00:00"}, {"symbol": "BNBUSDT", "bids": [[889.13, 27.5], [889.12, 0.13], [889.11, 6.21], [889.1, 0.03], [889.09, 0.27], [889.08, 2.2], [889.07, 4.2], [889.06, 9.05], [889.05, 1.26], [889.04, 5.47], [889.03, 9.72], [889.02, 15.31], [889.01, 2.06], [889.0, 3.82], [888.99, 11.82], [888.98, 11.47], [888.97, 5.78], [888.96, 9.06], [888.95, 3.06], [888.94, 4.0]], "asks": [[889.14, 10.44], [889.15, 1.51], [889.16, 3.87], [889.17, 5.23], [889.18, 7.39], [889.19, 9.92], [889.2, 3.6], [889.21, 0.12], [889.22, 4.14], [889.23, 1.76], [889.24, 1.52], [889.25, 2.79], [889.26, 3.9], [889.27, 2.08], [889.28, 4.55], [889.29, 0.05], [889.3, 11.67], [889.31, 1.72], [889.32, 17.14], [889.33, 2.03]], "timestamp": "2025-12-13T09:16:36.651243+00:00"}, {"symbol": "BNBUSDT", "bids": [[889.12, 44.28], [889.11, 4.09], [889.1, 5.47], [889.09, 0.08], [889.08, 19.97], [889.07, 5.24], [889.06, 4.98], [889.05, 22.16], [889.04, 6.63], [889.03, 7.69], [889.02, 2.99], [889.01, 22.88], [889.0, 13.34], [888.99, 0.86], [888.98, 0.38], [888.97, 2.61], [888.96, 13.49], [888.95, 13.93], [888.94, 1.51], [888.93, 2.29]], "asks": [[889.13, 2.84], [889.14, 1.01], [889.16, 0.05], [889.17, 2.03], [889.18, 3.28], [889.19, 6.54], [889.2, 2.3], [889.21, 1.03], [889.22, 0.02], [889.23, 2.95], [889.24, 2.17], [889.25, 4.05], [889.26, 0.03], [889.27, 0.04], [889.28, 14.43], [889.29, 0.07], [889.3, 18.53], [889.31, 8.67], [889.32, 11.15], [889.33, 0.03]], "timestamp": "2025-12-13T09:17:30.106054+00:00"}, {"symbol": "BNBUSDT", "bids": [[889.19, 39.06], [889.18, 0.21], [889.17, 4.65], [889.16, 3.64], [889.15, 12.25], [889.14, 2.91], [889.13, 2.09], [889.12, 17.84], [889.11, 0.25], [889.1, 0.03], [889.09, 9.07], [889.08, 23.02], [889.07, 1.68], [889.06, 7.03], [889.05, 18.8], [889.04, 2.99], [889.03, 6.07], [889.02, 0.03], [889.01, 9.24], [889.0, 4.5]], "asks": [[889.2, 8.19], [889.21, 0.14], [889.22, 0.11], [889.23, 0.35], [889.24, 0.02], [889.25, 1.73], [889.26, 6.85], [889.27, 0.03], [889.28, 2.61], [889.29, 1.18], [889.3, 9.4], [889.31, 1.04], [889.32, 6.27], [889.33, 0.19], [889.34, 3.86], [889.35, 34.24], [889.36, 5.25], [889.37, 8.77], [889.38, 13.56], [889.39, 9.61]], "timestamp": "2025-12-13T09:18:23.660591+00:00"}, {"symbol": "BNBUSDT", "bids": [[889.24, 29.55], [889.23, 0.09], [889.22, 0.08], [889.21, 0.32], [889.2, 5.94], [889.19, 4.76], [889.18, 1.69], [889.17, 8.17], [889.16, 3.51], [889.15, 3.59], [889.14, 3.21], [889.13, 12.6], [889.12, 5.91], [889.11, 2.36], [889.1, 14.36], [889.09, 3.19], [889.08, 7.95], [889.07, 5.25], [889.06, 10.35], [889.05, 12.1]], "asks": [[889.25, 19.69], [889.26, 0.23], [889.28, 0.4], [889.29, 0.85], [889.3, 2.84], [889.31, 2.17], [889.32, 1.92], [889.33, 0.39], [889.34, 0.49], [889.35, 9.16], [889.36, 0.04], [889.37, 0.18], [889.38, 6.86], [889.39, 11.68], [889.4, 7.38], [889.41, 4.93], [889.42, 3.37], [889.43, 22.24], [889.44, 16.25], [889.45, 2.2]], "timestamp": "2025-12-13T09:19:17.114037+00:00"}, {"symbol": "BNBUSDT", "bids": [[889.24, 21.04], [889.23, 5.15], [889.22, 0.17], [889.21, 3.4], [889.2, 3.14], [889.19, 3.29], [889.18, 1.25], [889.17, 8.36], [889.16, 3.46], [889.15, 3.49], [889.14, 9.41], [889.13, 4.81], [889.12, 5.54], [889.11, 2.3], [889.1, 17.09], [889.09, 21.58], [889.08, 5.71], [889.07, 3.14], [889.06, 7.97], [889.05, 0.04]], "asks": [[889.25, 25.57], [889.26, 0.83], [889.27, 0.01], [889.28, 1.92], [889.29, 1.9], [889.3, 3.08], [889.31, 0.37], [889.32, 6.69], [889.33, 1.63], [889.34, 1.34], [889.35, 9.31], [889.36, 4.79], [889.37, 2.24], [889.38, 0.56], [889.39, 5.27], [889.4, 8.67], [889.41, 1.56], [889.42, 8.44], [889.43, 16.93], [889.44, 11.31]], "timestamp": "2025-12-13T09:20:10.567552+00:00"}, {"symbol": "BNBUSDT", "bids": [[888.79, 46.31], [888.78, 6.0], [888.77, 0.2], [888.76, 3.73], [888.75, 9.21], [888.74, 0.76], [888.73, 2.48], [888.72, 15.82], [888.71, 5.69], [888.7, 12.43], [888.69, 8.5], [888.68, 27.31], [888.67, 8.85], [888.66, 12.78], [888.65, 24.75], [888.64, 8.41], [888.63, 6.62], [888.62, 9.46], [888.61, 8.78], [888.6, 12.53]], "asks": [[888.8, 16.95], [888.81, 0.06], [888.84, 1.99], [888.85, 4.44], [888.86, 0.21], [888.87, 2.07], [888.88, 4.51], [888.89, 6.59], [888.9, 0.21], [888.91, 5.6], [888.92, 2.51], [888.93, 6.08], [888.94, 7.21], [888.95, 3.42], [888.96, 11.64], [888.97, 4.56], [888.98, 28.68], [888.99, 3.3], [889.0, 11.51], [889.01, 2.34]], "timestamp": "2025-12-13T09:21:05.045620+00:00"}, {"symbol": "BNBUSDT", "bids": [[889.06, 86.92], [889.05, 0.01], [889.04, 3.9], [889.02, 4.01], [889.01, 12.71], [889.0, 24.11], [888.99, 25.46], [888.98, 22.43], [888.97, 8.78], [888.96, 10.93], [888.95, 10.86], [888.94, 1.4], [888.93, 0.18], [888.92, 7.56], [888.91, 0.01], [888.9, 18.66], [888.89, 21.17], [888.88, 0.02], [888.87, 2.7], [888.86, 15.64]], "asks": [[889.07, 0.81], [889.08, 0.04], [889.09, 0.02], [889.11, 0.02], [889.12, 0.01], [889.13, 0.41], [889.14, 3.79], [889.15, 2.53], [889.16, 11.96], [889.17, 2.49], [889.18, 0.41], [889.19, 2.42], [889.2, 6.66], [889.21, 13.7], [889.22, 0.82], [889.23, 1.73], [889.24, 12.25], [889.25, 0.29], [889.26, 15.64], [889.27, 5.28]], "timestamp": "2025-12-13T09:21:59.528684+00:00"}, {"symbol": "BNBUSDT", "bids": [[888.97, 2.73], [888.96, 5.07], [888.94, 0.01], [888.93, 1.35], [888.91, 1.84], [888.9, 2.06], [888.89, 2.2], [888.88, 3.88], [888.87, 0.63], [888.86, 18.46], [888.85, 2.25], [888.84, 8.47], [888.83, 23.62], [888.81, 7.77], [888.8, 7.91], [888.79, 12.25], [888.78, 4.26], [888.77, 1.54], [888.76, 28.24], [888.75, 2.26]], "asks": [[888.98, 31.09], [888.99, 0.03], [889.0, 4.5], [889.01, 10.02], [889.02, 0.07], [889.03, 15.41], [889.04, 6.11], [889.05, 2.78], [889.06, 2.14], [889.07, 6.57], [889.08, 6.55], [889.09, 6.74], [889.1, 21.07], [889.11, 0.6], [889.12, 33.4], [889.13, 0.91], [889.14, 2.35], [889.15, 0.04], [889.16, 13.44], [889.17, 8.17]], "timestamp": "2025-12-13T09:22:54.523876+00:00"}, {"symbol": "BNBUSDT", "bids": [[888.73, 22.85], [888.72, 1.22], [888.71, 0.61], [888.69, 0.18], [888.68, 2.6], [888.67, 0.23], [888.66, 7.88], [888.65, 8.0], [888.64, 8.52], [888.63, 12.34], [888.62, 0.22], [888.61, 6.37], [888.6, 10.13], [888.59, 11.48], [888.58, 42.6], [888.57, 2.4], [888.56, 0.01], [888.55, 2.82], [888.54, 13.26], [888.53, 5.57]], "asks": [[888.74, 31.05], [888.75, 0.04], [888.76, 0.01], [888.78, 0.31], [888.79, 0.18], [888.8, 6.98], [888.81, 20.25], [888.82, 0.58], [888.83, 7.94], [888.84, 7.39], [888.85, 19.01], [888.86, 7.2], [888.87, 11.93], [888.88, 15.82], [888.89, 9.75], [888.9, 4.74], [888.91, 18.71], [888.92, 41.2], [888.93, 29.14], [888.94, 19.34]], "timestamp": "2025-12-13T09:23:49.424180+00:00"}, {"symbol": "BNBUSDT", "bids": [[888.5, 9.17], [888.49, 0.04], [888.48, 5.74], [888.47, 0.01], [888.46, 2.31], [888.45, 5.6], [888.44, 1.92], [888.43, 3.4], [888.42, 0.63], [888.41, 0.85], [888.4, 9.86], [888.39, 14.23], [888.38, 1.86], [888.37, 2.04], [888.36, 24.01], [888.35, 0.01], [888.34, 11.96], [888.33, 2.63], [888.32, 15.88], [888.31, 17.85]], "asks": [[888.51, 48.07], [888.52, 10.8], [888.53, 14.81], [888.54, 0.3], [888.55, 4.12], [888.56, 3.23], [888.57, 2.26], [888.58, 9.42], [888.59, 8.25], [888.6, 2.3], [888.61, 5.26], [888.62, 10.37], [888.63, 1.06], [888.64, 10.64], [888.65, 6.01], [888.66, 8.31], [888.67, 15.68], [888.68, 25.95], [888.69, 18.55], [888.7, 14.28]], "timestamp": "2025-12-13T09:24:44.448600+00:00"}, {"symbol": "BNBUSDT", "bids": [[888.35, 23.2], [888.34, 2.47], [888.33, 10.1], [888.32, 0.12], [888.31, 3.29], [888.3, 6.35], [888.29, 3.77], [888.27, 0.02], [888.26, 1.71], [888.25, 0.16], [888.24, 0.04], [888.23, 3.94], [888.22, 2.17], [888.21, 21.25], [888.2, 6.19], [888.19, 17.39], [888.18, 2.93], [888.17, 2.96], [888.16, 0.33], [888.15, 18.61]], "asks": [[888.36, 40.57], [888.37, 0.21], [888.38, 3.19], [888.39, 3.66], [888.4, 20.18], [888.41, 22.64], [888.42, 18.02], [888.43, 5.24], [888.44, 1.16], [888.45, 0.39], [888.46, 3.75], [888.47, 2.19], [888.48, 7.67], [888.49, 2.91], [888.5, 15.2], [888.51, 1.91], [888.52, 20.31], [888.53, 35.37], [888.54, 40.97], [888.55, 4.49]], "timestamp": "2025-12-13T09:25:39.218312+00:00"}, {"symbol": "BNBUSDT", "bids": [[888.5, 130.85], [888.49, 32.93], [888.48, 15.67], [888.47, 11.32], [888.46, 16.25], [888.45, 26.58], [888.44, 13.94], [888.43, 5.81], [888.42, 3.46], [888.41, 14.2], [888.4, 3.2], [888.39, 3.6], [888.38, 9.55], [888.37, 2.81], [888.36, 10.35], [888.35, 14.17], [888.34, 5.28], [888.33, 1.26], [888.32, 2.52], [888.31, 11.25]], "asks": [[888.51, 1.92], [888.52, 0.33], [888.53, 0.02], [888.54, 0.26], [888.56, 3.04], [888.57, 2.02], [888.58, 0.28], [888.59, 0.21], [888.6, 6.95], [888.61, 4.06], [888.62, 13.17], [888.63, 2.46], [888.64, 9.32], [888.65, 10.07], [888.66, 16.22], [888.67, 9.33], [888.68, 17.64], [888.69, 0.62], [888.7, 4.91], [888.71, 21.71]], "timestamp": "2025-12-13T09:26:33.856381+00:00"}, {"symbol": "BNBUSDT", "bids": [[888.5, 11.19], [888.49, 9.44], [888.48, 0.35], [888.47, 0.02], [888.46, 0.12], [888.45, 3.39], [888.44, 3.35], [888.43, 0.01], [888.42, 2.2], [888.41, 19.26], [888.4, 0.19], [888.39, 1.14], [888.38, 0.57], [888.37, 2.39], [888.36, 0.17], [888.35, 1.99], [888.34, 2.65], [888.33, 0.17], [888.32, 0.04], [888.31, 1.9]], "asks": [[888.51, 47.17], [888.52, 2.43], [888.53, 2.77], [888.54, 3.88], [888.55, 16.71], [888.56, 9.82], [888.57, 4.19], [888.58, 19.45], [888.59, 2.64], [888.6, 17.82], [888.61, 1.75], [888.62, 31.95], [888.63, 16.89], [888.64, 28.74], [888.65, 26.84], [888.66, 8.77], [888.67, 9.93], [888.68, 17.78], [888.69, 12.64], [888.7, 11.25]], "timestamp": "2025-12-13T09:27:28.515130+00:00"}, {"symbol": "BNBUSDT", "bids": [[888.49, 16.75], [888.48, 6.39], [888.47, 0.01], [888.46, 4.69], [888.45, 6.75], [888.44, 13.43], [888.43, 6.24], [888.42, 11.95], [888.41, 15.57], [888.4, 0.03], [888.39, 0.22], [888.38, 0.72], [888.36, 5.26], [888.35, 12.97], [888.34, 3.14], [888.33, 3.54], [888.32, 2.54], [888.31, 11.43], [888.3, 0.36], [888.29, 2.13]], "asks": [[888.5, 27.17], [888.51, 3.17], [888.52, 5.84], [888.53, 0.69], [888.54, 2.39], [888.55, 2.67], [888.56, 6.37], [888.57, 3.24], [888.58, 1.69], [888.59, 13.48], [888.6, 9.02], [888.61, 32.89], [888.62, 1.14], [888.63, 2.69], [888.64, 21.83], [888.65, 6.09], [888.66, 16.52], [888.67, 15.19], [888.68, 7.87], [888.69, 12.16]], "timestamp": "2025-12-13T09:28:22.708062+00:00"}, {"symbol": "BNBUSDT", "bids": [[888.44, 5.13], [888.43, 0.02], [888.42, 3.38], [888.41, 0.41], [888.4, 6.75], [888.39, 4.89], [888.37, 3.51], [888.36, 11.51], [888.35, 10.88], [888.34, 5.29], [888.33, 2.21], [888.32, 1.4], [888.31, 5.89], [888.3, 0.42], [888.28, 7.23], [888.27, 7.02], [888.26, 0.03], [888.25, 1.13], [888.24, 20.41], [888.23, 19.78]], "asks": [[888.45, 42.83], [888.46, 0.46], [888.47, 0.11], [888.48, 3.07], [888.49, 10.66], [888.5, 2.12], [888.51, 1.56], [888.52, 6.35], [888.53, 3.31], [888.54, 3.54], [888.55, 3.99], [888.56, 18.21], [888.57, 3.67], [888.58, 3.69], [888.59, 19.58], [888.6, 9.97], [888.61, 13.64], [888.62, 6.86], [888.63, 22.34], [888.64, 13.39]], "timestamp": "2025-12-13T09:29:16.981029+00:00"}, {"symbol": "BNBUSDT", "bids": [[888.79, 76.08], [888.78, 18.97], [888.77, 0.17], [888.76, 8.18], [888.75, 0.54], [888.74, 0.17], [888.73, 7.33], [888.72, 17.72], [888.71, 5.22], [888.7, 15.92], [888.69, 6.16], [888.68, 2.21], [888.67, 2.73], [888.66, 1.9], [888.65, 13.75], [888.64, 5.44], [888.63, 3.33], [888.62, 0.21], [888.61, 21.46], [888.6, 0.12]], "asks": [[888.8, 7.97], [888.81, 0.16], [888.82, 0.01], [888.83, 2.03], [888.84, 13.03], [888.85, 17.11], [888.86, 7.95], [888.87, 9.71], [888.88, 91.39], [888.89, 1.35], [888.9, 8.32], [888.91, 1.05], [888.92, 6.96], [888.93, 30.03], [888.94, 5.05], [888.95, 11.19], [888.96, 26.33], [888.97, 13.63], [888.98, 6.67], [888.99, 2.81]], "timestamp": "2025-12-13T09:30:10.229380+00:00"}, {"symbol": "BNBUSDT", "bids": [[888.71, 5.31], [888.7, 19.81], [888.69, 0.36], [888.67, 0.2], [888.66, 5.07], [888.64, 2.4], [888.63, 0.86], [888.62, 0.19], [888.61, 4.59], [888.6, 2.42], [888.59, 0.04], [888.58, 4.19], [888.57, 3.4], [888.56, 5.9], [888.55, 2.2], [888.54, 7.17], [888.53, 6.23], [888.52, 12.83], [888.51, 6.03], [888.5, 11.68]], "asks": [[888.72, 35.25], [888.73, 13.25], [888.74, 5.73], [888.75, 0.1], [888.76, 20.5], [888.77, 2.19], [888.78, 8.39], [888.79, 48.59], [888.8, 5.61], [888.81, 0.06], [888.82, 8.78], [888.83, 35.16], [888.84, 1.07], [888.85, 21.03], [888.86, 8.89], [888.87, 10.44], [888.88, 92.45], [888.89, 3.71], [888.9, 2.55], [888.91, 1.04]], "timestamp": "2025-12-13T09:31:04.297652+00:00"}, {"symbol": "BNBUSDT", "bids": [[888.95, 41.47], [888.94, 0.94], [888.92, 6.22], [888.91, 21.43], [888.9, 6.72], [888.89, 0.91], [888.88, 19.63], [888.87, 6.11], [888.86, 7.84], [888.85, 3.58], [888.84, 19.38], [888.83, 0.52], [888.82, 2.19], [888.81, 4.86], [888.8, 2.63], [888.79, 0.04], [888.78, 1.81], [888.77, 14.64], [888.76, 3.81], [888.75, 11.62]], "asks": [[888.96, 7.84], [888.97, 0.1], [888.99, 0.5], [889.0, 2.77], [889.01, 3.43], [889.02, 4.03], [889.03, 2.96], [889.04, 12.1], [889.05, 5.65], [889.06, 6.29], [889.07, 17.57], [889.08, 20.97], [889.09, 6.74], [889.1, 44.97], [889.11, 4.08], [889.12, 44.52], [889.13, 0.02], [889.14, 43.0], [889.15, 6.21], [889.16, 518.75]], "timestamp": "2025-12-13T09:31:57.443009+00:00"}, {"symbol": "BNBUSDT", "bids": [[888.76, 1.22], [888.74, 0.01], [888.73, 1.45], [888.72, 0.41], [888.71, 0.38], [888.7, 0.01], [888.69, 2.69], [888.68, 0.15], [888.67, 0.37], [888.66, 0.14], [888.65, 0.06], [888.64, 5.07], [888.63, 0.12], [888.62, 1.48], [888.61, 6.3], [888.6, 1.5], [888.59, 3.08], [888.58, 2.54], [888.57, 3.67], [888.56, 5.81]], "asks": [[888.77, 108.37], [888.78, 29.99], [888.79, 0.02], [888.8, 3.72], [888.81, 12.12], [888.82, 7.29], [888.83, 5.38], [888.84, 4.2], [888.85, 10.4], [888.86, 0.03], [888.87, 3.0], [888.88, 15.67], [888.89, 18.45], [888.9, 34.64], [888.91, 8.56], [888.92, 31.93], [888.93, 13.57], [888.94, 28.68], [888.95, 32.72], [888.96, 13.09]], "timestamp": "2025-12-13T09:32:51.079453+00:00"}, {"symbol": "BNBUSDT", "bids": [[888.43, 16.28], [888.42, 5.18], [888.41, 0.41], [888.4, 2.4], [888.39, 13.54], [888.38, 2.22], [888.37, 0.74], [888.36, 4.68], [888.35, 2.94], [888.34, 2.78], [888.33, 2.22], [888.32, 2.25], [888.31, 8.83], [888.3, 0.7], [888.29, 0.02], [888.28, 7.47], [888.27, 14.65], [888.26, 0.39], [888.25, 3.32], [888.24, 25.17]], "asks": [[888.44, 53.26], [888.45, 0.03], [888.46, 0.01], [888.48, 2.31], [888.49, 2.62], [888.5, 7.87], [888.51, 1.14], [888.52, 2.27], [888.53, 3.25], [888.54, 0.03], [888.55, 2.4], [888.56, 9.43], [888.57, 0.03], [888.58, 2.46], [888.59, 13.85], [888.6, 0.03], [888.61, 3.43], [888.62, 3.79], [888.63, 11.97], [888.64, 15.81]], "timestamp": "2025-12-13T09:33:45.068048+00:00"}, {"symbol": "BNBUSDT", "bids": [[888.83, 3.31], [888.82, 1.17], [888.81, 0.04], [888.8, 0.02], [888.79, 0.39], [888.78, 0.78], [888.77, 1.32], [888.76, 1.55], [888.75, 0.17], [888.74, 1.58], [888.73, 7.56], [888.72, 1.24], [888.71, 2.01], [888.7, 1.88], [888.69, 0.02], [888.68, 6.72], [888.67, 0.01], [888.66, 2.83], [888.65, 9.49], [888.64, 6.31]], "asks": [[888.84, 81.97], [888.85, 20.66], [888.86, 9.93], [888.87, 13.92], [888.88, 27.0], [888.89, 17.07], [888.9, 0.6], [888.91, 4.05], [888.92, 8.45], [888.93, 0.02], [888.94, 0.14], [888.95, 0.14], [888.96, 51.88], [888.97, 19.69], [888.98, 10.77], [888.99, 30.7], [889.0, 42.82], [889.01, 12.02], [889.02, 21.06], [889.03, 27.55]], "timestamp": "2025-12-13T09:34:38.931081+00:00"}, {"symbol": "BNBUSDT", "bids": [[888.72, 25.82], [888.7, 0.01], [888.69, 2.24], [888.68, 2.97], [888.67, 2.87], [888.66, 16.93], [888.65, 11.96], [888.64, 5.47], [888.63, 2.26], [888.62, 4.43], [888.61, 4.98], [888.6, 4.86], [888.59, 1.96], [888.58, 13.82], [888.57, 6.56], [888.56, 5.32], [888.55, 1.43], [888.54, 7.37], [888.53, 14.87], [888.52, 5.8]], "asks": [[888.73, 4.97], [888.74, 0.75], [888.76, 13.0], [888.77, 8.31], [888.78, 0.07], [888.79, 0.31], [888.8, 4.89], [888.81, 11.62], [888.82, 4.52], [888.83, 0.24], [888.84, 2.32], [888.85, 0.03], [888.86, 12.74], [888.87, 42.15], [888.88, 1.3], [888.89, 14.59], [888.9, 4.08], [888.91, 51.13], [888.92, 15.13], [888.93, 13.87]], "timestamp": "2025-12-13T09:35:32.486252+00:00"}, {"symbol": "BNBUSDT", "bids": [[889.01, 2.78], [889.0, 0.15], [888.99, 0.02], [888.98, 2.82], [888.97, 0.19], [888.96, 5.61], [888.95, 4.91], [888.93, 0.92], [888.92, 2.81], [888.91, 4.82], [888.9, 1.15], [888.89, 2.41], [888.88, 2.6], [888.87, 0.05], [888.86, 6.24], [888.85, 3.75], [888.84, 7.29], [888.83, 6.07], [888.82, 14.1], [888.81, 3.32]], "asks": [[889.02, 44.21], [889.03, 21.46], [889.04, 13.98], [889.05, 10.76], [889.06, 13.0], [889.07, 3.12], [889.08, 15.26], [889.09, 22.31], [889.1, 2.15], [889.11, 7.34], [889.12, 43.52], [889.13, 14.33], [889.14, 9.62], [889.15, 10.52], [889.16, 25.06], [889.17, 6.4], [889.18, 34.86], [889.19, 504.5], [889.2, 3167.66], [889.21, 1.02]], "timestamp": "2025-12-13T09:36:25.838166+00:00"}, {"symbol": "BNBUSDT", "bids": [[888.97, 12.28], [888.96, 17.34], [888.95, 0.1], [888.94, 0.68], [888.93, 1.96], [888.92, 1.96], [888.91, 0.01], [888.9, 1.15], [888.89, 1.96], [888.88, 3.62], [888.87, 4.59], [888.86, 6.7], [888.85, 4.03], [888.84, 6.3], [888.83, 18.35], [888.82, 6.42], [888.81, 0.02], [888.8, 7.61], [888.79, 2.21], [888.78, 3.54]], "asks": [[888.98, 35.06], [888.99, 0.73], [889.0, 4.66], [889.01, 11.57], [889.02, 17.47], [889.03, 4.8], [889.04, 6.65], [889.05, 6.89], [889.06, 11.57], [889.07, 13.44], [889.08, 9.09], [889.09, 19.66], [889.1, 17.21], [889.11, 7.86], [889.12, 21.43], [889.13, 19.86], [889.14, 10.28], [889.15, 14.77], [889.16, 41.7], [889.17, 3.76]], "timestamp": "2025-12-13T09:37:19.354355+00:00"}, {"symbol": "BNBUSDT", "bids": [[889.7, 35.68], [889.69, 0.12], [889.68, 1.34], [889.67, 2.29], [889.66, 2.83], [889.65, 2.35], [889.64, 2.8], [889.63, 9.61], [889.62, 1.43], [889.61, 8.17], [889.6, 9.46], [889.59, 13.32], [889.58, 10.14], [889.57, 30.96], [889.56, 5.6], [889.55, 23.36], [889.54, 0.28], [889.53, 0.01], [889.52, 4.54], [889.51, 2.25]], "asks": [[889.71, 34.81], [889.72, 11.49], [889.73, 26.29], [889.74, 2.32], [889.75, 6.77], [889.76, 20.18], [889.77, 16.84], [889.78, 15.95], [889.79, 21.58], [889.8, 9.22], [889.81, 12.76], [889.82, 3.67], [889.83, 4.0], [889.84, 9.66], [889.85, 12.94], [889.86, 0.08], [889.87, 9.69], [889.88, 16.26], [889.89, 5.69], [889.9, 3.64]], "timestamp": "2025-12-13T09:38:12.540313+00:00"}, {"symbol": "BNBUSDT", "bids": [[889.85, 8.12], [889.84, 0.02], [889.83, 0.02], [889.82, 2.16], [889.81, 2.26], [889.8, 0.06], [889.79, 0.23], [889.78, 4.62], [889.77, 2.01], [889.76, 12.79], [889.75, 29.63], [889.74, 2.22], [889.73, 4.03], [889.72, 10.91], [889.71, 8.92], [889.7, 8.32], [889.69, 12.13], [889.68, 0.35], [889.67, 4.65], [889.66, 11.24]], "asks": [[889.86, 62.81], [889.87, 12.74], [889.88, 18.66], [889.89, 0.08], [889.91, 5.81], [889.92, 15.41], [889.93, 17.16], [889.94, 29.49], [889.95, 16.94], [889.96, 6.68], [889.97, 2.47], [889.98, 1.03], [889.99, 15.82], [890.0, 63.53], [890.01, 5.59], [890.02, 8.51], [890.03, 0.01], [890.04, 17.29], [890.05, 0.57], [890.06, 2.39]], "timestamp": "2025-12-13T09:39:05.899871+00:00"}, {"symbol": "BNBUSDT", "bids": [[889.77, 8.3], [889.76, 2.74], [889.75, 1.22], [889.74, 2.06], [889.73, 2.92], [889.72, 8.21], [889.71, 5.26], [889.7, 11.67], [889.69, 10.58], [889.68, 1.6], [889.67, 0.57], [889.66, 0.19], [889.65, 2.17], [889.64, 5.85], [889.63, 9.34], [889.62, 14.82], [889.61, 18.95], [889.6, 5.39], [889.59, 17.15], [889.58, 11.53]], "asks": [[889.78, 40.86], [889.79, 0.25], [889.8, 5.55], [889.81, 11.51], [889.82, 17.82], [889.83, 2.46], [889.84, 9.25], [889.85, 17.41], [889.86, 1.6], [889.87, 7.65], [889.88, 13.0], [889.89, 2.36], [889.9, 14.75], [889.91, 3.43], [889.92, 4.62], [889.94, 18.38], [889.95, 12.0], [889.96, 17.53], [889.97, 14.87], [889.98, 0.53]], "timestamp": "2025-12-13T09:39:59.985167+00:00"}, {"symbol": "BNBUSDT", "bids": [[889.85, 13.58], [889.84, 0.05], [889.83, 0.01], [889.82, 0.02], [889.81, 0.23], [889.8, 7.1], [889.79, 1.04], [889.78, 1.19], [889.77, 2.64], [889.76, 8.02], [889.75, 5.44], [889.74, 10.2], [889.73, 0.01], [889.72, 19.08], [889.71, 0.07], [889.7, 8.31], [889.69, 12.74], [889.68, 5.67], [889.67, 9.45], [889.66, 11.53]], "asks": [[889.86, 41.75], [889.87, 0.57], [889.88, 5.79], [889.89, 11.72], [889.9, 15.9], [889.91, 3.5], [889.92, 6.93], [889.93, 13.31], [889.94, 11.29], [889.95, 5.9], [889.96, 2.74], [889.97, 2.5], [889.98, 8.11], [889.99, 13.83], [890.0, 64.31], [890.01, 5.77], [890.03, 12.07], [890.04, 22.85], [890.05, 1.94], [890.06, 2.17]], "timestamp": "2025-12-13T09:40:53.926098+00:00"}, {"symbol": "BNBUSDT", "bids": [[889.59, 10.56], [889.58, 5.06], [889.57, 1.39], [889.56, 0.02], [889.54, 3.57], [889.53, 0.01], [889.52, 1.2], [889.51, 1.69], [889.5, 0.65], [889.49, 2.46], [889.48, 8.91], [889.47, 4.11], [889.46, 5.79], [889.45, 11.24], [889.44, 20.93], [889.43, 1.17], [889.42, 16.42], [889.41, 2.11], [889.4, 6.46], [889.39, 4.14]], "asks": [[889.6, 29.37], [889.61, 0.31], [889.62, 3.39], [889.63, 15.33], [889.64, 11.41], [889.65, 11.12], [889.66, 0.43], [889.67, 0.37], [889.68, 12.83], [889.69, 3.66], [889.7, 1.13], [889.71, 4.83], [889.72, 3.56], [889.73, 2.82], [889.74, 0.24], [889.75, 11.6], [889.76, 19.58], [889.77, 11.06], [889.78, 4.0], [889.79, 0.04]], "timestamp": "2025-12-13T09:41:47.787294+00:00"}, {"symbol": "BNBUSDT", "bids": [[889.64, 35.39], [889.63, 0.02], [889.62, 0.34], [889.61, 8.82], [889.6, 23.8], [889.59, 5.66], [889.58, 0.28], [889.57, 3.62], [889.56, 0.28], [889.55, 1.42], [889.54, 4.48], [889.53, 4.6], [889.52, 1.72], [889.51, 8.17], [889.5, 10.47], [889.49, 21.71], [889.48, 10.91], [889.47, 4.66], [889.46, 39.59], [889.45, 35.49]], "asks": [[889.65, 13.27], [889.66, 0.32], [889.67, 9.27], [889.68, 7.68], [889.69, 3.31], [889.7, 8.98], [889.71, 4.73], [889.72, 0.02], [889.74, 0.04], [889.75, 3.43], [889.76, 0.97], [889.77, 2.11], [889.78, 2.23], [889.79, 0.78], [889.8, 3.1], [889.81, 3.56], [889.82, 7.02], [889.83, 8.76], [889.84, 5.43], [889.85, 24.71]], "timestamp": "2025-12-13T09:42:41.957587+00:00"}, {"symbol": "BNBUSDT", "bids": [[889.6, 24.92], [889.59, 0.64], [889.57, 5.13], [889.56, 1.19], [889.55, 4.89], [889.54, 0.21], [889.53, 0.01], [889.52, 5.46], [889.51, 5.47], [889.5, 2.54], [889.49, 20.77], [889.48, 8.22], [889.47, 3.66], [889.46, 7.32], [889.45, 6.39], [889.44, 6.26], [889.43, 1.05], [889.42, 12.65], [889.41, 1.63], [889.4, 7.04]], "asks": [[889.61, 16.42], [889.62, 5.52], [889.63, 8.22], [889.64, 4.15], [889.65, 3.31], [889.66, 0.02], [889.67, 3.38], [889.68, 6.15], [889.69, 3.14], [889.7, 11.32], [889.71, 1.37], [889.72, 3.76], [889.73, 2.24], [889.74, 3.4], [889.75, 3.66], [889.76, 19.81], [889.77, 2.12], [889.78, 13.46], [889.79, 9.13], [889.8, 12.86]], "timestamp": "2025-12-13T09:43:36.035282+00:00"}, {"symbol": "BNBUSDT", "bids": [[889.42, 10.12], [889.41, 1.0], [889.4, 0.37], [889.39, 0.01], [889.38, 0.18], [889.37, 4.41], [889.36, 2.09], [889.35, 2.24], [889.34, 1.23], [889.33, 10.3], [889.32, 8.71], [889.31, 10.74], [889.3, 23.51], [889.29, 1.71], [889.28, 14.11], [889.27, 35.6], [889.26, 2.3], [889.25, 13.38], [889.24, 15.55], [889.23, 13.35]], "asks": [[889.43, 70.96], [889.44, 9.15], [889.45, 27.17], [889.46, 0.2], [889.47, 14.07], [889.48, 9.59], [889.49, 18.4], [889.5, 30.34], [889.51, 20.77], [889.52, 24.76], [889.53, 5.03], [889.54, 1.13], [889.56, 1.86], [889.57, 3.2], [889.58, 8.51], [889.59, 1.87], [889.6, 10.24], [889.61, 13.26], [889.62, 16.65], [889.63, 10.19]], "timestamp": "2025-12-13T09:44:30.298533+00:00"}, {"symbol": "BNBUSDT", "bids": [[889.65, 30.31], [889.64, 0.4], [889.63, 0.01], [889.62, 0.62], [889.6, 0.32], [889.59, 1.18], [889.58, 2.24], [889.57, 2.3], [889.56, 1.28], [889.55, 0.23], [889.54, 0.08], [889.53, 0.04], [889.52, 13.32], [889.51, 12.47], [889.5, 56.54], [889.49, 0.03], [889.48, 0.12], [889.47, 7.02], [889.46, 29.34], [889.45, 2.25]], "asks": [[889.66, 55.13], [889.67, 45.3], [889.68, 24.06], [889.69, 15.29], [889.7, 20.86], [889.71, 1.07], [889.72, 4.28], [889.73, 0.02], [889.74, 0.05], [889.75, 3.4], [889.76, 6.29], [889.77, 2.75], [889.78, 1.34], [889.79, 2.77], [889.8, 5.47], [889.81, 4.66], [889.82, 2.22], [889.83, 2.3], [889.84, 23.08], [889.85, 8.48]], "timestamp": "2025-12-13T09:45:24.579179+00:00"}, {"symbol": "BNBUSDT", "bids": [[889.8, 56.52], [889.79, 0.01], [889.76, 3.22], [889.75, 3.72], [889.74, 1.99], [889.73, 2.3], [889.72, 18.44], [889.71, 10.17], [889.7, 10.15], [889.69, 4.75], [889.68, 23.84], [889.67, 1.89], [889.66, 13.56], [889.65, 10.26], [889.64, 4.2], [889.63, 0.04], [889.62, 23.09], [889.6, 6.22], [889.59, 0.01], [889.58, 0.03]], "asks": [[889.81, 19.57], [889.82, 0.64], [889.83, 0.28], [889.84, 4.02], [889.85, 1.74], [889.86, 2.99], [889.87, 3.1], [889.88, 22.03], [889.89, 1.09], [889.9, 1.28], [889.91, 11.71], [889.92, 10.81], [889.93, 7.1], [889.94, 6.98], [889.95, 58.73], [889.96, 10.88], [889.97, 35.77], [889.98, 1.89], [889.99, 17.39], [890.0, 116.49]], "timestamp": "2025-12-13T09:46:18.638340+00:00"}, {"symbol": "BNBUSDT", "bids": [[889.94, 93.52], [889.93, 3.14], [889.92, 7.38], [889.91, 3.18], [889.9, 3.21], [889.89, 7.32], [889.88, 20.25], [889.87, 7.1], [889.86, 25.3], [889.85, 1.42], [889.84, 6.56], [889.83, 0.04], [889.82, 4.54], [889.81, 3.04], [889.8, 8.9], [889.79, 0.98], [889.78, 0.09], [889.77, 0.01], [889.76, 4.74], [889.75, 0.02]], "asks": [[889.95, 30.01], [889.96, 0.63], [889.97, 0.25], [889.98, 0.12], [889.99, 25.31], [890.0, 167.03], [890.01, 0.66], [890.02, 1.14], [890.03, 3.86], [890.04, 6.1], [890.05, 2.25], [890.06, 0.01], [890.07, 2.98], [890.08, 12.37], [890.09, 3.51], [890.1, 2.28], [890.11, 0.09], [890.12, 4.5], [890.13, 3.42], [890.14, 0.04]], "timestamp": "2025-12-13T09:47:12.706093+00:00"}, {"symbol": "BNBUSDT", "bids": [[889.57, 14.22], [889.56, 0.12], [889.55, 0.03], [889.53, 0.04], [889.52, 2.61], [889.51, 5.31], [889.5, 0.33], [889.49, 0.2], [889.48, 2.8], [889.47, 3.78], [889.46, 2.92], [889.45, 2.67], [889.44, 11.78], [889.43, 1.29], [889.42, 2.17], [889.41, 5.16], [889.4, 24.03], [889.39, 4.07], [889.38, 3.75], [889.37, 2.49]], "asks": [[889.58, 65.61], [889.59, 0.13], [889.6, 0.13], [889.61, 5.2], [889.62, 13.38], [889.63, 17.3], [889.64, 2.36], [889.65, 13.15], [889.66, 21.16], [889.67, 27.78], [889.68, 8.44], [889.69, 12.74], [889.7, 0.04], [889.71, 0.03], [889.72, 7.5], [889.73, 14.77], [889.74, 13.08], [889.75, 2.34], [889.76, 21.18], [889.77, 15.25]], "timestamp": "2025-12-13T09:48:06.364904+00:00"}, {"symbol": "BNBUSDT", "bids": [[889.69, 19.34], [889.68, 0.1], [889.65, 1.81], [889.64, 5.43], [889.63, 1.86], [889.62, 1.87], [889.61, 5.28], [889.6, 6.04], [889.59, 5.82], [889.58, 1.16], [889.57, 7.39], [889.56, 7.56], [889.55, 6.56], [889.54, 24.03], [889.53, 0.04], [889.52, 7.73], [889.51, 11.92], [889.5, 17.08], [889.49, 7.59], [889.48, 10.41]], "asks": [[889.7, 45.12], [889.71, 0.05], [889.72, 3.16], [889.73, 7.74], [889.74, 3.38], [889.75, 7.4], [889.76, 8.11], [889.77, 0.03], [889.78, 0.03], [889.79, 5.51], [889.8, 34.67], [889.81, 0.4], [889.82, 13.48], [889.83, 2.25], [889.84, 5.09], [889.85, 0.6], [889.86, 2.31], [889.87, 9.23], [889.88, 24.21], [889.89, 6.86]], "timestamp": "2025-12-13T09:49:00.433543+00:00"}, {"symbol": "BNBUSDT", "bids": [[889.73, 16.82], [889.72, 1.47], [889.71, 0.27], [889.7, 0.01], [889.69, 8.2], [889.68, 0.95], [889.67, 2.1], [889.66, 3.59], [889.65, 6.02], [889.64, 9.83], [889.63, 8.05], [889.62, 4.9], [889.61, 3.45], [889.6, 26.21], [889.59, 5.82], [889.58, 0.03], [889.57, 0.11], [889.56, 15.35], [889.55, 0.01], [889.54, 0.01]], "asks": [[889.74, 28.18], [889.75, 7.25], [889.76, 9.86], [889.77, 8.99], [889.78, 0.21], [889.79, 2.81], [889.8, 30.76], [889.81, 0.56], [889.82, 6.44], [889.83, 3.28], [889.84, 3.02], [889.85, 2.3], [889.86, 4.94], [889.87, 1.16], [889.88, 18.3], [889.89, 5.76], [889.9, 1.01], [889.91, 3.64], [889.92, 27.43], [889.93, 4.47]], "timestamp": "2025-12-13T09:49:53.885905+00:00"}, {"symbol": "BNBUSDT", "bids": [[890.17, 2.95], [890.16, 0.05], [890.15, 0.11], [890.13, 0.08], [890.12, 0.01], [890.11, 2.04], [890.1, 8.15], [890.09, 1.26], [890.08, 2.55], [890.07, 5.84], [890.06, 2.36], [890.05, 3.81], [890.04, 5.32], [890.03, 3.51], [890.02, 5.33], [890.01, 9.56], [890.0, 5.33], [889.99, 14.04], [889.98, 1.92], [889.97, 12.1]], "asks": [[890.18, 101.57], [890.19, 13.91], [890.2, 2.47], [890.21, 0.13], [890.22, 0.58], [890.23, 0.29], [890.24, 6.29], [890.25, 4.38], [890.26, 3.15], [890.27, 10.02], [890.28, 21.64], [890.29, 9.18], [890.3, 69.76], [890.31, 16.86], [890.32, 19.62], [890.33, 24.13], [890.34, 13.62], [890.35, 4.4], [890.36, 0.78], [890.37, 2.86]], "timestamp": "2025-12-13T09:50:47.953756+00:00"}, {"symbol": "BNBUSDT", "bids": [[890.24, 19.11], [890.23, 1.53], [890.22, 9.37], [890.21, 0.18], [890.2, 10.32], [890.19, 2.43], [890.18, 0.33], [890.17, 0.05], [890.16, 33.58], [890.15, 3.37], [890.14, 5.53], [890.13, 2.58], [890.12, 6.35], [890.11, 14.57], [890.1, 52.9], [890.09, 3.28], [890.08, 11.69], [890.07, 2.36], [890.06, 1.3], [890.05, 11.23]], "asks": [[890.25, 12.23], [890.26, 14.45], [890.27, 7.45], [890.28, 12.79], [890.29, 6.7], [890.3, 58.85], [890.31, 2.31], [890.32, 4.02], [890.33, 0.89], [890.34, 14.09], [890.35, 5.69], [890.36, 8.4], [890.37, 1.24], [890.38, 0.84], [890.39, 1.0], [890.4, 13.75], [890.41, 11.01], [890.42, 19.47], [890.43, 0.55], [890.44, 16.19]], "timestamp": "2025-12-13T09:51:42.332785+00:00"}, {"symbol": "BNBUSDT", "bids": [[890.16, 42.81], [890.15, 1.22], [890.13, 0.01], [890.12, 3.17], [890.11, 9.71], [890.1, 47.5], [890.09, 3.95], [890.08, 13.13], [890.07, 2.52], [890.06, 1.13], [890.05, 11.04], [890.04, 42.34], [890.03, 43.62], [890.02, 6.54], [890.01, 0.03], [890.0, 14.76], [889.99, 6.82], [889.98, 0.1], [889.97, 3.77], [889.96, 3.4]], "asks": [[890.17, 18.94], [890.18, 1.2], [890.19, 0.31], [890.2, 0.03], [890.21, 0.1], [890.22, 0.24], [890.24, 5.56], [890.25, 2.33], [890.26, 3.23], [890.27, 1.84], [890.28, 15.46], [890.29, 13.76], [890.3, 68.87], [890.31, 2.36], [890.32, 0.11], [890.33, 0.29], [890.34, 0.1], [890.35, 2.55], [890.36, 0.04], [890.37, 0.92]], "timestamp": "2025-12-13T09:52:36.806569+00:00"}, {"symbol": "BNBUSDT", "bids": [[890.38, 23.87], [890.37, 4.28], [890.36, 5.84], [890.35, 4.62], [890.34, 2.66], [890.33, 0.63], [890.32, 11.1], [890.31, 29.44], [890.3, 0.2], [890.29, 17.67], [890.28, 2.39], [890.27, 2.35], [890.26, 8.3], [890.25, 2.45], [890.24, 1.51], [890.23, 0.25], [890.22, 4.81], [890.21, 3.45], [890.2, 5.25], [890.19, 1.57]], "asks": [[890.39, 35.33], [890.4, 3.74], [890.41, 6.55], [890.42, 0.28], [890.43, 12.55], [890.44, 11.98], [890.45, 4.66], [890.46, 1.05], [890.47, 12.91], [890.48, 6.53], [890.49, 11.22], [890.5, 15.18], [890.51, 5.61], [890.52, 28.92], [890.53, 8.78], [890.54, 6.06], [890.55, 2.31], [890.56, 0.07], [890.57, 0.35], [890.58, 1.91]], "timestamp": "2025-12-13T09:53:30.976741+00:00"}, {"symbol": "BNBUSDT", "bids": [[890.18, 39.0], [890.17, 1.7], [890.16, 3.82], [890.15, 0.36], [890.14, 8.78], [890.13, 8.16], [890.12, 6.82], [890.11, 17.58], [890.1, 50.18], [890.09, 5.11], [890.08, 10.19], [890.07, 13.28], [890.06, 19.36], [890.05, 5.7], [890.04, 16.71], [890.03, 12.04], [890.02, 17.72], [890.01, 0.64], [890.0, 3.25], [889.99, 7.57]], "asks": [[890.19, 10.25], [890.2, 0.72], [890.21, 0.04], [890.22, 0.03], [890.24, 1.42], [890.25, 0.01], [890.26, 8.5], [890.27, 0.82], [890.28, 4.66], [890.29, 6.2], [890.3, 0.32], [890.31, 7.88], [890.32, 2.11], [890.33, 4.24], [890.34, 0.03], [890.35, 0.54], [890.36, 2.28], [890.37, 5.93], [890.38, 12.04], [890.39, 8.39]], "timestamp": "2025-12-13T09:54:25.024901+00:00"}, {"symbol": "BNBUSDT", "bids": [[890.1, 59.28], [890.09, 0.64], [890.08, 0.01], [890.07, 0.03], [890.06, 0.04], [890.04, 4.97], [890.03, 5.75], [890.02, 2.19], [890.01, 0.89], [890.0, 6.62], [889.99, 14.33], [889.98, 2.92], [889.97, 2.6], [889.96, 15.76], [889.95, 1.69], [889.94, 0.55], [889.93, 0.25], [889.92, 17.96], [889.91, 11.26], [889.9, 8.49]], "asks": [[890.11, 45.21], [890.12, 16.43], [890.13, 2.37], [890.14, 3.22], [890.15, 4.93], [890.16, 7.76], [890.17, 4.68], [890.18, 9.44], [890.19, 13.05], [890.2, 1.09], [890.21, 1.11], [890.22, 1.86], [890.23, 4.46], [890.24, 6.03], [890.25, 8.56], [890.26, 0.02], [890.27, 8.78], [890.28, 4.29], [890.29, 4.19], [890.3, 4.74]], "timestamp": "2025-12-13T09:55:19.443805+00:00"}, {"symbol": "BNBUSDT", "bids": [[889.83, 15.6], [889.82, 0.54], [889.81, 3.16], [889.8, 0.03], [889.79, 0.01], [889.77, 0.01], [889.76, 7.39], [889.75, 2.59], [889.74, 3.72], [889.73, 0.42], [889.72, 8.11], [889.71, 0.2], [889.7, 26.89], [889.69, 6.96], [889.68, 0.59], [889.67, 7.41], [889.66, 31.52], [889.65, 0.06], [889.64, 2.24], [889.63, 4.17]], "asks": [[889.84, 62.12], [889.85, 0.41], [889.86, 0.17], [889.87, 0.16], [889.88, 0.16], [889.89, 7.61], [889.9, 4.61], [889.91, 14.25], [889.92, 1.63], [889.93, 1.87], [889.94, 3.64], [889.95, 5.92], [889.96, 13.2], [889.97, 5.37], [889.98, 20.52], [889.99, 9.49], [890.0, 21.19], [890.01, 11.07], [890.02, 4.07], [890.03, 19.69]], "timestamp": "2025-12-13T09:56:13.077581+00:00"}, {"symbol": "BNBUSDT", "bids": [[889.87, 5.31], [889.86, 0.03], [889.85, 0.02], [889.84, 0.71], [889.83, 9.59], [889.82, 1.83], [889.81, 3.37], [889.8, 5.64], [889.79, 4.27], [889.78, 6.73], [889.77, 0.33], [889.76, 5.67], [889.75, 5.22], [889.74, 14.99], [889.73, 2.33], [889.72, 6.9], [889.71, 22.02], [889.7, 0.04], [889.69, 16.68], [889.68, 0.51]], "asks": [[889.88, 58.54], [889.89, 4.59], [889.9, 7.5], [889.91, 11.74], [889.92, 29.52], [889.93, 17.19], [889.94, 0.02], [889.95, 19.44], [889.96, 29.19], [889.97, 15.74], [889.98, 0.18], [889.99, 3.48], [890.0, 0.04], [890.01, 0.05], [890.02, 1.79], [890.03, 3.7], [890.04, 3.14], [890.05, 0.11], [890.06, 11.83], [890.07, 0.58]], "timestamp": "2025-12-13T09:57:06.531180+00:00"}, {"symbol": "BNBUSDT", "bids": [[889.99, 62.25], [889.98, 1.83], [889.97, 7.01], [889.96, 24.28], [889.95, 23.5], [889.94, 0.03], [889.93, 0.02], [889.92, 7.5], [889.91, 8.62], [889.9, 10.26], [889.89, 4.5], [889.88, 20.36], [889.87, 5.61], [889.86, 0.86], [889.85, 7.17], [889.84, 0.06], [889.83, 7.41], [889.82, 13.03], [889.81, 0.03], [889.8, 32.57]], "asks": [[890.0, 14.79], [890.01, 5.24], [890.03, 0.02], [890.04, 2.8], [890.05, 0.45], [890.06, 3.17], [890.07, 3.4], [890.08, 24.67], [890.09, 47.5], [890.1, 5.28], [890.11, 11.43], [890.12, 2.6], [890.13, 4.15], [890.14, 6.22], [890.15, 0.27], [890.16, 2.34], [890.17, 7.33], [890.18, 22.38], [890.19, 5.67], [890.2, 8.16]], "timestamp": "2025-12-13T09:58:00.394495+00:00"}, {"symbol": "BNBUSDT", "bids": [[889.93, 3.58], [889.92, 0.51], [889.9, 0.01], [889.89, 0.46], [889.88, 1.72], [889.87, 1.73], [889.86, 1.62], [889.85, 0.67], [889.84, 4.66], [889.83, 5.0], [889.82, 10.87], [889.81, 20.28], [889.8, 2.46], [889.79, 0.01], [889.78, 2.0], [889.77, 2.6], [889.76, 13.08], [889.75, 3.72], [889.74, 3.06], [889.73, 5.16]], "asks": [[889.94, 87.93], [889.95, 36.72], [889.96, 14.13], [889.97, 10.56], [889.98, 9.49], [889.99, 8.66], [890.0, 12.19], [890.01, 1.47], [890.02, 3.97], [890.03, 2.66], [890.04, 8.78], [890.05, 4.1], [890.06, 17.91], [890.07, 7.76], [890.08, 11.73], [890.09, 52.22], [890.1, 5.11], [890.11, 1.1], [890.12, 6.89], [890.13, 2.35]], "timestamp": "2025-12-13T09:58:54.769462+00:00"}, {"symbol": "BNBUSDT", "bids": [[889.88, 46.62], [889.87, 8.61], [889.86, 6.4], [889.85, 0.6], [889.84, 0.03], [889.83, 2.49], [889.82, 6.46], [889.81, 6.25], [889.8, 9.76], [889.79, 4.65], [889.78, 3.49], [889.77, 4.73], [889.76, 4.37], [889.75, 7.14], [889.74, 15.92], [889.73, 2.17], [889.72, 16.49], [889.71, 0.11], [889.7, 22.28], [889.69, 1.15]], "asks": [[889.89, 4.83], [889.9, 0.38], [889.91, 1.57], [889.92, 3.78], [889.93, 0.03], [889.94, 6.24], [889.95, 0.03], [889.96, 1.53], [889.97, 3.01], [889.98, 3.1], [889.99, 1.56], [890.0, 0.1], [890.01, 2.43], [890.02, 3.6], [890.03, 2.95], [890.04, 10.93], [890.05, 5.57], [890.06, 6.54], [890.07, 9.57], [890.08, 9.83]], "timestamp": "2025-12-13T09:59:48.948779+00:00"}, {"symbol": "BNBUSDT", "bids": [[890.19, 99.03], [890.18, 23.76], [890.17, 1.24], [890.16, 2.47], [890.15, 1.25], [890.14, 0.4], [890.13, 4.93], [890.12, 3.98], [890.11, 5.35], [890.1, 0.82], [890.09, 5.13], [890.08, 14.01], [890.07, 9.34], [890.06, 0.5], [890.05, 3.47], [890.04, 28.53], [890.03, 0.87], [890.02, 20.44], [890.01, 1.16], [890.0, 13.74]], "asks": [[890.2, 8.51], [890.21, 0.02], [890.22, 0.04], [890.24, 0.01], [890.25, 1.64], [890.26, 1.92], [890.27, 5.94], [890.28, 3.17], [890.29, 1.44], [890.3, 0.2], [890.31, 3.1], [890.32, 1.9], [890.33, 8.62], [890.34, 0.03], [890.35, 4.56], [890.36, 8.1], [890.37, 6.26], [890.38, 13.62], [890.39, 20.6], [890.4, 6.19]], "timestamp": "2025-12-13T10:00:43.007266+00:00"}, {"symbol": "BNBUSDT", "bids": [[890.47, 55.18], [890.46, 2.34], [890.45, 17.86], [890.44, 2.22], [890.43, 11.15], [890.42, 5.54], [890.41, 2.24], [890.4, 4.87], [890.39, 11.68], [890.38, 11.86], [890.37, 4.0], [890.36, 0.32], [890.35, 2.5], [890.34, 1.02], [890.33, 2.52], [890.32, 19.41], [890.31, 8.01], [890.3, 7.08], [890.29, 27.61], [890.28, 5.37]], "asks": [[890.48, 7.39], [890.49, 61.3], [890.5, 13.04], [890.51, 4.47], [890.52, 0.24], [890.53, 0.14], [890.54, 2.38], [890.55, 0.86], [890.56, 3.12], [890.57, 3.85], [890.58, 0.03], [890.59, 0.77], [890.6, 18.82], [890.61, 1.77], [890.62, 20.81], [890.63, 1.15], [890.64, 22.15], [890.65, 7.11], [890.66, 6.27], [890.67, 16.96]], "timestamp": "2025-12-13T10:01:37.485260+00:00"}, {"symbol": "BNBUSDT", "bids": [[890.56, 45.94], [890.55, 3.86], [890.54, 1.72], [890.53, 5.4], [890.52, 3.98], [890.51, 10.75], [890.5, 7.97], [890.49, 9.47], [890.48, 12.97], [890.47, 13.72], [890.46, 3.21], [890.45, 0.93], [890.44, 2.46], [890.43, 9.43], [890.42, 0.27], [890.41, 0.95], [890.4, 19.86], [890.39, 2.39], [890.38, 14.87], [890.37, 0.32]], "asks": [[890.57, 18.18], [890.58, 1.19], [890.59, 0.58], [890.6, 2.95], [890.61, 0.02], [890.62, 0.88], [890.63, 2.01], [890.64, 6.31], [890.65, 14.81], [890.66, 4.14], [890.67, 10.01], [890.68, 12.12], [890.69, 4.34], [890.7, 10.1], [890.71, 0.03], [890.72, 1.42], [890.73, 5.8], [890.74, 0.63], [890.75, 6.7], [890.76, 10.18]], "timestamp": "2025-12-13T10:02:31.450688+00:00"}, {"symbol": "BNBUSDT", "bids": [[890.61, 25.92], [890.6, 0.17], [890.59, 1.44], [890.58, 2.78], [890.57, 1.17], [890.56, 7.51], [890.55, 0.06], [890.54, 1.91], [890.53, 2.0], [890.52, 15.16], [890.51, 2.51], [890.5, 8.99], [890.49, 4.31], [890.48, 8.31], [890.47, 4.35], [890.46, 13.54], [890.45, 1.89], [890.44, 5.73], [890.43, 4.34], [890.42, 0.65]], "asks": [[890.62, 21.65], [890.63, 8.42], [890.64, 8.12], [890.65, 6.25], [890.66, 3.12], [890.67, 9.08], [890.68, 7.27], [890.69, 6.14], [890.7, 15.43], [890.71, 1.16], [890.72, 3.97], [890.73, 12.48], [890.74, 0.97], [890.75, 2.92], [890.76, 8.0], [890.77, 0.55], [890.78, 0.26], [890.79, 8.79], [890.8, 12.78], [890.81, 0.91]], "timestamp": "2025-12-13T10:03:25.810592+00:00"}, {"symbol": "BNBUSDT", "bids": [[890.43, 1.37], [890.41, 0.45], [890.4, 4.17], [890.39, 1.3], [890.37, 2.6], [890.36, 0.1], [890.35, 0.77], [890.34, 0.25], [890.33, 2.01], [890.32, 6.17], [890.31, 7.48], [890.3, 12.44], [890.29, 2.89], [890.28, 5.48], [890.27, 7.46], [890.26, 7.4], [890.25, 7.95], [890.24, 14.89], [890.23, 5.27], [890.22, 12.05]], "asks": [[890.44, 40.2], [890.45, 4.43], [890.46, 0.48], [890.47, 6.48], [890.48, 20.17], [890.49, 10.84], [890.5, 24.67], [890.51, 15.29], [890.52, 14.23], [890.53, 16.71], [890.54, 5.79], [890.55, 12.33], [890.56, 24.52], [890.57, 20.88], [890.58, 24.19], [890.59, 22.14], [890.6, 4.52], [890.61, 6.77], [890.62, 3.08], [890.63, 0.32]], "timestamp": "2025-12-13T10:04:20.987205+00:00"}, {"symbol": "BNBUSDT", "bids": [[890.09, 28.13], [890.08, 0.43], [890.07, 6.9], [890.06, 0.12], [890.05, 2.6], [890.04, 2.8], [890.03, 4.26], [890.02, 2.74], [890.01, 11.1], [890.0, 15.34], [889.99, 0.86], [889.98, 11.99], [889.97, 1.15], [889.96, 8.21], [889.95, 14.19], [889.94, 7.39], [889.93, 4.05], [889.92, 8.61], [889.91, 0.35], [889.9, 0.01]], "asks": [[890.1, 7.71], [890.11, 8.92], [890.12, 0.02], [890.13, 0.02], [890.14, 2.27], [890.15, 22.09], [890.16, 6.64], [890.17, 3.11], [890.18, 8.03], [890.19, 5.28], [890.2, 2.81], [890.21, 7.57], [890.22, 0.01], [890.23, 0.02], [890.24, 13.28], [890.25, 0.06], [890.26, 5.62], [890.27, 10.83], [890.28, 15.14], [890.29, 10.89]], "timestamp": "2025-12-13T10:05:15.190019+00:00"}, {"symbol": "BNBUSDT", "bids": [[890.08, 34.32], [890.07, 6.06], [890.06, 0.01], [890.05, 0.42], [890.04, 10.13], [890.03, 9.68], [890.02, 5.4], [890.01, 2.44], [890.0, 34.98], [889.99, 3.85], [889.98, 1.11], [889.97, 0.74], [889.96, 6.78], [889.95, 4.1], [889.94, 4.1], [889.93, 3.41], [889.92, 15.79], [889.91, 3.51], [889.9, 2.54], [889.89, 8.28]], "asks": [[890.09, 24.02], [890.1, 10.25], [890.11, 1.61], [890.12, 1.26], [890.13, 0.64], [890.14, 2.25], [890.15, 0.15], [890.16, 7.66], [890.17, 3.57], [890.18, 7.41], [890.19, 7.96], [890.2, 4.95], [890.21, 7.83], [890.22, 0.89], [890.23, 3.39], [890.24, 10.39], [890.25, 3.5], [890.26, 16.39], [890.27, 4.54], [890.28, 12.52]], "timestamp": "2025-12-13T10:06:09.258314+00:00"}, {"symbol": "BNBUSDT", "bids": [[890.29, 67.16], [890.28, 2.65], [890.27, 10.17], [890.26, 11.27], [890.25, 10.86], [890.24, 10.5], [890.23, 10.71], [890.22, 15.24], [890.21, 7.46], [890.2, 9.74], [890.19, 4.42], [890.18, 1.34], [890.17, 9.76], [890.16, 7.36], [890.15, 3.53], [890.14, 11.47], [890.13, 0.05], [890.12, 0.03], [890.11, 10.73], [890.1, 19.02]], "asks": [[890.3, 6.62], [890.31, 7.13], [890.32, 0.84], [890.33, 1.41], [890.34, 0.33], [890.35, 3.54], [890.36, 3.59], [890.37, 0.66], [890.38, 0.51], [890.39, 0.57], [890.4, 8.82], [890.41, 14.52], [890.42, 0.49], [890.43, 4.62], [890.44, 30.7], [890.45, 0.64], [890.46, 18.33], [890.48, 6.73], [890.49, 2.35], [890.5, 12.57]], "timestamp": "2025-12-13T10:07:02.712268+00:00"}, {"symbol": "BNBUSDT", "bids": [[890.05, 40.35], [890.04, 0.63], [890.03, 3.6], [890.02, 4.29], [890.01, 0.09], [890.0, 32.33], [889.99, 8.16], [889.98, 0.03], [889.97, 0.12], [889.96, 1.92], [889.95, 4.36], [889.94, 0.37], [889.93, 3.39], [889.92, 2.6], [889.91, 12.26], [889.9, 0.48], [889.89, 0.24], [889.88, 7.85], [889.87, 2.2], [889.86, 0.97]], "asks": [[890.06, 46.94], [890.07, 0.12], [890.08, 0.01], [890.09, 0.02], [890.1, 0.03], [890.11, 0.14], [890.12, 2.27], [890.13, 3.95], [890.14, 0.02], [890.15, 10.12], [890.16, 24.82], [890.17, 14.57], [890.18, 11.15], [890.19, 1.47], [890.2, 21.57], [890.21, 2.81], [890.22, 10.73], [890.23, 0.24], [890.24, 7.13], [890.25, 5.68]], "timestamp": "2025-12-13T10:07:57.478369+00:00"}, {"symbol": "BNBUSDT", "bids": [[890.16, 7.23], [890.15, 0.19], [890.14, 5.41], [890.13, 1.78], [890.12, 0.06], [890.11, 5.25], [890.1, 9.76], [890.09, 10.54], [890.08, 5.07], [890.07, 2.36], [890.06, 1.06], [890.05, 0.7], [890.04, 2.41], [890.03, 5.69], [890.02, 2.47], [890.01, 4.63], [890.0, 24.09], [889.99, 11.66], [889.98, 0.8], [889.97, 0.02]], "asks": [[890.17, 41.91], [890.18, 0.36], [890.19, 0.19], [890.2, 0.6], [890.21, 1.82], [890.22, 4.55], [890.23, 0.36], [890.24, 4.05], [890.25, 2.39], [890.26, 10.52], [890.27, 0.21], [890.28, 11.3], [890.29, 5.5], [890.3, 5.02], [890.31, 11.0], [890.32, 10.5], [890.33, 3.67], [890.34, 17.61], [890.35, 25.68], [890.36, 15.24]], "timestamp": "2025-12-13T10:08:51.775370+00:00"}, {"symbol": "BNBUSDT", "bids": [[890.09, 17.43], [890.08, 12.84], [890.07, 5.42], [890.06, 1.91], [890.05, 0.03], [890.04, 7.62], [890.03, 1.08], [890.02, 2.46], [890.01, 1.05], [890.0, 35.01], [889.99, 7.14], [889.98, 3.7], [889.97, 3.57], [889.96, 3.65], [889.95, 2.98], [889.94, 3.44], [889.93, 11.25], [889.92, 1.39], [889.91, 3.74], [889.9, 3.57]], "asks": [[890.1, 21.76], [890.11, 2.86], [890.12, 12.12], [890.13, 5.73], [890.14, 0.4], [890.15, 2.83], [890.16, 0.23], [890.17, 2.09], [890.18, 6.02], [890.19, 0.06], [890.2, 5.21], [890.21, 2.01], [890.22, 3.45], [890.23, 3.37], [890.24, 3.72], [890.25, 2.41], [890.26, 5.51], [890.27, 2.89], [890.28, 10.46], [890.29, 0.1]], "timestamp": "2025-12-13T10:09:46.461121+00:00"}, {"symbol": "BNBUSDT", "bids": [[889.61, 16.63], [889.6, 0.08], [889.59, 5.89], [889.58, 0.03], [889.57, 3.59], [889.56, 7.72], [889.55, 5.75], [889.54, 0.91], [889.53, 1.08], [889.52, 15.42], [889.51, 2.87], [889.5, 5.96], [889.49, 0.47], [889.48, 9.26], [889.47, 3.4], [889.46, 1.43], [889.45, 14.61], [889.44, 2.14], [889.43, 2.61], [889.42, 0.08]], "asks": [[889.62, 24.68], [889.63, 2.8], [889.64, 0.13], [889.65, 8.03], [889.68, 8.24], [889.69, 5.49], [889.7, 7.14], [889.71, 6.44], [889.72, 7.82], [889.73, 1.53], [889.74, 6.01], [889.75, 2.31], [889.76, 3.81], [889.77, 0.01], [889.78, 1.64], [889.79, 2.24], [889.8, 17.44], [889.81, 20.93], [889.82, 0.03], [889.83, 9.16]], "timestamp": "2025-12-13T10:10:40.767011+00:00"}, {"symbol": "BNBUSDT", "bids": [[889.79, 31.9], [889.78, 4.71], [889.77, 4.72], [889.76, 5.28], [889.75, 0.2], [889.74, 3.45], [889.73, 0.01], [889.72, 0.62], [889.71, 1.5], [889.7, 0.47], [889.69, 0.7], [889.68, 5.27], [889.67, 0.25], [889.66, 12.05], [889.65, 6.83], [889.64, 3.76], [889.63, 2.14], [889.62, 3.08], [889.61, 12.65], [889.6, 12.09]], "asks": [[889.8, 8.67], [889.81, 5.49], [889.82, 0.01], [889.83, 5.75], [889.84, 0.03], [889.85, 0.02], [889.86, 0.92], [889.88, 4.07], [889.89, 9.54], [889.9, 2.24], [889.91, 2.27], [889.92, 2.7], [889.93, 0.28], [889.94, 1.26], [889.95, 3.38], [889.96, 9.38], [889.97, 1.41], [889.98, 11.54], [889.99, 8.4], [890.0, 31.21]], "timestamp": "2025-12-13T10:11:34.484244+00:00"}, {"symbol": "BNBUSDT", "bids": [[889.34, 2.64], [889.33, 2.08], [889.32, 0.65], [889.31, 0.08], [889.3, 1.86], [889.29, 0.01], [889.28, 2.83], [889.27, 5.74], [889.26, 2.15], [889.25, 0.9], [889.24, 3.22], [889.23, 5.38], [889.22, 13.32], [889.21, 0.56], [889.2, 5.05], [889.19, 2.57], [889.18, 5.09], [889.17, 2.26], [889.16, 18.66], [889.15, 4.33]], "asks": [[889.35, 42.42], [889.36, 1.07], [889.37, 0.55], [889.38, 0.29], [889.39, 2.38], [889.4, 5.85], [889.41, 3.73], [889.42, 1.77], [889.43, 0.35], [889.44, 13.06], [889.45, 3.92], [889.46, 11.69], [889.47, 2.29], [889.48, 25.13], [889.49, 6.93], [889.5, 3.19], [889.51, 6.68], [889.52, 8.49], [889.53, 29.13], [889.54, 4.23]], "timestamp": "2025-12-13T10:12:28.041098+00:00"}, {"symbol": "BNBUSDT", "bids": [[889.23, 12.7], [889.22, 2.62], [889.21, 1.46], [889.2, 0.3], [889.19, 0.41], [889.18, 2.86], [889.17, 0.01], [889.16, 4.12], [889.15, 5.7], [889.14, 2.26], [889.13, 0.89], [889.12, 0.79], [889.11, 2.38], [889.1, 3.74], [889.09, 5.4], [889.08, 7.53], [889.07, 4.7], [889.06, 2.52], [889.05, 24.96], [889.04, 10.57]], "asks": [[889.24, 32.04], [889.25, 1.86], [889.28, 0.1], [889.29, 13.56], [889.3, 13.21], [889.31, 15.1], [889.32, 20.24], [889.33, 15.03], [889.34, 7.14], [889.35, 0.26], [889.36, 2.97], [889.37, 5.74], [889.38, 0.24], [889.39, 5.03], [889.4, 11.14], [889.41, 3.07], [889.42, 7.46], [889.43, 2.86], [889.44, 21.87], [889.45, 13.93]], "timestamp": "2025-12-13T10:13:22.519081+00:00"}, {"symbol": "BNBUSDT", "bids": [[889.32, 6.55], [889.31, 10.23], [889.3, 0.01], [889.29, 0.01], [889.28, 0.01], [889.27, 2.63], [889.26, 7.23], [889.25, 0.15], [889.24, 14.06], [889.23, 4.94], [889.22, 2.6], [889.21, 0.43], [889.2, 2.72], [889.19, 6.15], [889.18, 18.85], [889.17, 0.02], [889.16, 3.03], [889.15, 3.46], [889.14, 6.19], [889.13, 0.82]], "asks": [[889.33, 15.06], [889.34, 5.85], [889.35, 8.71], [889.36, 0.03], [889.37, 2.69], [889.38, 1.85], [889.39, 2.65], [889.4, 19.25], [889.41, 0.86], [889.42, 3.12], [889.43, 5.87], [889.44, 18.67], [889.45, 12.2], [889.46, 4.54], [889.47, 24.0], [889.48, 9.86], [889.49, 1.04], [889.5, 17.73], [889.51, 12.06], [889.52, 5.23]], "timestamp": "2025-12-13T10:14:17.215371+00:00"}, {"symbol": "BNBUSDT", "bids": [[889.53, 67.09], [889.52, 21.8], [889.51, 27.14], [889.5, 0.1], [889.49, 24.33], [889.48, 10.44], [889.47, 17.9], [889.46, 5.6], [889.45, 13.21], [889.44, 9.95], [889.43, 10.1], [889.42, 1.94], [889.41, 14.48], [889.4, 8.83], [889.39, 20.82], [889.38, 11.81], [889.37, 2.3], [889.36, 10.83], [889.35, 0.3], [889.34, 4.73]], "asks": [[889.54, 4.46], [889.55, 5.15], [889.56, 0.52], [889.58, 0.23], [889.59, 0.03], [889.6, 2.77], [889.61, 1.1], [889.62, 4.06], [889.63, 13.24], [889.64, 3.68], [889.65, 0.27], [889.66, 1.54], [889.67, 0.5], [889.68, 5.15], [889.69, 13.61], [889.7, 7.43], [889.71, 0.03], [889.72, 13.96], [889.73, 0.03], [889.74, 3.85]], "timestamp": "2025-12-13T10:15:11.166421+00:00"}, {"symbol": "BNBUSDT", "bids": [[889.82, 30.31], [889.81, 10.5], [889.8, 0.37], [889.79, 3.68], [889.78, 1.72], [889.77, 1.38], [889.76, 8.59], [889.75, 11.69], [889.74, 0.15], [889.73, 4.19], [889.72, 8.6], [889.71, 6.36], [889.7, 5.66], [889.69, 29.53], [889.68, 5.28], [889.67, 0.58], [889.66, 0.4], [889.65, 2.32], [889.64, 18.72], [889.63, 15.28]], "asks": [[889.83, 2.24], [889.84, 0.11], [889.86, 0.05], [889.87, 1.19], [889.88, 4.15], [889.89, 5.49], [889.9, 3.22], [889.91, 3.09], [889.92, 4.83], [889.93, 0.04], [889.94, 2.47], [889.95, 0.43], [889.96, 7.36], [889.97, 15.55], [889.98, 11.29], [889.99, 2.35], [890.0, 13.97], [890.01, 26.71], [890.02, 8.48], [890.03, 30.35]], "timestamp": "2025-12-13T10:16:04.629861+00:00"}, {"symbol": "BNBUSDT", "bids": [[889.95, 13.3], [889.94, 0.65], [889.93, 3.53], [889.92, 6.83], [889.91, 0.02], [889.9, 3.75], [889.89, 27.21], [889.88, 5.31], [889.87, 10.09], [889.86, 9.95], [889.85, 22.83], [889.84, 7.22], [889.83, 1.35], [889.82, 5.18], [889.81, 0.01], [889.8, 6.51], [889.79, 1.77], [889.78, 1.84], [889.77, 23.57], [889.76, 6.6]], "asks": [[889.96, 21.82], [889.97, 1.62], [889.98, 0.14], [889.99, 5.93], [890.0, 4.2], [890.01, 2.2], [890.02, 3.0], [890.03, 2.6], [890.04, 19.31], [890.05, 4.75], [890.06, 2.43], [890.07, 12.4], [890.08, 11.29], [890.09, 5.6], [890.1, 10.77], [890.11, 14.01], [890.12, 16.35], [890.13, 1.08], [890.14, 3.98], [890.15, 19.14]], "timestamp": "2025-12-13T10:16:58.892594+00:00"}, {"symbol": "BNBUSDT", "bids": [[889.88, 15.53], [889.87, 0.19], [889.86, 0.02], [889.85, 0.7], [889.84, 1.82], [889.83, 0.02], [889.82, 2.55], [889.81, 4.91], [889.8, 4.68], [889.79, 2.24], [889.78, 2.13], [889.77, 13.9], [889.76, 11.4], [889.75, 27.58], [889.74, 2.98], [889.73, 1.14], [889.72, 4.58], [889.71, 2.23], [889.7, 5.66], [889.69, 14.06]], "asks": [[889.89, 27.08], [889.9, 7.77], [889.91, 7.16], [889.92, 1.16], [889.93, 0.28], [889.94, 0.78], [889.95, 16.0], [889.96, 4.96], [889.97, 2.25], [889.98, 1.54], [889.99, 8.36], [890.0, 6.08], [890.01, 7.17], [890.02, 2.0], [890.03, 0.02], [890.04, 6.6], [890.05, 16.55], [890.06, 2.35], [890.07, 13.32], [890.08, 22.89]], "timestamp": "2025-12-13T10:17:52.550658+00:00"}, {"symbol": "BNBUSDT", "bids": [[889.95, 32.55], [889.94, 0.04], [889.93, 0.24], [889.92, 0.01], [889.91, 4.1], [889.9, 2.85], [889.89, 5.4], [889.88, 7.74], [889.87, 3.32], [889.86, 2.29], [889.85, 4.21], [889.84, 7.35], [889.83, 6.22], [889.82, 9.02], [889.81, 17.89], [889.8, 6.85], [889.79, 38.49], [889.78, 1.84], [889.77, 14.46], [889.76, 0.04]], "asks": [[889.96, 3.92], [889.97, 3.75], [889.98, 5.06], [889.99, 17.61], [890.0, 13.35], [890.01, 0.35], [890.02, 4.51], [890.03, 2.25], [890.04, 1.21], [890.05, 4.08], [890.06, 1.15], [890.07, 0.09], [890.08, 6.97], [890.09, 10.17], [890.1, 4.8], [890.11, 14.6], [890.12, 0.06], [890.13, 2.74], [890.14, 9.81], [890.15, 7.9]], "timestamp": "2025-12-13T10:18:46.722047+00:00"}, {"symbol": "BNBUSDT", "bids": [[890.44, 27.11], [890.43, 3.58], [890.42, 0.94], [890.41, 0.04], [890.4, 0.03], [890.39, 0.01], [890.38, 0.22], [890.37, 1.09], [890.36, 2.25], [890.35, 3.63], [890.34, 6.91], [890.33, 10.07], [890.32, 10.27], [890.31, 0.66], [890.3, 47.99], [890.29, 1.91], [890.28, 3.32], [890.27, 9.12], [890.26, 5.39], [890.25, 16.19]], "asks": [[890.45, 24.93], [890.46, 0.25], [890.48, 0.07], [890.49, 4.04], [890.5, 4.92], [890.51, 6.08], [890.52, 10.6], [890.53, 2.42], [890.54, 13.02], [890.55, 3.24], [890.56, 0.61], [890.57, 4.15], [890.58, 4.89], [890.59, 14.86], [890.6, 7.82], [890.61, 10.78], [890.62, 10.53], [890.63, 24.88], [890.64, 18.54], [890.65, 26.19]], "timestamp": "2025-12-13T10:19:41.198746+00:00"}, {"symbol": "BNBUSDT", "bids": [[890.34, 12.5], [890.33, 0.21], [890.32, 0.13], [890.31, 6.49], [890.3, 0.03], [890.29, 2.6], [890.28, 4.0], [890.27, 7.78], [890.26, 0.52], [890.25, 8.12], [890.24, 7.04], [890.23, 10.36], [890.22, 4.87], [890.21, 10.67], [890.2, 10.23], [890.19, 2.77], [890.18, 24.91], [890.17, 4.63], [890.16, 25.84], [890.15, 14.94]], "asks": [[890.35, 40.38], [890.36, 4.1], [890.37, 8.68], [890.38, 10.85], [890.39, 6.54], [890.4, 16.03], [890.41, 19.46], [890.42, 0.6], [890.43, 18.38], [890.44, 23.29], [890.45, 2.19], [890.46, 1.23], [890.47, 12.55], [890.48, 1.27], [890.49, 0.02], [890.5, 3.38], [890.51, 2.98], [890.52, 5.96], [890.53, 9.56], [890.54, 0.98]], "timestamp": "2025-12-13T10:20:35.353161+00:00"}, {"symbol": "BNBUSDT", "bids": [[890.99, 13.36], [890.98, 0.46], [890.97, 0.18], [890.96, 0.02], [890.95, 0.29], [890.94, 0.32], [890.93, 2.25], [890.92, 0.02], [890.91, 4.03], [890.9, 9.36], [890.89, 2.83], [890.88, 21.12], [890.87, 3.02], [890.86, 5.53], [890.85, 16.98], [890.84, 6.79], [890.83, 38.05], [890.82, 5.67], [890.81, 0.88], [890.8, 7.42]], "asks": [[891.0, 107.81], [891.01, 3.64], [891.02, 11.12], [891.03, 4.63], [891.04, 9.99], [891.05, 2.26], [891.06, 3.49], [891.07, 1.08], [891.08, 2.77], [891.09, 1.61], [891.1, 2.54], [891.11, 2.53], [891.12, 7.87], [891.13, 1.59], [891.14, 12.28], [891.15, 2.83], [891.16, 10.39], [891.17, 9.68], [891.18, 14.1], [891.19, 13.29]], "timestamp": "2025-12-13T10:21:29.549630+00:00"}, {"symbol": "BNBUSDT", "bids": [[890.56, 1.25], [890.55, 0.03], [890.54, 5.07], [890.53, 0.02], [890.52, 0.03], [890.51, 0.56], [890.5, 4.89], [890.49, 1.88], [890.48, 2.13], [890.47, 3.54], [890.46, 0.06], [890.45, 0.21], [890.44, 2.69], [890.43, 8.0], [890.42, 1.77], [890.41, 5.63], [890.4, 10.71], [890.39, 11.49], [890.38, 10.31], [890.37, 37.45]], "asks": [[890.57, 89.08], [890.58, 35.23], [890.59, 0.01], [890.6, 16.25], [890.61, 25.61], [890.62, 21.89], [890.63, 26.23], [890.64, 28.44], [890.65, 9.31], [890.66, 27.27], [890.67, 5.29], [890.68, 0.03], [890.69, 1.25], [890.7, 1.48], [890.71, 15.74], [890.72, 2.54], [890.73, 15.76], [890.74, 0.16], [890.75, 0.66], [890.76, 6.23]], "timestamp": "2025-12-13T10:22:24.119413+00:00"}, {"symbol": "BNBUSDT", "bids": [[890.69, 24.27], [890.68, 0.02], [890.67, 0.02], [890.64, 1.74], [890.63, 3.93], [890.62, 9.07], [890.61, 0.02], [890.6, 4.06], [890.59, 15.72], [890.58, 4.7], [890.57, 2.47], [890.56, 8.07], [890.55, 34.89], [890.54, 0.05], [890.52, 8.07], [890.51, 5.92], [890.5, 9.23], [890.49, 5.92], [890.48, 14.57], [890.47, 4.11]], "asks": [[890.7, 29.75], [890.71, 0.75], [890.72, 0.09], [890.73, 1.6], [890.74, 0.02], [890.75, 1.7], [890.76, 11.52], [890.77, 0.03], [890.78, 2.58], [890.79, 1.1], [890.8, 4.6], [890.81, 4.37], [890.82, 2.28], [890.83, 3.08], [890.84, 9.61], [890.85, 0.04], [890.86, 0.63], [890.87, 7.17], [890.88, 25.07], [890.89, 11.95]], "timestamp": "2025-12-13T10:23:18.288972+00:00"}, {"symbol": "BNBUSDT", "bids": [[890.65, 39.54], [890.64, 0.03], [890.63, 2.22], [890.62, 3.32], [890.61, 6.55], [890.6, 5.97], [890.59, 10.18], [890.58, 5.36], [890.57, 4.95], [890.56, 5.36], [890.55, 3.88], [890.54, 3.65], [890.53, 0.4], [890.52, 4.44], [890.51, 6.1], [890.5, 3.35], [890.49, 7.37], [890.48, 10.93], [890.47, 11.2], [890.46, 39.55]], "asks": [[890.66, 13.2], [890.67, 1.67], [890.68, 5.22], [890.69, 1.15], [890.7, 4.58], [890.71, 0.05], [890.72, 0.01], [890.73, 0.01], [890.74, 0.02], [890.75, 0.19], [890.76, 5.91], [890.77, 0.29], [890.78, 14.84], [890.79, 4.43], [890.8, 9.69], [890.81, 4.13], [890.82, 0.04], [890.83, 3.35], [890.84, 56.99], [890.85, 3.4]], "timestamp": "2025-12-13T10:24:12.766540+00:00"}, {"symbol": "BNBUSDT", "bids": [[890.85, 0.44], [890.84, 0.02], [890.82, 0.04], [890.81, 0.06], [890.8, 1.45], [890.79, 0.31], [890.77, 0.12], [890.76, 2.24], [890.75, 1.7], [890.74, 5.18], [890.73, 4.83], [890.72, 11.8], [890.71, 8.06], [890.7, 38.84], [890.69, 7.33], [890.68, 2.89], [890.67, 35.44], [890.66, 183.12], [890.65, 12.51], [890.64, 3.55]], "asks": [[890.86, 82.44], [890.87, 18.63], [890.88, 4.24], [890.89, 14.78], [890.9, 12.03], [890.91, 27.57], [890.92, 15.67], [890.93, 0.1], [890.94, 1.77], [890.95, 0.23], [890.96, 22.2], [890.97, 12.42], [890.98, 3.01], [890.99, 26.22], [891.0, 132.01], [891.01, 7.01], [891.02, 8.65], [891.03, 8.67], [891.04, 16.14], [891.05, 20.9]], "timestamp": "2025-12-13T10:25:07.449270+00:00"}, {"symbol": "BNBUSDT", "bids": [[890.91, 90.52], [890.9, 40.36], [890.89, 42.71], [890.88, 16.97], [890.87, 7.11], [890.86, 6.56], [890.85, 11.57], [890.84, 0.21], [890.83, 0.62], [890.82, 4.38], [890.81, 4.11], [890.8, 15.17], [890.79, 13.97], [890.78, 7.3], [890.77, 13.92], [890.76, 15.39], [890.75, 50.07], [890.74, 17.96], [890.73, 4.9], [890.72, 3.19]], "asks": [[890.92, 0.31], [890.93, 2.48], [890.94, 0.77], [890.95, 0.12], [890.96, 0.09], [890.97, 2.73], [890.98, 4.6], [890.99, 19.07], [891.0, 119.57], [891.01, 0.08], [891.02, 0.01], [891.03, 4.63], [891.04, 9.02], [891.05, 4.36], [891.06, 2.89], [891.07, 7.76], [891.08, 7.08], [891.09, 2.4], [891.1, 33.32], [891.11, 3.41]], "timestamp": "2025-12-13T10:26:01.721571+00:00"}, {"symbol": "BNBUSDT", "bids": [[890.98, 14.67], [890.97, 5.11], [890.96, 10.84], [890.95, 5.18], [890.94, 4.36], [890.93, 4.33], [890.92, 10.78], [890.91, 5.97], [890.9, 3.95], [890.89, 8.66], [890.88, 1.54], [890.87, 4.78], [890.86, 27.77], [890.85, 0.19], [890.84, 0.04], [890.83, 7.58], [890.82, 33.8], [890.81, 3.34], [890.8, 5.72], [890.79, 2.0]], "asks": [[890.99, 34.91], [891.0, 62.05], [891.01, 12.94], [891.02, 0.16], [891.03, 4.65], [891.04, 12.82], [891.05, 2.92], [891.06, 3.04], [891.07, 3.57], [891.08, 7.95], [891.09, 3.41], [891.1, 3.97], [891.11, 5.0], [891.12, 4.26], [891.13, 2.21], [891.14, 17.93], [891.15, 2.85], [891.16, 8.94], [891.17, 29.32], [891.18, 3.95]], "timestamp": "2025-12-13T10:26:56.107706+00:00"}, {"symbol": "BNBUSDT", "bids": [[890.88, 23.24], [890.87, 3.11], [890.86, 20.02], [890.85, 0.17], [890.84, 0.07], [890.83, 2.71], [890.82, 0.78], [890.81, 6.67], [890.8, 2.28], [890.79, 0.01], [890.78, 1.15], [890.77, 5.78], [890.76, 40.38], [890.75, 5.3], [890.74, 7.84], [890.73, 17.18], [890.72, 5.92], [890.71, 0.03], [890.7, 14.67], [890.69, 0.05]], "asks": [[890.89, 75.12], [890.9, 2.66], [890.91, 11.18], [890.92, 0.1], [890.93, 35.67], [890.94, 5.88], [890.95, 15.78], [890.96, 39.78], [890.97, 52.31], [890.98, 25.67], [890.99, 24.06], [891.0, 61.9], [891.01, 0.06], [891.02, 8.91], [891.03, 4.63], [891.04, 12.0], [891.05, 0.05], [891.06, 3.88], [891.07, 18.22], [891.08, 5.5]], "timestamp": "2025-12-13T10:27:49.996836+00:00"}, {"symbol": "BNBUSDT", "bids": [[890.88, 8.78], [890.87, 3.67], [890.86, 29.1], [890.85, 0.03], [890.84, 1.63], [890.83, 2.02], [890.82, 0.02], [890.81, 0.02], [890.8, 5.64], [890.79, 0.15], [890.78, 1.24], [890.77, 0.35], [890.76, 7.05], [890.75, 13.15], [890.74, 12.92], [890.73, 3.96], [890.72, 20.4], [890.71, 33.94], [890.7, 4.91], [890.69, 0.86]], "asks": [[890.89, 29.77], [890.9, 3.99], [890.92, 14.76], [890.93, 7.26], [890.94, 5.57], [890.95, 3.67], [890.96, 14.55], [890.97, 0.07], [890.98, 7.28], [890.99, 8.9], [891.0, 61.75], [891.01, 2.03], [891.02, 3.54], [891.03, 5.77], [891.04, 17.15], [891.05, 2.35], [891.06, 11.97], [891.07, 2.07], [891.08, 8.62], [891.09, 2.96]], "timestamp": "2025-12-13T10:28:44.334871+00:00"}, {"symbol": "BNBUSDT", "bids": [[890.62, 36.72], [890.61, 0.14], [890.6, 14.9], [890.59, 14.71], [890.58, 7.04], [890.57, 1.19], [890.56, 12.83], [890.55, 7.31], [890.54, 0.75], [890.53, 9.47], [890.52, 14.44], [890.51, 41.01], [890.5, 4.55], [890.49, 6.35], [890.48, 10.29], [890.47, 13.42], [890.46, 10.74], [890.45, 5.98], [890.44, 7.9], [890.43, 11.54]], "asks": [[890.63, 3.15], [890.64, 0.32], [890.66, 2.19], [890.67, 4.67], [890.68, 4.99], [890.69, 3.82], [890.7, 5.71], [890.71, 8.34], [890.72, 13.51], [890.73, 2.17], [890.74, 7.91], [890.75, 5.76], [890.76, 3.89], [890.77, 8.08], [890.78, 6.59], [890.79, 5.5], [890.8, 6.87], [890.81, 6.75], [890.82, 2.39], [890.83, 12.94]], "timestamp": "2025-12-13T10:29:37.583935+00:00"}, {"symbol": "BNBUSDT", "bids": [[890.5, 24.84], [890.49, 0.67], [890.48, 3.59], [890.47, 0.03], [890.46, 11.31], [890.45, 4.68], [890.44, 3.05], [890.43, 4.23], [890.42, 4.19], [890.41, 5.05], [890.4, 11.08], [890.39, 2.53], [890.38, 6.99], [890.37, 6.55], [890.36, 14.37], [890.35, 18.69], [890.34, 17.21], [890.33, 3.38], [890.32, 3.84], [890.31, 2.43]], "asks": [[890.51, 53.56], [890.52, 0.02], [890.53, 1.22], [890.54, 0.07], [890.55, 9.37], [890.56, 8.93], [890.57, 11.98], [890.58, 11.22], [890.59, 2.71], [890.6, 17.49], [890.61, 8.8], [890.62, 0.01], [890.63, 8.13], [890.64, 8.61], [890.65, 4.26], [890.66, 3.73], [890.67, 1.56], [890.68, 6.68], [890.69, 3.8], [890.7, 6.98]], "timestamp": "2025-12-13T10:30:31.958838+00:00"}, {"symbol": "BNBUSDT", "bids": [[890.55, 88.44], [890.54, 22.9], [890.53, 3.16], [890.52, 10.7], [890.51, 30.67], [890.5, 20.26], [890.49, 31.32], [890.48, 16.98], [890.47, 5.48], [890.46, 5.57], [890.45, 4.12], [890.44, 18.05], [890.43, 34.49], [890.42, 1.59], [890.41, 7.91], [890.4, 6.96], [890.39, 2.57], [890.38, 0.05], [890.37, 4.55], [890.36, 11.42]], "asks": [[890.56, 0.84], [890.57, 0.02], [890.58, 0.53], [890.59, 2.2], [890.6, 0.04], [890.61, 0.12], [890.62, 0.02], [890.64, 2.23], [890.65, 2.51], [890.66, 2.43], [890.67, 13.63], [890.68, 5.89], [890.69, 7.6], [890.7, 18.75], [890.72, 8.61], [890.73, 9.23], [890.74, 31.1], [890.75, 11.27], [890.76, 10.43], [890.77, 4.99]], "timestamp": "2025-12-13T10:31:28.176846+00:00"}, {"symbol": "BNBUSDT", "bids": [[890.84, 20.96], [890.83, 1.61], [890.82, 0.02], [890.81, 1.75], [890.8, 17.28], [890.79, 11.88], [890.78, 13.09], [890.77, 7.58], [890.76, 18.73], [890.75, 11.84], [890.74, 13.44], [890.73, 0.92], [890.72, 23.98], [890.71, 5.6], [890.7, 1.16], [890.69, 0.02], [890.68, 1.53], [890.67, 2.52], [890.66, 0.37], [890.64, 6.48]], "asks": [[890.85, 37.28], [890.86, 5.57], [890.87, 13.66], [890.88, 1.46], [890.89, 13.64], [890.9, 2.35], [890.91, 3.77], [890.92, 7.44], [890.93, 0.78], [890.94, 11.19], [890.95, 33.1], [890.96, 22.5], [890.97, 5.34], [890.98, 19.11], [890.99, 60.62], [891.0, 64.14], [891.01, 14.69], [891.02, 8.64], [891.03, 10.17], [891.04, 16.46]], "timestamp": "2025-12-13T10:32:22.347113+00:00"}, {"symbol": "BNBUSDT", "bids": [[890.79, 21.47], [890.78, 0.05], [890.77, 0.08], [890.76, 0.11], [890.75, 0.04], [890.73, 3.46], [890.72, 8.54], [890.71, 0.21], [890.7, 0.35], [890.69, 9.42], [890.68, 11.02], [890.67, 3.54], [890.66, 0.59], [890.65, 5.26], [890.64, 4.45], [890.63, 0.27], [890.62, 5.03], [890.61, 22.44], [890.6, 1.55], [890.59, 2.26]], "asks": [[890.8, 39.5], [890.81, 7.68], [890.82, 5.55], [890.83, 3.3], [890.84, 9.01], [890.85, 2.83], [890.86, 3.52], [890.87, 17.05], [890.88, 9.03], [890.89, 8.95], [890.9, 3.64], [890.91, 12.58], [890.92, 14.19], [890.93, 5.42], [890.94, 0.99], [890.95, 31.79], [890.96, 31.26], [890.97, 5.87], [890.98, 26.07], [890.99, 71.03]], "timestamp": "2025-12-13T10:33:16.927019+00:00"}, {"symbol": "BNBUSDT", "bids": [[891.08, 84.35], [891.07, 22.87], [891.06, 28.59], [891.05, 25.12], [891.04, 26.6], [891.03, 16.52], [891.02, 9.17], [891.01, 0.23], [891.0, 5.53], [890.99, 3.99], [890.98, 4.47], [890.97, 5.69], [890.96, 4.62], [890.95, 4.73], [890.94, 0.97], [890.93, 0.03], [890.92, 33.29], [890.91, 0.02], [890.9, 2.99], [890.89, 2.36]], "asks": [[891.09, 11.65], [891.1, 1.86], [891.11, 2.74], [891.12, 2.09], [891.13, 0.26], [891.14, 1.72], [891.15, 1.35], [891.16, 2.25], [891.17, 2.88], [891.18, 2.23], [891.19, 5.85], [891.2, 9.11], [891.21, 4.25], [891.22, 2.94], [891.23, 0.05], [891.24, 12.58], [891.25, 5.76], [891.26, 10.48], [891.27, 4.28], [891.28, 46.98]], "timestamp": "2025-12-13T10:34:11.203053+00:00"}, {"symbol": "BNBUSDT", "bids": [[891.09, 4.46], [891.08, 0.02], [891.07, 1.53], [891.06, 5.39], [891.05, 8.82], [891.04, 4.31], [891.03, 1.41], [891.02, 3.8], [891.01, 2.73], [891.0, 13.97], [890.99, 3.84], [890.98, 2.37], [890.97, 3.1], [890.96, 5.21], [890.95, 16.75], [890.94, 0.01], [890.93, 2.15], [890.92, 7.13], [890.91, 2.68], [890.9, 27.22]], "asks": [[891.1, 59.95], [891.11, 4.98], [891.12, 0.65], [891.13, 0.28], [891.14, 6.86], [891.15, 6.99], [891.16, 23.31], [891.17, 8.54], [891.18, 9.52], [891.19, 11.11], [891.2, 11.0], [891.21, 1.47], [891.22, 10.28], [891.23, 1.42], [891.24, 5.51], [891.25, 0.79], [891.26, 1.09], [891.27, 7.58], [891.28, 48.56], [891.29, 29.97]], "timestamp": "2025-12-13T10:35:05.677406+00:00"}, {"symbol": "BNBUSDT", "bids": [[891.47, 3.22], [891.46, 0.02], [891.45, 0.01], [891.44, 0.12], [891.43, 0.43], [891.42, 0.01], [891.4, 4.11], [891.39, 9.89], [891.38, 3.96], [891.37, 3.03], [891.36, 4.05], [891.35, 10.62], [891.34, 11.06], [891.33, 16.53], [891.32, 24.39], [891.31, 11.64], [891.3, 3.41], [891.29, 0.73], [891.28, 25.23], [891.27, 1.06]], "asks": [[891.48, 100.94], [891.49, 23.37], [891.5, 5.42], [891.51, 5.29], [891.52, 8.7], [891.53, 9.14], [891.54, 25.75], [891.55, 0.01], [891.56, 29.26], [891.57, 19.57], [891.58, 0.09], [891.59, 1.03], [891.6, 2.51], [891.61, 2.32], [891.62, 1.24], [891.63, 8.67], [891.64, 1.21], [891.65, 5.62], [891.66, 5.0], [891.67, 3.53]], "timestamp": "2025-12-13T10:36:00.154597+00:00"}, {"symbol": "BNBUSDT", "bids": [[891.16, 57.37], [891.15, 2.35], [891.14, 5.83], [891.13, 0.59], [891.12, 13.38], [891.11, 3.77], [891.1, 3.09], [891.09, 12.16], [891.08, 10.94], [891.07, 12.6], [891.06, 17.32], [891.05, 15.43], [891.04, 15.74], [891.03, 1.11], [891.02, 0.31], [891.01, 19.88], [891.0, 17.41], [890.99, 7.84], [890.98, 21.6], [890.97, 0.6]], "asks": [[891.17, 2.77], [891.18, 0.02], [891.2, 0.02], [891.21, 0.92], [891.24, 0.01], [891.25, 0.01], [891.26, 2.62], [891.27, 4.54], [891.28, 12.71], [891.29, 0.18], [891.3, 2.25], [891.31, 0.09], [891.32, 3.16], [891.33, 0.02], [891.34, 8.66], [891.35, 12.49], [891.36, 5.48], [891.37, 7.31], [891.38, 10.89], [891.39, 7.24]], "timestamp": "2025-12-13T10:36:54.531621+00:00"}, {"symbol": "BNBUSDT", "bids": [[891.32, 21.91], [891.3, 0.01], [891.28, 5.49], [891.27, 15.71], [891.26, 13.55], [891.25, 4.41], [891.24, 3.68], [891.23, 3.21], [891.22, 0.72], [891.21, 1.13], [891.2, 5.27], [891.19, 1.15], [891.18, 0.05], [891.17, 11.25], [891.16, 7.34], [891.15, 17.4], [891.14, 4.98], [891.13, 17.54], [891.12, 4.15], [891.11, 2.34]], "asks": [[891.33, 23.75], [891.34, 2.2], [891.35, 11.46], [891.36, 1.48], [891.38, 0.06], [891.39, 0.05], [891.4, 3.3], [891.41, 6.29], [891.42, 2.27], [891.43, 0.02], [891.44, 9.14], [891.45, 2.07], [891.46, 12.16], [891.47, 15.46], [891.48, 11.64], [891.49, 7.28], [891.5, 9.7], [891.51, 41.82], [891.52, 14.13], [891.53, 8.48]], "timestamp": "2025-12-13T10:37:49.007300+00:00"}, {"symbol": "BNBUSDT", "bids": [[892.39, 45.11], [892.38, 0.16], [892.37, 18.35], [892.36, 3.65], [892.35, 0.03], [892.33, 1.17], [892.32, 7.86], [892.31, 5.66], [892.3, 4.46], [892.29, 15.76], [892.28, 4.54], [892.27, 3.53], [892.26, 5.73], [892.25, 37.61], [892.24, 4.54], [892.23, 4.49], [892.22, 14.61], [892.21, 1.85], [892.2, 4.01], [892.19, 0.27]], "asks": [[892.4, 6.98], [892.41, 0.01], [892.44, 2.96], [892.45, 3.96], [892.46, 3.81], [892.47, 1.3], [892.48, 5.47], [892.49, 7.25], [892.5, 51.53], [892.51, 0.17], [892.52, 0.04], [892.53, 0.03], [892.54, 3.0], [892.55, 3.65], [892.56, 6.65], [892.57, 0.26], [892.58, 0.26], [892.59, 0.21], [892.6, 5.85], [892.61, 5.32]], "timestamp": "2025-12-13T10:38:42.768198+00:00"}, {"symbol": "BNBUSDT", "bids": [[892.2, 46.57], [892.19, 0.02], [892.18, 0.01], [892.17, 11.12], [892.16, 2.74], [892.15, 7.94], [892.14, 3.12], [892.13, 16.52], [892.12, 0.37], [892.11, 8.57], [892.1, 8.7], [892.09, 29.04], [892.08, 9.71], [892.07, 31.89], [892.06, 0.24], [892.05, 32.79], [892.04, 3.66], [892.03, 4.0], [892.02, 1.63], [892.01, 0.93]], "asks": [[892.21, 5.89], [892.22, 7.18], [892.23, 5.05], [892.24, 8.3], [892.25, 0.03], [892.26, 0.01], [892.28, 1.91], [892.29, 6.21], [892.3, 3.59], [892.31, 0.74], [892.32, 8.02], [892.33, 0.03], [892.34, 0.16], [892.35, 0.37], [892.36, 3.81], [892.37, 6.05], [892.38, 0.02], [892.39, 0.09], [892.4, 5.68], [892.41, 3.93]], "timestamp": "2025-12-13T10:39:36.733241+00:00"}, {"symbol": "BNBUSDT", "bids": [[892.73, 79.4], [892.72, 19.05], [892.71, 22.4], [892.7, 1.24], [892.69, 2.31], [892.68, 0.13], [892.67, 6.57], [892.66, 3.96], [892.65, 26.47], [892.64, 6.63], [892.63, 8.22], [892.62, 3.44], [892.61, 14.43], [892.6, 15.3], [892.59, 40.2], [892.58, 0.04], [892.57, 0.02], [892.56, 8.88], [892.55, 1.7], [892.54, 0.85]], "asks": [[892.74, 8.23], [892.76, 0.01], [892.77, 0.01], [892.78, 0.01], [892.79, 0.35], [892.8, 1.3], [892.81, 4.48], [892.82, 0.65], [892.83, 0.63], [892.84, 8.79], [892.85, 3.78], [892.86, 3.18], [892.87, 23.85], [892.88, 3.49], [892.89, 5.74], [892.9, 0.25], [892.91, 4.0], [892.92, 6.92], [892.93, 6.49], [892.94, 19.36]], "timestamp": "2025-12-13T10:40:30.493784+00:00"}, {"symbol": "BNBUSDT", "bids": [[894.21, 77.72], [894.2, 38.16], [894.19, 6.02], [894.18, 4.45], [894.17, 23.59], [894.16, 17.98], [894.15, 31.96], [894.14, 15.6], [894.13, 17.54], [894.12, 1.72], [894.11, 9.52], [894.1, 1.8], [894.08, 27.93], [894.07, 42.53], [894.06, 18.95], [894.05, 19.14], [894.04, 7.8], [894.03, 2.54], [894.02, 2.24], [894.01, 27.72]], "asks": [[894.22, 2.66], [894.23, 0.02], [894.24, 0.02], [894.25, 1.18], [894.27, 0.07], [894.28, 0.06], [894.29, 0.2], [894.3, 0.04], [894.31, 0.4], [894.32, 0.19], [894.33, 0.17], [894.35, 0.17], [894.36, 5.9], [894.37, 9.71], [894.38, 0.04], [894.39, 5.71], [894.4, 6.54], [894.41, 0.09], [894.42, 1.29], [894.43, 8.71]], "timestamp": "2025-12-13T10:41:24.259412+00:00"}, {"symbol": "BNBUSDT", "bids": [[894.23, 27.71], [894.22, 3.63], [894.21, 2.26], [894.2, 3.38], [894.19, 41.41], [894.18, 5.36], [894.17, 6.52], [894.16, 58.15], [894.15, 5.64], [894.14, 390.28], [894.13, 2601.91], [894.12, 1.14], [894.11, 8.69], [894.1, 11.2], [894.09, 2.34], [894.08, 2.22], [894.07, 0.04], [894.06, 0.12], [894.05, 8.8], [894.04, 0.03]], "asks": [[894.24, 37.43], [894.25, 0.22], [894.27, 0.02], [894.28, 0.01], [894.29, 4.61], [894.3, 3.77], [894.31, 14.3], [894.32, 14.26], [894.33, 1.28], [894.34, 5.41], [894.35, 1.48], [894.36, 12.69], [894.37, 2.23], [894.38, 3.44], [894.39, 17.92], [894.4, 53.1], [894.41, 12.78], [894.42, 7.8], [894.43, 0.01], [894.44, 1.89]], "timestamp": "2025-12-13T10:42:17.812090+00:00"}, {"symbol": "BNBUSDT", "bids": [[894.11, 15.97], [894.08, 3.38], [894.07, 0.02], [894.06, 5.01], [894.05, 16.56], [894.04, 67.61], [894.03, 3.99], [894.02, 8.47], [894.0, 5.74], [893.99, 3.52], [893.98, 3.66], [893.97, 9.17], [893.96, 20.26], [893.95, 0.04], [893.94, 14.93], [893.93, 16.18], [893.92, 6.74], [893.91, 8.66], [893.9, 18.31], [893.89, 0.57]], "asks": [[894.12, 27.76], [894.13, 0.41], [894.14, 0.01], [894.16, 0.6], [894.17, 5.1], [894.18, 5.47], [894.19, 8.5], [894.2, 4.76], [894.21, 0.05], [894.22, 2.1], [894.23, 29.44], [894.24, 0.88], [894.25, 9.4], [894.26, 22.4], [894.27, 10.65], [894.28, 12.91], [894.29, 0.01], [894.3, 6.69], [894.31, 0.03], [894.32, 13.07]], "timestamp": "2025-12-13T10:43:11.585720+00:00"}, {"symbol": "BNBUSDT", "bids": [[894.01, 52.89], [894.0, 0.08], [893.97, 2.04], [893.96, 5.25], [893.95, 20.54], [893.94, 25.92], [893.93, 13.66], [893.92, 31.09], [893.91, 0.66], [893.9, 1.9], [893.89, 11.41], [893.88, 0.03], [893.87, 2.26], [893.86, 0.2], [893.85, 2.69], [893.84, 23.89], [893.83, 13.48], [893.82, 2.23], [893.81, 0.65], [893.8, 2.36]], "asks": [[894.02, 8.96], [894.03, 0.18], [894.04, 0.03], [894.05, 0.8], [894.06, 1.29], [894.08, 1.51], [894.09, 3.91], [894.1, 2.84], [894.11, 5.13], [894.12, 6.21], [894.13, 7.58], [894.14, 0.68], [894.15, 2.51], [894.16, 13.12], [894.17, 4.78], [894.18, 11.0], [894.19, 0.29], [894.2, 19.99], [894.21, 7.02], [894.22, 2.53]], "timestamp": "2025-12-13T10:44:06.051770+00:00"}, {"symbol": "BNBUSDT", "bids": [[894.07, 0.89], [894.06, 0.04], [894.04, 0.75], [894.03, 0.02], [894.02, 0.05], [894.01, 3.47], [894.0, 1.46], [893.99, 0.32], [893.98, 0.26], [893.97, 0.77], [893.96, 1.8], [893.95, 5.02], [893.94, 10.19], [893.93, 11.3], [893.92, 8.3], [893.91, 8.4], [893.9, 0.93], [893.89, 0.35], [893.88, 10.58], [893.87, 15.84]], "asks": [[894.08, 72.21], [894.09, 10.58], [894.1, 8.78], [894.11, 7.78], [894.12, 14.02], [894.13, 8.14], [894.14, 16.68], [894.15, 3.37], [894.16, 3.7], [894.18, 5.78], [894.19, 3.76], [894.2, 4.05], [894.21, 0.06], [894.22, 2.2], [894.23, 11.65], [894.24, 6.52], [894.25, 2.78], [894.26, 8.42], [894.27, 10.97], [894.28, 10.19]], "timestamp": "2025-12-13T10:45:01.140274+00:00"}, {"symbol": "BNBUSDT", "bids": [[893.66, 60.16], [893.65, 5.02], [893.64, 5.05], [893.63, 10.12], [893.61, 27.04], [893.6, 34.37], [893.59, 21.33], [893.58, 18.67], [893.57, 22.25], [893.56, 12.18], [893.55, 10.18], [893.54, 4.37], [893.53, 2.44], [893.52, 21.05], [893.51, 26.45], [893.5, 74.43], [893.49, 0.1], [893.48, 33.3], [893.47, 8.53], [893.46, 8.49]], "asks": [[893.67, 18.06], [893.68, 0.15], [893.69, 5.06], [893.7, 0.14], [893.71, 0.16], [893.72, 0.13], [893.73, 1.26], [893.74, 2.21], [893.75, 1.87], [893.76, 2.67], [893.77, 1.97], [893.78, 11.87], [893.79, 1.19], [893.8, 2.41], [893.81, 14.43], [893.82, 1.09], [893.83, 2.31], [893.84, 8.27], [893.85, 9.01], [893.86, 2.8]], "timestamp": "2025-12-13T10:45:55.553997+00:00"}, {"symbol": "BNBUSDT", "bids": [[893.72, 21.63], [893.71, 0.03], [893.7, 0.61], [893.68, 0.18], [893.67, 2.05], [893.66, 62.35], [893.65, 0.04], [893.64, 0.02], [893.63, 0.04], [893.62, 2.15], [893.61, 9.61], [893.6, 0.31], [893.59, 4.45], [893.58, 18.85], [893.57, 6.32], [893.56, 7.18], [893.55, 1.29], [893.54, 3.75], [893.53, 12.7], [893.52, 12.71]], "asks": [[893.73, 26.44], [893.74, 0.01], [893.75, 1.27], [893.76, 0.04], [893.77, 1.75], [893.78, 4.11], [893.79, 2.99], [893.8, 5.04], [893.81, 12.12], [893.82, 0.66], [893.83, 4.59], [893.84, 4.07], [893.85, 3.67], [893.86, 4.35], [893.87, 0.2], [893.88, 14.32], [893.89, 5.49], [893.9, 3.4], [893.91, 23.59], [893.92, 8.81]], "timestamp": "2025-12-13T10:46:49.514169+00:00"}, {"symbol": "BNBUSDT", "bids": [[893.66, 56.7], [893.65, 0.04], [893.64, 0.91], [893.63, 0.04], [893.62, 0.01], [893.61, 2.18], [893.6, 0.05], [893.59, 9.77], [893.58, 0.81], [893.57, 6.29], [893.56, 13.71], [893.55, 20.62], [893.54, 5.92], [893.53, 0.49], [893.52, 38.58], [893.51, 8.03], [893.5, 28.4], [893.49, 0.07], [893.48, 5.85], [893.47, 7.41]], "asks": [[893.67, 26.42], [893.68, 2.19], [893.69, 12.89], [893.7, 0.01], [893.72, 5.3], [893.73, 0.18], [893.75, 0.61], [893.76, 9.46], [893.77, 6.37], [893.78, 8.12], [893.79, 10.2], [893.8, 10.74], [893.81, 10.88], [893.82, 2.66], [893.83, 2.19], [893.84, 4.59], [893.85, 9.84], [893.86, 3.47], [893.87, 8.15], [893.88, 2.66]], "timestamp": "2025-12-13T10:47:44.578218+00:00"}, {"symbol": "BNBUSDT", "bids": [[894.14, 23.84], [894.13, 0.03], [894.12, 0.44], [894.11, 0.02], [894.1, 6.85], [894.09, 11.34], [894.08, 5.44], [894.07, 42.79], [894.06, 2.73], [894.05, 0.47], [894.04, 6.63], [894.03, 15.41], [894.02, 21.76], [894.01, 20.85], [894.0, 5.04], [893.99, 13.71], [893.98, 2.15], [893.97, 3.26], [893.96, 7.83], [893.95, 14.59]], "asks": [[894.15, 16.52], [894.16, 0.02], [894.17, 2.22], [894.18, 0.02], [894.19, 1.87], [894.2, 12.55], [894.21, 21.68], [894.22, 4.62], [894.23, 9.16], [894.24, 10.36], [894.25, 0.01], [894.27, 0.01], [894.28, 20.94], [894.29, 17.17], [894.3, 19.91], [894.31, 7.78], [894.32, 10.96], [894.33, 19.94], [894.34, 1.84], [894.35, 2.29]], "timestamp": "2025-12-13T10:48:39.050124+00:00"}, {"symbol": "BNBUSDT", "bids": [[893.87, 3.83], [893.85, 0.12], [893.84, 0.01], [893.83, 1.21], [893.82, 2.36], [893.81, 0.77], [893.8, 0.05], [893.79, 1.46], [893.78, 11.42], [893.77, 6.3], [893.76, 1.9], [893.75, 1.05], [893.74, 11.74], [893.73, 0.05], [893.72, 9.54], [893.71, 2.57], [893.7, 7.36], [893.69, 31.77], [893.68, 26.86], [893.67, 5.89]], "asks": [[893.88, 51.26], [893.89, 0.34], [893.9, 5.39], [893.92, 0.16], [893.93, 2.19], [893.94, 1.86], [893.95, 12.37], [893.96, 4.48], [893.97, 0.75], [893.98, 15.96], [893.99, 10.23], [894.0, 5.5], [894.01, 8.38], [894.02, 14.57], [894.03, 0.03], [894.04, 22.96], [894.05, 9.49], [894.06, 7.79], [894.07, 39.65], [894.08, 22.83]], "timestamp": "2025-12-13T10:49:32.402396+00:00"}, {"symbol": "BNBUSDT", "bids": [[894.01, 22.65], [894.0, 1.24], [893.99, 0.08], [893.97, 5.2], [893.96, 0.25], [893.95, 1.65], [893.94, 5.56], [893.93, 10.37], [893.92, 4.19], [893.91, 9.1], [893.9, 26.83], [893.89, 1.53], [893.88, 7.14], [893.87, 26.56], [893.86, 18.63], [893.85, 3.57], [893.84, 6.18], [893.83, 11.43], [893.82, 8.7], [893.81, 8.01]], "asks": [[894.02, 15.99], [894.03, 0.3], [894.04, 0.03], [894.05, 0.79], [894.06, 1.0], [894.07, 5.02], [894.08, 0.31], [894.09, 5.04], [894.1, 2.15], [894.11, 15.66], [894.12, 7.52], [894.13, 3.13], [894.14, 4.67], [894.15, 2.72], [894.16, 11.99], [894.17, 0.17], [894.18, 0.04], [894.19, 5.69], [894.2, 8.71], [894.21, 8.31]], "timestamp": "2025-12-13T10:50:26.287346+00:00"}, {"symbol": "BNBUSDT", "bids": [[893.82, 0.37], [893.81, 0.73], [893.8, 4.96], [893.79, 0.04], [893.78, 0.6], [893.77, 2.71], [893.76, 0.07], [893.75, 1.36], [893.74, 0.91], [893.73, 0.51], [893.72, 5.72], [893.71, 14.53], [893.7, 3.38], [893.69, 4.31], [893.68, 11.65], [893.67, 20.23], [893.66, 49.41], [893.65, 1.99], [893.64, 1.71], [893.63, 5.8]], "asks": [[893.83, 142.85], [893.84, 13.25], [893.85, 2.28], [893.86, 0.15], [893.87, 0.28], [893.88, 1.17], [893.89, 6.29], [893.9, 0.15], [893.91, 1.02], [893.92, 3.39], [893.93, 1.21], [893.94, 4.46], [893.95, 0.04], [893.96, 7.24], [893.97, 1.96], [893.98, 7.84], [893.99, 7.78], [894.0, 15.11], [894.01, 10.14], [894.02, 8.65]], "timestamp": "2025-12-13T10:51:20.946513+00:00"}, {"symbol": "BNBUSDT", "bids": [[893.82, 9.54], [893.81, 0.06], [893.8, 0.02], [893.79, 0.02], [893.78, 0.02], [893.76, 4.44], [893.75, 6.29], [893.74, 0.16], [893.73, 13.59], [893.72, 5.56], [893.71, 3.57], [893.7, 0.2], [893.69, 6.36], [893.68, 27.43], [893.67, 0.96], [893.66, 51.13], [893.65, 10.42], [893.64, 31.3], [893.63, 0.62], [893.62, 8.76]], "asks": [[893.83, 41.56], [893.84, 0.02], [893.85, 0.19], [893.86, 2.72], [893.88, 4.71], [893.89, 11.02], [893.9, 12.85], [893.91, 5.91], [893.92, 5.67], [893.93, 11.7], [893.94, 25.33], [893.95, 0.92], [893.96, 11.18], [893.97, 34.59], [893.98, 4.58], [893.99, 57.13], [894.0, 343.66], [894.01, 3.36], [894.02, 1.69], [894.03, 5.1]], "timestamp": "2025-12-13T10:52:14.809529+00:00"}, {"symbol": "BNBUSDT", "bids": [[893.66, 21.08], [893.65, 0.1], [893.64, 2.08], [893.63, 0.02], [893.62, 1.42], [893.61, 5.04], [893.6, 2.24], [893.59, 0.06], [893.58, 0.03], [893.57, 0.33], [893.56, 2.4], [893.55, 1.54], [893.54, 4.14], [893.53, 11.28], [893.52, 5.24], [893.51, 4.38], [893.5, 0.61], [893.49, 4.75], [893.48, 0.87], [893.47, 4.31]], "asks": [[893.67, 69.78], [893.68, 12.58], [893.69, 11.38], [893.7, 5.66], [893.71, 2.26], [893.72, 4.07], [893.73, 4.58], [893.74, 7.25], [893.75, 0.62], [893.76, 2.36], [893.77, 9.09], [893.78, 28.9], [893.79, 9.67], [893.8, 19.01], [893.81, 43.41], [893.82, 6.63], [893.83, 32.77], [893.84, 13.17], [893.85, 10.99], [893.86, 9.62]], "timestamp": "2025-12-13T10:53:09.367776+00:00"}, {"symbol": "BNBUSDT", "bids": [[893.49, 22.36], [893.48, 3.75], [893.47, 4.66], [893.46, 5.46], [893.45, 0.03], [893.44, 0.09], [893.43, 0.02], [893.41, 7.22], [893.4, 1.68], [893.39, 3.21], [893.38, 5.74], [893.37, 11.54], [893.36, 5.53], [893.35, 6.42], [893.34, 12.33], [893.33, 0.06], [893.32, 6.19], [893.31, 5.46], [893.3, 0.95], [893.29, 9.07]], "asks": [[893.5, 23.87], [893.51, 4.35], [893.52, 7.43], [893.54, 2.37], [893.55, 5.11], [893.56, 17.7], [893.57, 7.24], [893.58, 0.82], [893.59, 10.23], [893.6, 8.49], [893.61, 2.89], [893.62, 0.22], [893.63, 34.03], [893.64, 4.41], [893.65, 9.36], [893.66, 7.88], [893.67, 11.32], [893.68, 14.27], [893.69, 11.13], [893.7, 19.22]], "timestamp": "2025-12-13T10:54:03.969800+00:00"}, {"symbol": "BNBUSDT", "bids": [[893.11, 20.04], [893.1, 0.03], [893.08, 0.02], [893.07, 0.15], [893.06, 1.21], [893.05, 1.25], [893.04, 0.04], [893.03, 2.15], [893.02, 2.27], [893.01, 7.08], [893.0, 27.18], [892.99, 0.68], [892.98, 2.41], [892.97, 2.51], [892.96, 4.77], [892.95, 6.87], [892.94, 6.12], [892.93, 10.61], [892.92, 11.08], [892.91, 13.38]], "asks": [[893.12, 77.43], [893.13, 1.28], [893.14, 3.06], [893.15, 20.03], [893.16, 0.01], [893.18, 20.87], [893.19, 15.77], [893.2, 34.8], [893.21, 17.7], [893.22, 9.36], [893.23, 0.03], [893.24, 1.48], [893.25, 0.4], [893.26, 0.56], [893.28, 1.4], [893.29, 1.12], [893.3, 5.59], [893.31, 0.04], [893.32, 2.47], [893.33, 0.62]], "timestamp": "2025-12-13T10:54:59.063973+00:00"}, {"symbol": "BNBUSDT", "bids": [[893.15, 33.84], [893.14, 1.5], [893.12, 0.01], [893.11, 0.17], [893.1, 8.52], [893.09, 4.32], [893.08, 9.13], [893.07, 9.94], [893.06, 12.46], [893.05, 1.28], [893.04, 10.11], [893.03, 0.97], [893.02, 0.57], [893.01, 8.94], [893.0, 28.68], [892.99, 4.38], [892.98, 7.55], [892.97, 7.87], [892.96, 3.51], [892.95, 9.71]], "asks": [[893.16, 22.31], [893.17, 5.17], [893.18, 0.01], [893.19, 0.01], [893.2, 1.24], [893.21, 3.65], [893.22, 7.53], [893.23, 2.55], [893.24, 2.9], [893.25, 8.33], [893.26, 0.56], [893.27, 1.15], [893.28, 5.8], [893.29, 4.82], [893.3, 21.92], [893.31, 5.43], [893.32, 10.77], [893.33, 1.71], [893.34, 4.26], [893.35, 4.48]], "timestamp": "2025-12-13T10:55:53.744002+00:00"}, {"symbol": "BNBUSDT", "bids": [[893.04, 28.46], [893.03, 0.01], [893.02, 4.61], [893.01, 4.61], [893.0, 4.62], [892.99, 7.89], [892.98, 12.53], [892.97, 14.15], [892.96, 10.9], [892.95, 22.25], [892.94, 10.33], [892.93, 6.83], [892.92, 4.38], [892.91, 5.18], [892.9, 1.85], [892.89, 8.69], [892.88, 3.25], [892.87, 2.21], [892.86, 3.92], [892.85, 3.73]], "asks": [[893.05, 29.68], [893.06, 19.67], [893.07, 0.04], [893.08, 0.03], [893.09, 0.15], [893.1, 3.41], [893.11, 2.21], [893.12, 4.3], [893.13, 2.48], [893.14, 7.65], [893.15, 0.24], [893.16, 16.93], [893.17, 6.26], [893.18, 2.44], [893.19, 11.72], [893.2, 5.51], [893.21, 11.01], [893.22, 16.17], [893.23, 21.16], [893.24, 12.5]], "timestamp": "2025-12-13T10:56:48.490150+00:00"}, {"symbol": "BNBUSDT", "bids": [[893.19, 2.19], [893.18, 0.03], [893.17, 1.78], [893.16, 0.01], [893.15, 0.01], [893.14, 2.21], [893.13, 0.24], [893.12, 5.04], [893.11, 0.15], [893.1, 13.33], [893.09, 2.61], [893.08, 2.5], [893.07, 2.13], [893.06, 8.11], [893.05, 18.42], [893.04, 7.06], [893.03, 4.21], [893.02, 1.36], [893.01, 26.39], [893.0, 21.42]], "asks": [[893.2, 60.54], [893.21, 0.6], [893.22, 0.75], [893.23, 0.26], [893.24, 4.07], [893.25, 6.5], [893.26, 2.45], [893.27, 11.03], [893.28, 4.31], [893.29, 2.14], [893.3, 2.25], [893.31, 14.7], [893.32, 7.94], [893.33, 18.97], [893.34, 0.4], [893.35, 2.24], [893.36, 3.67], [893.37, 6.95], [893.38, 10.04], [893.39, 8.55]], "timestamp": "2025-12-13T10:57:43.108074+00:00"}, {"symbol": "BNBUSDT", "bids": [[893.27, 26.27], [893.26, 0.01], [893.25, 0.98], [893.24, 3.0], [893.23, 0.84], [893.22, 6.11], [893.21, 0.71], [893.2, 4.82], [893.19, 3.72], [893.18, 0.06], [893.17, 0.03], [893.16, 0.08], [893.15, 1.9], [893.14, 2.51], [893.13, 12.09], [893.12, 0.02], [893.11, 3.18], [893.1, 7.97], [893.09, 18.86], [893.08, 7.25]], "asks": [[893.28, 53.12], [893.29, 3.89], [893.31, 0.02], [893.32, 1.02], [893.33, 4.52], [893.34, 5.06], [893.35, 0.56], [893.36, 9.29], [893.37, 11.36], [893.38, 0.36], [893.39, 5.13], [893.4, 22.5], [893.41, 0.32], [893.42, 4.77], [893.43, 4.33], [893.44, 36.88], [893.45, 14.56], [893.46, 11.46], [893.47, 11.05], [893.48, 4.66]], "timestamp": "2025-12-13T10:58:37.586309+00:00"}, {"symbol": "BNBUSDT", "bids": [[893.47, 26.55], [893.46, 0.08], [893.45, 0.51], [893.44, 3.83], [893.43, 0.08], [893.42, 0.12], [893.41, 3.77], [893.4, 9.54], [893.39, 4.98], [893.38, 1.41], [893.37, 5.09], [893.36, 0.15], [893.35, 0.47], [893.34, 4.67], [893.33, 18.51], [893.32, 5.38], [893.31, 3.72], [893.3, 1.28], [893.29, 30.01], [893.28, 6.14]], "asks": [[893.48, 26.41], [893.49, 3.62], [893.5, 11.24], [893.51, 3.01], [893.52, 8.11], [893.53, 4.35], [893.54, 0.25], [893.55, 3.69], [893.56, 32.46], [893.57, 4.28], [893.58, 5.83], [893.59, 4.87], [893.6, 2.69], [893.61, 10.78], [893.62, 14.25], [893.63, 32.68], [893.64, 3.9], [893.65, 3.93], [893.66, 10.48], [893.67, 5.76]], "timestamp": "2025-12-13T10:59:31.756131+00:00"}, {"symbol": "BNBUSDT", "bids": [[893.26, 32.42], [893.25, 0.15], [893.24, 1.4], [893.23, 0.01], [893.22, 11.62], [893.21, 0.65], [893.2, 0.16], [893.19, 16.48], [893.18, 1.95], [893.17, 1.03], [893.16, 7.79], [893.15, 24.9], [893.14, 2.92], [893.13, 4.33], [893.12, 18.87], [893.11, 0.04], [893.1, 5.37], [893.09, 2.33], [893.08, 22.06], [893.07, 21.03]], "asks": [[893.27, 61.13], [893.28, 2.34], [893.29, 3.14], [893.3, 1.97], [893.31, 2.23], [893.32, 8.48], [893.33, 1.92], [893.34, 0.01], [893.35, 0.14], [893.36, 1.46], [893.37, 0.82], [893.38, 2.49], [893.39, 6.37], [893.4, 6.47], [893.41, 13.66], [893.42, 5.89], [893.43, 1.28], [893.44, 36.67], [893.45, 13.17], [893.46, 5.74]], "timestamp": "2025-12-13T11:00:26.147043+00:00"}, {"symbol": "BNBUSDT", "bids": [[893.27, 18.66], [893.26, 0.04], [893.25, 0.45], [893.23, 2.44], [893.22, 2.22], [893.21, 5.15], [893.2, 2.54], [893.19, 0.06], [893.18, 1.18], [893.17, 2.51], [893.16, 7.17], [893.15, 13.52], [893.14, 1.3], [893.13, 0.97], [893.12, 11.2], [893.11, 0.04], [893.1, 8.14], [893.09, 16.73], [893.08, 6.08], [893.07, 6.13]], "asks": [[893.28, 24.22], [893.29, 8.93], [893.3, 1.83], [893.31, 0.38], [893.32, 24.77], [893.33, 5.07], [893.34, 0.03], [893.35, 19.41], [893.36, 11.77], [893.37, 0.57], [893.38, 6.83], [893.39, 12.44], [893.4, 3.54], [893.41, 12.02], [893.42, 16.38], [893.43, 0.04], [893.44, 32.47], [893.45, 35.91], [893.46, 2.35], [893.47, 8.15]], "timestamp": "2025-12-13T11:01:20.710923+00:00"}