[{"id": "786377274", "price": 897.3, "amount": 5.33, "side": "sell", "timestamp": 1765669342757}, {"id": "786377275", "price": 897.29, "amount": 0.08, "side": "sell", "timestamp": 1765669342757}, {"id": "786377276", "price": 897.28, "amount": 0.22, "side": "sell", "timestamp": 1765669342757}, {"id": "786377277", "price": 897.27, "amount": 5.16, "side": "sell", "timestamp": 1765669342759}, {"id": "786377278", "price": 897.26, "amount": 19.13, "side": "sell", "timestamp": 1765669342776}, {"id": "786377279", "price": 897.25, "amount": 0.04, "side": "sell", "timestamp": 1765669342812}, {"id": "786377280", "price": 897.24, "amount": 16.04, "side": "sell", "timestamp": 1765669342812}, {"id": "786377281", "price": 897.25, "amount": 0.07, "side": "buy", "timestamp": 1765669342892}, {"id": "786377282", "price": 897.24, "amount": 0.02, "side": "sell", "timestamp": 1765669342902}, {"id": "786377283", "price": 897.23, "amount": 0.02, "side": "sell", "timestamp": 1765669342939}, {"id": "786377284", "price": 897.21, "amount": 0.02, "side": "sell", "timestamp": 1765669342939}, {"id": "786377285", "price": 897.2, "amount": 2.41, "side": "sell", "timestamp": 1765669342939}, {"id": "786377286", "price": 897.19, "amount": 0.02, "side": "sell", "timestamp": 1765669342947}, {"id": "786377287", "price": 897.18, "amount": 0.01, "side": "sell", "timestamp": 1765669342998}, {"id": "786377288", "price": 897.17, "amount": 0.11, "side": "sell", "timestamp": 1765669343178}, {"id": "786377289", "price": 897.18, "amount": 0.13, "side": "buy", "timestamp": 1765669343664}, {"id": "786377290", "price": 897.17, "amount": 0.29, "side": "sell", "timestamp": 1765669343973}, {"id": "786377291", "price": 897.16, "amount": 0.6, "side": "sell", "timestamp": 1765669343987}, {"id": "786377292", "price": 897.15, "amount": 0.02, "side": "sell", "timestamp": 1765669343988}, {"id": "786377293", "price": 897.14, "amount": 0.98, "side": "sell", "timestamp": 1765669343988}, {"id": "786377294", "price": 897.13, "amount": 0.04, "side": "sell", "timestamp": 1765669343988}, {"id": "786377295", "price": 897.12, "amount": 1.27, "side": "sell", "timestamp": 1765669343989}, {"id": "786377296", "price": 897.11, "amount": 0.01, "side": "sell", "timestamp": 1765669344018}, {"id": "786377297", "price": 897.1, "amount": 0.06, "side": "sell", "timestamp": 1765669344799}, {"id": "786377298", "price": 897.11, "amount": 0.12, "side": "buy", "timestamp": 1765669345715}, {"id": "786377299", "price": 897.11, "amount": 0.01, "side": "buy", "timestamp": 1765669346905}, {"id": "786377300", "price": 897.1, "amount": 0.04, "side": "sell", "timestamp": 1765669347052}, {"id": "786377301", "price": 897.1, "amount": 0.03, "side": "sell", "timestamp": 1765669347247}, {"id": "786377302", "price": 897.1, "amount": 0.15, "side": "sell", "timestamp": 1765669347862}, {"id": "786377303", "price": 897.1, "amount": 0.04, "side": "sell", "timestamp": 1765669349282}, {"id": "786377304", "price": 897.1, "amount": 2.58, "side": "sell", "timestamp": 1765669351743}, {"id": "786377305", "price": 897.1, "amount": 0.01, "side": "buy", "timestamp": 1765669353653}, {"id": "786377306", "price": 897.1, "amount": 0.07, "side": "buy", "timestamp": 1765669354109}, {"id": "786377307", "price": 897.09, "amount": 0.01, "side": "sell", "timestamp": 1765669355665}, {"id": "786377308", "price": 897.1, "amount": 0.03, "side": "buy", "timestamp": 1765669356098}, {"id": "786377309", "price": 897.1, "amount": 6.64, "side": "buy", "timestamp": 1765669357462}, {"id": "786377310", "price": 897.09, "amount": 0.02, "side": "sell", "timestamp": 1765669357622}, {"id": "786377311", "price": 897.09, "amount": 0.12, "side": "sell", "timestamp": 1765669359017}, {"id": "786377312", "price": 897.09, "amount": 13.6, "side": "sell", "timestamp": 1765669360204}, {"id": "786377313", "price": 897.09, "amount": 0.03, "side": "sell", "timestamp": 1765669365151}, {"id": "786377314", "price": 897.09, "amount": 0.01, "side": "sell", "timestamp": 1765669366832}, {"id": "786377315", "price": 897.1, "amount": 0.01, "side": "buy", "timestamp": 1765669367025}, {"id": "786377316", "price": 897.09, "amount": 0.08, "side": "sell", "timestamp": 1765669367812}, {"id": "786377317", "price": 897.1, "amount": 0.07, "side": "buy", "timestamp": 1765669367931}, {"id": "786377318", "price": 897.09, "amount": 0.01, "side": "sell", "timestamp": 1765669369831}, {"id": "786377319", "price": 897.1, "amount": 1.46, "side": "buy", "timestamp": 1765669370318}, {"id": "786377320", "price": 897.1, "amount": 0.02, "side": "buy", "timestamp": 1765669372899}, {"id": "786377321", "price": 897.1, "amount": 2.22, "side": "buy", "timestamp": 1765669373509}, {"id": "786377322", "price": 897.1, "amount": 0.01, "side": "buy", "timestamp": 1765669374447}, {"id": "786377323", "price": 897.1, "amount": 0.01, "side": "buy", "timestamp": 1765669374989}, {"id": "786377336", "price": 897.21, "amount": 0.02, "side": "buy", "timestamp": 1765669380561}, {"id": "786377337", "price": 897.23, "amount": 0.01, "side": "buy", "timestamp": 1765669380563}, {"id": "786377338", "price": 897.24, "amount": 0.35, "side": "buy", "timestamp": 1765669380565}, {"id": "786377339", "price": 897.25, "amount": 0.03, "side": "buy", "timestamp": 1765669380568}, {"id": "786377340", "price": 897.27, "amount": 0.01, "side": "buy", "timestamp": 1765669380602}, {"id": "786377341", "price": 897.27, "amount": 0.01, "side": "sell", "timestamp": 1765669380676}, {"id": "786377342", "price": 897.28, "amount": 0.32, "side": "buy", "timestamp": 1765669380709}, {"id": "786377343", "price": 897.27, "amount": 0.15, "side": "sell", "timestamp": 1765669380772}, {"id": "786377344", "price": 897.28, "amount": 3.72, "side": "buy", "timestamp": 1765669380816}, {"id": "786377345", "price": 897.3, "amount": 0.03, "side": "buy", "timestamp": 1765669380821}, {"id": "786377346", "price": 897.3, "amount": 5.22, "side": "buy", "timestamp": 1765669381215}, {"id": "786377347", "price": 897.3, "amount": 0.07, "side": "buy", "timestamp": 1765669382920}, {"id": "786377348", "price": 897.29, "amount": 20.0, "side": "sell", "timestamp": 1765669384464}, {"id": "786377349", "price": 897.3, "amount": 0.01, "side": "buy", "timestamp": 1765669384683}, {"id": "786377350", "price": 897.29, "amount": 2.01, "side": "sell", "timestamp": 1765669384828}, {"id": "786377351", "price": 897.28, "amount": 0.01, "side": "buy", "timestamp": 1765669384966}, {"id": "786377352", "price": 897.28, "amount": 0.01, "side": "buy", "timestamp": 1765669385318}, {"id": "786377353", "price": 897.28, "amount": 0.01, "side": "buy", "timestamp": 1765669385645}, {"id": "786377354", "price": 897.27, "amount": 0.03, "side": "sell", "timestamp": 1765669385816}, {"id": "786377355", "price": 897.27, "amount": 0.02, "side": "sell", "timestamp": 1765669386333}, {"id": "786377356", "price": 897.28, "amount": 0.04, "side": "buy", "timestamp": 1765669389928}, {"id": "786377357", "price": 897.28, "amount": 0.1, "side": "buy", "timestamp": 1765669390978}, {"id": "786377358", "price": 897.27, "amount": 0.01, "side": "sell", "timestamp": 1765669391659}, {"id": "786377359", "price": 897.28, "amount": 0.12, "side": "buy", "timestamp": 1765669394392}, {"id": "786377360", "price": 897.28, "amount": 0.15, "side": "buy", "timestamp": 1765669395336}, {"id": "786377361", "price": 897.28, "amount": 0.01, "side": "buy", "timestamp": 1765669398035}, {"id": "786377362", "price": 897.28, "amount": 0.07, "side": "buy", "timestamp": 1765669399424}, {"id": "786377363", "price": 897.27, "amount": 0.16, "side": "sell", "timestamp": 1765669400649}, {"id": "786377364", "price": 897.27, "amount": 0.33, "side": "sell", "timestamp": 1765669401531}, {"id": "786377365", "price": 897.28, "amount": 0.55, "side": "buy", "timestamp": 1765669402544}, {"id": "786377366", "price": 897.28, "amount": 0.01, "side": "buy", "timestamp": 1765669403194}, {"id": "786377367", "price": 897.28, "amount": 0.03, "side": "buy", "timestamp": 1765669403782}, {"id": "786377368", "price": 897.28, "amount": 0.14, "side": "buy", "timestamp": 1765669404753}, {"id": "786377369", "price": 897.28, "amount": 0.01, "side": "buy", "timestamp": 1765669405785}, {"id": "786377370", "price": 897.28, "amount": 0.02, "side": "buy", "timestamp": 1765669411006}, {"id": "786377371", "price": 897.28, "amount": 0.07, "side": "buy", "timestamp": 1765669411379}, {"id": "786377372", "price": 897.28, "amount": 0.28, "side": "buy", "timestamp": 1765669414402}, {"id": "786377373", "price": 897.28, "amount": 0.33, "side": "buy", "timestamp": 1765669414868}, {"id": "786377374", "price": 897.27, "amount": 0.14, "side": "sell", "timestamp": 1765669415181}, {"id": "786377375", "price": 897.27, "amount": 0.6, "side": "sell", "timestamp": 1765669415488}, {"id": "786377376", "price": 897.28, "amount": 0.01, "side": "buy", "timestamp": 1765669416006}, {"id": "786377377", "price": 897.28, "amount": 0.01, "side": "buy", "timestamp": 1765669416617}, {"id": "786377378", "price": 897.28, "amount": 0.03, "side": "buy", "timestamp": 1765669419355}, {"id": "786377379", "price": 897.28, "amount": 0.03, "side": "buy", "timestamp": 1765669425417}, {"id": "786377380", "price": 897.27, "amount": 0.01, "side": "sell", "timestamp": 1765669427655}, {"id": "786377381", "price": 897.27, "amount": 0.19, "side": "sell", "timestamp": 1765669428809}, {"id": "786377382", "price": 897.28, "amount": 0.05, "side": "buy", "timestamp": 1765669429467}, {"id": "786377383", "price": 897.27, "amount": 0.16, "side": "sell", "timestamp": 1765669429715}, {"id": "786377384", "price": 897.28, "amount": 0.07, "side": "buy", "timestamp": 1765669430021}, {"id": "786377385", "price": 897.27, "amount": 0.5, "side": "sell", "timestamp": 1765669430419}, {"id": "786377403", "price": 897.28, "amount": 37.21, "side": "buy", "timestamp": 1765669445355}, {"id": "786377404", "price": 897.29, "amount": 10.87, "side": "buy", "timestamp": 1765669445355}, {"id": "786377405", "price": 897.3, "amount": 11.26, "side": "buy", "timestamp": 1765669445355}, {"id": "786377406", "price": 897.31, "amount": 4.0, "side": "buy", "timestamp": 1765669445355}, {"id": "786377407", "price": 897.32, "amount": 0.1, "side": "buy", "timestamp": 1765669445355}, {"id": "786377408", "price": 897.33, "amount": 1.26, "side": "buy", "timestamp": 1765669445355}, {"id": "786377409", "price": 897.34, "amount": 0.36, "side": "buy", "timestamp": 1765669445355}, {"id": "786377410", "price": 897.35, "amount": 0.07, "side": "buy", "timestamp": 1765669445355}, {"id": "786377411", "price": 897.36, "amount": 0.57, "side": "buy", "timestamp": 1765669445355}, {"id": "786377412", "price": 897.37, "amount": 1.37, "side": "buy", "timestamp": 1765669445355}, {"id": "786377413", "price": 897.38, "amount": 1.01, "side": "buy", "timestamp": 1765669445356}, {"id": "786377414", "price": 897.39, "amount": 0.01, "side": "buy", "timestamp": 1765669445357}, {"id": "786377415", "price": 897.4, "amount": 3.99, "side": "buy", "timestamp": 1765669445357}, {"id": "786377416", "price": 897.39, "amount": 0.24, "side": "sell", "timestamp": 1765669446145}, {"id": "786377417", "price": 897.39, "amount": 0.15, "side": "sell", "timestamp": 1765669446960}, {"id": "786377418", "price": 897.39, "amount": 0.01, "side": "sell", "timestamp": 1765669447588}, {"id": "786377419", "price": 897.4, "amount": 0.01, "side": "buy", "timestamp": 1765669448435}, {"id": "786377420", "price": 897.39, "amount": 0.14, "side": "sell", "timestamp": 1765669450024}, {"id": "786377421", "price": 897.4, "amount": 0.33, "side": "buy", "timestamp": 1765669450825}, {"id": "786377422", "price": 897.4, "amount": 0.01, "side": "buy", "timestamp": 1765669451415}, {"id": "786377423", "price": 897.39, "amount": 0.13, "side": "sell", "timestamp": 1765669451737}, {"id": "786377424", "price": 897.39, "amount": 0.06, "side": "sell", "timestamp": 1765669453286}, {"id": "786377425", "price": 897.39, "amount": 0.29, "side": "sell", "timestamp": 1765669454088}, {"id": "786377426", "price": 897.39, "amount": 0.09, "side": "sell", "timestamp": 1765669455548}, {"id": "786377427", "price": 897.4, "amount": 5.2, "side": "buy", "timestamp": 1765669455750}, {"id": "786377428", "price": 897.41, "amount": 0.62, "side": "buy", "timestamp": 1765669455750}, {"id": "786377429", "price": 897.42, "amount": 0.01, "side": "buy", "timestamp": 1765669455752}, {"id": "786377430", "price": 897.42, "amount": 1.0, "side": "sell", "timestamp": 1765669456396}, {"id": "786377431", "price": 897.43, "amount": 0.06, "side": "buy", "timestamp": 1765669456772}, {"id": "786377432", "price": 897.43, "amount": 0.03, "side": "buy", "timestamp": 1765669463637}, {"id": "786377433", "price": 897.42, "amount": 1.9, "side": "sell", "timestamp": 1765669463654}, {"id": "786377434", "price": 897.42, "amount": 0.06, "side": "sell", "timestamp": 1765669464284}, {"id": "786377435", "price": 897.42, "amount": 0.4, "side": "sell", "timestamp": 1765669465955}, {"id": "786377436", "price": 897.43, "amount": 0.04, "side": "buy", "timestamp": 1765669467041}, {"id": "786377437", "price": 897.42, "amount": 23.01, "side": "sell", "timestamp": 1765669467934}, {"id": "786377438", "price": 897.41, "amount": 0.02, "side": "sell", "timestamp": 1765669467941}, {"id": "786377439", "price": 897.4, "amount": 0.15, "side": "sell", "timestamp": 1765669467941}, {"id": "786377440", "price": 897.39, "amount": 1.51, "side": "sell", "timestamp": 1765669467941}, {"id": "786377441", "price": 897.38, "amount": 2.22, "side": "sell", "timestamp": 1765669467942}, {"id": "786377442", "price": 897.37, "amount": 1.78, "side": "sell", "timestamp": 1765669467942}, {"id": "786377443", "price": 897.37, "amount": 0.09, "side": "sell", "timestamp": 1765669468944}, {"id": "786377444", "price": 897.38, "amount": 0.02, "side": "buy", "timestamp": 1765669470205}, {"id": "786377445", "price": 897.38, "amount": 1.17, "side": "buy", "timestamp": 1765669471349}, {"id": "786377446", "price": 897.38, "amount": 2.77, "side": "buy", "timestamp": 1765669473545}, {"id": "786377447", "price": 897.38, "amount": 0.01, "side": "buy", "timestamp": 1765669474261}, {"id": "786377448", "price": 897.38, "amount": 0.07, "side": "buy", "timestamp": 1765669475389}, {"id": "786377449", "price": 897.37, "amount": 0.07, "side": "sell", "timestamp": 1765669475801}, {"id": "786377450", "price": 897.37, "amount": 0.01, "side": "sell", "timestamp": 1765669477233}, {"id": "786377451", "price": 897.37, "amount": 0.04, "side": "sell", "timestamp": 1765669480936}, {"id": "786377452", "price": 897.38, "amount": 0.01, "side": "buy", "timestamp": 1765669481353}, {"id": "786377485", "price": 897.44, "amount": 0.02, "side": "buy", "timestamp": 1765669507504}, {"id": "786377486", "price": 897.45, "amount": 0.12, "side": "buy", "timestamp": 1765669507504}, {"id": "786377487", "price": 897.45, "amount": 0.11, "side": "buy", "timestamp": 1765669508068}, {"id": "786377488", "price": 897.44, "amount": 0.13, "side": "sell", "timestamp": 1765669508678}, {"id": "786377489", "price": 897.45, "amount": 0.01, "side": "buy", "timestamp": 1765669509076}, {"id": "786377490", "price": 897.45, "amount": 0.01, "side": "buy", "timestamp": 1765669509728}, {"id": "786377491", "price": 897.45, "amount": 0.02, "side": "buy", "timestamp": 1765669509899}, {"id": "786377492", "price": 897.45, "amount": 0.02, "side": "buy", "timestamp": 1765669510034}, {"id": "786377493", "price": 897.45, "amount": 0.01, "side": "buy", "timestamp": 1765669511679}, {"id": "786377494", "price": 897.45, "amount": 0.01, "side": "buy", "timestamp": 1765669513106}, {"id": "786377495", "price": 897.44, "amount": 0.39, "side": "sell", "timestamp": 1765669513948}, {"id": "786377496", "price": 897.45, "amount": 0.08, "side": "buy", "timestamp": 1765669515668}, {"id": "786377497", "price": 897.44, "amount": 0.4, "side": "sell", "timestamp": 1765669516532}, {"id": "786377498", "price": 897.45, "amount": 1.18, "side": "buy", "timestamp": 1765669518000}, {"id": "786377499", "price": 897.44, "amount": 0.15, "side": "sell", "timestamp": 1765669518184}, {"id": "786377500", "price": 897.45, "amount": 1.07, "side": "buy", "timestamp": 1765669518494}, {"id": "786377501", "price": 897.44, "amount": 0.02, "side": "sell", "timestamp": 1765669522655}, {"id": "786377502", "price": 897.45, "amount": 0.01, "side": "buy", "timestamp": 1765669522921}, {"id": "786377503", "price": 897.44, "amount": 0.39, "side": "sell", "timestamp": 1765669524384}, {"id": "786377504", "price": 897.45, "amount": 0.36, "side": "buy", "timestamp": 1765669525292}, {"id": "786377505", "price": 897.45, "amount": 3.32, "side": "buy", "timestamp": 1765669527437}, {"id": "786377506", "price": 897.46, "amount": 0.02, "side": "buy", "timestamp": 1765669527438}, {"id": "786377507", "price": 897.47, "amount": 0.18, "side": "buy", "timestamp": 1765669527438}, {"id": "786377508", "price": 897.48, "amount": 1.28, "side": "buy", "timestamp": 1765669527438}, {"id": "786377509", "price": 897.49, "amount": 5.03, "side": "buy", "timestamp": 1765669527438}, {"id": "786377510", "price": 897.5, "amount": 2.26, "side": "buy", "timestamp": 1765669527438}, {"id": "786377511", "price": 897.46, "amount": 0.39, "side": "sell", "timestamp": 1765669527446}, {"id": "786377512", "price": 897.5, "amount": 0.2, "side": "buy", "timestamp": 1765669527448}, {"id": "786377513", "price": 897.51, "amount": 0.03, "side": "buy", "timestamp": 1765669527497}, {"id": "786377514", "price": 897.52, "amount": 0.2, "side": "buy", "timestamp": 1765669527522}, {"id": "786377515", "price": 897.53, "amount": 0.17, "side": "buy", "timestamp": 1765669527522}, {"id": "786377516", "price": 897.54, "amount": 4.32, "side": "buy", "timestamp": 1765669527523}, {"id": "786377517", "price": 897.55, "amount": 2.21, "side": "buy", "timestamp": 1765669527620}, {"id": "786377518", "price": 897.55, "amount": 0.01, "side": "buy", "timestamp": 1765669528384}, {"id": "786377519", "price": 897.55, "amount": 10.19, "side": "buy", "timestamp": 1765669531028}, {"id": "786377520", "price": 897.54, "amount": 0.39, "side": "sell", "timestamp": 1765669531043}, {"id": "786377521", "price": 897.55, "amount": 0.09, "side": "buy", "timestamp": 1765669532769}, {"id": "786377522", "price": 897.55, "amount": 0.02, "side": "buy", "timestamp": 1765669533174}, {"id": "786377523", "price": 897.55, "amount": 6.41, "side": "buy", "timestamp": 1765669534461}, {"id": "786377524", "price": 897.56, "amount": 0.01, "side": "buy", "timestamp": 1765669534468}, {"id": "786377525", "price": 897.56, "amount": 0.39, "side": "sell", "timestamp": 1765669534480}, {"id": "786377526", "price": 897.57, "amount": 0.38, "side": "buy", "timestamp": 1765669534503}, {"id": "786377527", "price": 897.58, "amount": 0.03, "side": "buy", "timestamp": 1765669534523}, {"id": "786377528", "price": 897.59, "amount": 1.91, "side": "buy", "timestamp": 1765669534544}, {"id": "786377529", "price": 897.6, "amount": 0.02, "side": "buy", "timestamp": 1765669534544}, {"id": "786377530", "price": 897.61, "amount": 0.03, "side": "buy", "timestamp": 1765669534544}, {"id": "786377531", "price": 897.61, "amount": 4.56, "side": "sell", "timestamp": 1765669535661}, {"id": "786377532", "price": 897.62, "amount": 0.12, "side": "buy", "timestamp": 1765669536617}, {"id": "786377533", "price": 897.61, "amount": 1.27, "side": "sell", "timestamp": 1765669536764}, {"id": "786377534", "price": 897.62, "amount": 2.7, "side": "buy", "timestamp": 1765669536873}, {"id": "786377556", "price": 897.61, "amount": 0.39, "side": "sell", "timestamp": 1765669554664}, {"id": "786377557", "price": 897.61, "amount": 0.02, "side": "sell", "timestamp": 1765669555606}, {"id": "786377558", "price": 897.61, "amount": 0.02, "side": "sell", "timestamp": 1765669556128}, {"id": "786377559", "price": 897.61, "amount": 0.39, "side": "sell", "timestamp": 1765669557175}, {"id": "786377560", "price": 897.62, "amount": 0.02, "side": "buy", "timestamp": 1765669558575}, {"id": "786377561", "price": 897.61, "amount": 0.29, "side": "sell", "timestamp": 1765669560676}, {"id": "786377562", "price": 897.62, "amount": 0.09, "side": "buy", "timestamp": 1765669560823}, {"id": "786377563", "price": 897.61, "amount": 0.04, "side": "sell", "timestamp": 1765669561112}, {"id": "786377564", "price": 897.61, "amount": 0.5, "side": "sell", "timestamp": 1765669561229}, {"id": "786377565", "price": 897.61, "amount": 0.44, "side": "sell", "timestamp": 1765669561369}, {"id": "786377566", "price": 897.62, "amount": 2.5, "side": "buy", "timestamp": 1765669561964}, {"id": "786377567", "price": 897.61, "amount": 0.22, "side": "sell", "timestamp": 1765669562109}, {"id": "786377568", "price": 897.62, "amount": 0.01, "side": "buy", "timestamp": 1765669562596}, {"id": "786377569", "price": 897.62, "amount": 0.03, "side": "buy", "timestamp": 1765669563429}, {"id": "786377570", "price": 897.61, "amount": 0.03, "side": "sell", "timestamp": 1765669563846}, {"id": "786377571", "price": 897.62, "amount": 2.22, "side": "buy", "timestamp": 1765669563904}, {"id": "786377572", "price": 897.61, "amount": 0.39, "side": "sell", "timestamp": 1765669564399}, {"id": "786377573", "price": 897.62, "amount": 0.01, "side": "buy", "timestamp": 1765669564842}, {"id": "786377574", "price": 897.61, "amount": 0.35, "side": "sell", "timestamp": 1765669565175}, {"id": "786377575", "price": 897.61, "amount": 0.01, "side": "sell", "timestamp": 1765669567519}, {"id": "786377576", "price": 897.62, "amount": 0.04, "side": "buy", "timestamp": 1765669570616}, {"id": "786377577", "price": 897.61, "amount": 0.25, "side": "sell", "timestamp": 1765669570958}, {"id": "786377578", "price": 897.61, "amount": 4.34, "side": "sell", "timestamp": 1765669571655}, {"id": "786377579", "price": 897.61, "amount": 0.02, "side": "sell", "timestamp": 1765669571817}, {"id": "786377580", "price": 897.61, "amount": 4.2, "side": "sell", "timestamp": 1765669572709}, {"id": "786377581", "price": 897.62, "amount": 5.59, "side": "buy", "timestamp": 1765669573108}, {"id": "786377582", "price": 897.61, "amount": 4.04, "side": "sell", "timestamp": 1765669573759}, {"id": "786377583", "price": 897.61, "amount": 0.39, "side": "sell", "timestamp": 1765669574285}, {"id": "786377584", "price": 897.61, "amount": 0.87, "side": "sell", "timestamp": 1765669574808}, {"id": "786377585", "price": 897.61, "amount": 0.16, "side": "sell", "timestamp": 1765669576109}, {"id": "786377586", "price": 897.62, "amount": 0.01, "side": "buy", "timestamp": 1765669576735}, {"id": "786377587", "price": 897.62, "amount": 0.09, "side": "buy", "timestamp": 1765669577617}, {"id": "786377588", "price": 897.62, "amount": 0.03, "side": "buy", "timestamp": 1765669578072}, {"id": "786377589", "price": 897.62, "amount": 0.01, "side": "buy", "timestamp": 1765669579801}, {"id": "786377590", "price": 897.62, "amount": 0.57, "side": "buy", "timestamp": 1765669580091}, {"id": "786377591", "price": 897.62, "amount": 0.04, "side": "buy", "timestamp": 1765669581462}, {"id": "786377592", "price": 897.61, "amount": 0.02, "side": "sell", "timestamp": 1765669581937}, {"id": "786377593", "price": 897.62, "amount": 0.01, "side": "buy", "timestamp": 1765669583267}, {"id": "786377594", "price": 897.62, "amount": 0.01, "side": "buy", "timestamp": 1765669583418}, {"id": "786377595", "price": 897.62, "amount": 0.01, "side": "buy", "timestamp": 1765669583948}, {"id": "786377596", "price": 897.62, "amount": 0.18, "side": "buy", "timestamp": 1765669585664}, {"id": "786377597", "price": 897.61, "amount": 0.1, "side": "sell", "timestamp": 1765669586341}, {"id": "786377598", "price": 897.61, "amount": 0.01, "side": "sell", "timestamp": 1765669587006}, {"id": "786377599", "price": 897.61, "amount": 0.01, "side": "sell", "timestamp": 1765669587429}, {"id": "786377600", "price": 897.62, "amount": 0.04, "side": "buy", "timestamp": 1765669587593}, {"id": "786377601", "price": 897.61, "amount": 0.01, "side": "sell", "timestamp": 1765669587983}, {"id": "786377602", "price": 897.61, "amount": 0.01, "side": "sell", "timestamp": 1765669588257}, {"id": "786377603", "price": 897.62, "amount": 0.11, "side": "buy", "timestamp": 1765669589144}, {"id": "786377604", "price": 897.61, "amount": 0.01, "side": "sell", "timestamp": 1765669589256}, {"id": "786377605", "price": 897.62, "amount": 0.01, "side": "buy", "timestamp": 1765669590495}, {"id": "786377653", "price": 897.64, "amount": 0.39, "side": "sell", "timestamp": 1765669620718}, {"id": "786377654", "price": 897.65, "amount": 0.24, "side": "buy", "timestamp": 1765669620732}, {"id": "786377655", "price": 897.65, "amount": 0.47, "side": "sell", "timestamp": 1765669620740}, {"id": "786377656", "price": 897.66, "amount": 0.01, "side": "buy", "timestamp": 1765669620757}, {"id": "786377657", "price": 897.67, "amount": 0.09, "side": "buy", "timestamp": 1765669620757}, {"id": "786377658", "price": 897.67, "amount": 0.12, "side": "sell", "timestamp": 1765669621196}, {"id": "786377659", "price": 897.67, "amount": 0.02, "side": "sell", "timestamp": 1765669621428}, {"id": "786377660", "price": 897.68, "amount": 0.85, "side": "buy", "timestamp": 1765669623218}, {"id": "786377661", "price": 897.68, "amount": 0.01, "side": "buy", "timestamp": 1765669623357}, {"id": "786377662", "price": 897.67, "amount": 0.85, "side": "sell", "timestamp": 1765669623742}, {"id": "786377663", "price": 897.68, "amount": 0.01, "side": "buy", "timestamp": 1765669624972}, {"id": "786377664", "price": 897.67, "amount": 0.01, "side": "sell", "timestamp": 1765669627246}, {"id": "786377665", "price": 897.68, "amount": 0.35, "side": "buy", "timestamp": 1765669627375}, {"id": "786377666", "price": 897.68, "amount": 0.07, "side": "buy", "timestamp": 1765669627998}, {"id": "786377667", "price": 897.68, "amount": 0.02, "side": "buy", "timestamp": 1765669628133}, {"id": "786377668", "price": 897.67, "amount": 20.34, "side": "sell", "timestamp": 1765669628438}, {"id": "786377669", "price": 897.66, "amount": 0.23, "side": "sell", "timestamp": 1765669628442}, {"id": "786377670", "price": 897.64, "amount": 0.02, "side": "sell", "timestamp": 1765669628442}, {"id": "786377671", "price": 897.63, "amount": 0.34, "side": "sell", "timestamp": 1765669628442}, {"id": "786377672", "price": 897.61, "amount": 0.02, "side": "sell", "timestamp": 1765669628442}, {"id": "786377673", "price": 897.6, "amount": 3.4, "side": "sell", "timestamp": 1765669628442}, {"id": "786377674", "price": 897.59, "amount": 12.84, "side": "sell", "timestamp": 1765669628445}, {"id": "786377675", "price": 897.57, "amount": 0.08, "side": "sell", "timestamp": 1765669628471}, {"id": "786377676", "price": 897.55, "amount": 0.04, "side": "sell", "timestamp": 1765669628491}, {"id": "786377677", "price": 897.54, "amount": 0.04, "side": "sell", "timestamp": 1765669628657}, {"id": "786377678", "price": 897.53, "amount": 0.58, "side": "sell", "timestamp": 1765669628657}, {"id": "786377679", "price": 897.52, "amount": 0.63, "side": "sell", "timestamp": 1765669628833}, {"id": "786377680", "price": 897.52, "amount": 0.26, "side": "sell", "timestamp": 1765669632058}, {"id": "786377681", "price": 897.52, "amount": 0.03, "side": "sell", "timestamp": 1765669632371}, {"id": "786377682", "price": 897.53, "amount": 0.01, "side": "buy", "timestamp": 1765669632408}, {"id": "786377683", "price": 897.52, "amount": 0.1, "side": "sell", "timestamp": 1765669632537}, {"id": "786377684", "price": 897.53, "amount": 0.01, "side": "buy", "timestamp": 1765669633291}, {"id": "786377685", "price": 897.52, "amount": 15.04, "side": "sell", "timestamp": 1765669634185}, {"id": "786377686", "price": 897.51, "amount": 0.05, "side": "sell", "timestamp": 1765669634185}, {"id": "786377687", "price": 897.5, "amount": 0.03, "side": "sell", "timestamp": 1765669634185}, {"id": "786377688", "price": 897.49, "amount": 0.04, "side": "sell", "timestamp": 1765669634185}, {"id": "786377689", "price": 897.48, "amount": 1.26, "side": "sell", "timestamp": 1765669634185}, {"id": "786377690", "price": 897.47, "amount": 5.52, "side": "sell", "timestamp": 1765669634185}, {"id": "786377691", "price": 897.46, "amount": 4.33, "side": "sell", "timestamp": 1765669634185}, {"id": "786377692", "price": 897.45, "amount": 3.02, "side": "sell", "timestamp": 1765669634185}, {"id": "786377693", "price": 897.44, "amount": 6.93, "side": "sell", "timestamp": 1765669634185}, {"id": "786377694", "price": 897.43, "amount": 1.63, "side": "sell", "timestamp": 1765669634185}, {"id": "786377695", "price": 897.43, "amount": 0.01, "side": "sell", "timestamp": 1765669635074}, {"id": "786377696", "price": 897.43, "amount": 0.3, "side": "sell", "timestamp": 1765669637688}, {"id": "786377697", "price": 897.44, "amount": 0.08, "side": "buy", "timestamp": 1765669637986}, {"id": "786377698", "price": 897.44, "amount": 0.01, "side": "buy", "timestamp": 1765669638769}, {"id": "786377699", "price": 897.44, "amount": 0.04, "side": "buy", "timestamp": 1765669639964}, {"id": "786377700", "price": 897.44, "amount": 0.49, "side": "buy", "timestamp": 1765669640728}, {"id": "786377701", "price": 897.43, "amount": 2.11, "side": "sell", "timestamp": 1765669641495}, {"id": "786377702", "price": 897.42, "amount": 0.02, "side": "sell", "timestamp": 1765669641496}, {"id": "786377741", "price": 897.25, "amount": 0.06, "side": "buy", "timestamp": 1765669666228}, {"id": "786377742", "price": 897.25, "amount": 0.01, "side": "buy", "timestamp": 1765669666409}, {"id": "786377743", "price": 897.25, "amount": 0.01, "side": "buy", "timestamp": 1765669666889}, {"id": "786377744", "price": 897.24, "amount": 29.06, "side": "sell", "timestamp": 1765669667064}, {"id": "786377745", "price": 897.25, "amount": 0.08, "side": "buy", "timestamp": 1765669667854}, {"id": "786377746", "price": 897.24, "amount": 0.05, "side": "sell", "timestamp": 1765669668137}, {"id": "786377747", "price": 897.25, "amount": 0.02, "side": "buy", "timestamp": 1765669668781}, {"id": "786377748", "price": 897.25, "amount": 0.02, "side": "buy", "timestamp": 1765669669025}, {"id": "786377749", "price": 897.24, "amount": 0.36, "side": "sell", "timestamp": 1765669669420}, {"id": "786377750", "price": 897.25, "amount": 13.95, "side": "buy", "timestamp": 1765669670200}, {"id": "786377751", "price": 897.26, "amount": 0.04, "side": "buy", "timestamp": 1765669670206}, {"id": "786377752", "price": 897.27, "amount": 1.25, "side": "buy", "timestamp": 1765669670209}, {"id": "786377753", "price": 897.28, "amount": 0.31, "side": "buy", "timestamp": 1765669670209}, {"id": "786377754", "price": 897.29, "amount": 0.01, "side": "buy", "timestamp": 1765669670210}, {"id": "786377755", "price": 897.3, "amount": 0.01, "side": "buy", "timestamp": 1765669670210}, {"id": "786377756", "price": 897.33, "amount": 1.18, "side": "buy", "timestamp": 1765669670215}, {"id": "786377757", "price": 897.34, "amount": 1.51, "side": "buy", "timestamp": 1765669670319}, {"id": "786377758", "price": 897.36, "amount": 8.36, "side": "buy", "timestamp": 1765669670424}, {"id": "786377759", "price": 897.36, "amount": 0.03, "side": "buy", "timestamp": 1765669672887}, {"id": "786377760", "price": 897.35, "amount": 0.01, "side": "sell", "timestamp": 1765669673514}, {"id": "786377761", "price": 897.36, "amount": 0.03, "side": "buy", "timestamp": 1765669673644}, {"id": "786377762", "price": 897.37, "amount": 0.01, "side": "buy", "timestamp": 1765669673644}, {"id": "786377763", "price": 897.38, "amount": 0.07, "side": "buy", "timestamp": 1765669673644}, {"id": "786377764", "price": 897.39, "amount": 0.13, "side": "buy", "timestamp": 1765669673644}, {"id": "786377765", "price": 897.39, "amount": 0.01, "side": "buy", "timestamp": 1765669676518}, {"id": "786377766", "price": 897.38, "amount": 0.39, "side": "sell", "timestamp": 1765669677880}, {"id": "786377767", "price": 897.38, "amount": 0.01, "side": "sell", "timestamp": 1765669679666}, {"id": "786377768", "price": 897.38, "amount": 0.03, "side": "sell", "timestamp": 1765669680689}, {"id": "786377769", "price": 897.39, "amount": 0.04, "side": "buy", "timestamp": 1765669680736}, {"id": "786377770", "price": 897.38, "amount": 0.04, "side": "sell", "timestamp": 1765669680855}, {"id": "786377771", "price": 897.39, "amount": 0.09, "side": "buy", "timestamp": 1765669681074}, {"id": "786377772", "price": 897.38, "amount": 0.02, "side": "sell", "timestamp": 1765669681088}, {"id": "786377773", "price": 897.38, "amount": 2.0, "side": "sell", "timestamp": 1765669682219}, {"id": "786377774", "price": 897.38, "amount": 4.19, "side": "sell", "timestamp": 1765669682749}, {"id": "786377775", "price": 897.39, "amount": 0.03, "side": "buy", "timestamp": 1765669683011}, {"id": "786377776", "price": 897.39, "amount": 0.01, "side": "buy", "timestamp": 1765669683850}, {"id": "786377777", "price": 897.38, "amount": 0.01, "side": "sell", "timestamp": 1765669684526}, {"id": "786377778", "price": 897.38, "amount": 0.11, "side": "sell", "timestamp": 1765669685029}, {"id": "786377779", "price": 897.39, "amount": 0.02, "side": "buy", "timestamp": 1765669685546}, {"id": "786377780", "price": 897.39, "amount": 0.01, "side": "buy", "timestamp": 1765669685898}, {"id": "786377781", "price": 897.39, "amount": 0.25, "side": "buy", "timestamp": 1765669686891}, {"id": "786377782", "price": 897.39, "amount": 0.41, "side": "buy", "timestamp": 1765669687754}, {"id": "786377783", "price": 897.38, "amount": 0.01, "side": "sell", "timestamp": 1765669687783}, {"id": "786377784", "price": 897.38, "amount": 0.56, "side": "sell", "timestamp": 1765669688045}, {"id": "786377785", "price": 897.38, "amount": 0.02, "side": "sell", "timestamp": 1765669689532}, {"id": "786377786", "price": 897.39, "amount": 0.01, "side": "buy", "timestamp": 1765669691419}, {"id": "786377787", "price": 897.39, "amount": 0.1, "side": "buy", "timestamp": 1765669691823}, {"id": "786377788", "price": 897.39, "amount": 0.02, "side": "buy", "timestamp": 1765669692549}, {"id": "786377789", "price": 897.39, "amount": 0.02, "side": "buy", "timestamp": 1765669694047}, {"id": "786377790", "price": 897.38, "amount": 0.02, "side": "sell", "timestamp": 1765669694263}, {"id": "786377801", "price": 897.36, "amount": 0.27, "side": "sell", "timestamp": 1765669703996}, {"id": "786377802", "price": 897.35, "amount": 0.02, "side": "sell", "timestamp": 1765669704000}, {"id": "786377803", "price": 897.34, "amount": 0.39, "side": "sell", "timestamp": 1765669706023}, {"id": "786377804", "price": 897.34, "amount": 0.03, "side": "sell", "timestamp": 1765669707423}, {"id": "786377805", "price": 897.35, "amount": 0.01, "side": "buy", "timestamp": 1765669708341}, {"id": "786377806", "price": 897.35, "amount": 0.01, "side": "buy", "timestamp": 1765669710274}, {"id": "786377807", "price": 897.35, "amount": 0.08, "side": "buy", "timestamp": 1765669710386}, {"id": "786377808", "price": 897.34, "amount": 0.01, "side": "sell", "timestamp": 1765669712118}, {"id": "786377809", "price": 897.34, "amount": 0.21, "side": "sell", "timestamp": 1765669713445}, {"id": "786377810", "price": 897.35, "amount": 0.02, "side": "buy", "timestamp": 1765669714736}, {"id": "786377811", "price": 897.34, "amount": 0.07, "side": "sell", "timestamp": 1765669714767}, {"id": "786377812", "price": 897.34, "amount": 0.26, "side": "sell", "timestamp": 1765669715195}, {"id": "786377813", "price": 897.34, "amount": 0.01, "side": "sell", "timestamp": 1765669715666}, {"id": "786377814", "price": 897.35, "amount": 0.01, "side": "buy", "timestamp": 1765669715789}, {"id": "786377815", "price": 897.35, "amount": 0.37, "side": "buy", "timestamp": 1765669719627}, {"id": "786377816", "price": 897.35, "amount": 0.12, "side": "buy", "timestamp": 1765669720304}, {"id": "786377817", "price": 897.34, "amount": 0.5, "side": "sell", "timestamp": 1765669720489}, {"id": "786377818", "price": 897.35, "amount": 0.01, "side": "buy", "timestamp": 1765669722923}, {"id": "786377819", "price": 897.34, "amount": 0.02, "side": "sell", "timestamp": 1765669723396}, {"id": "786377820", "price": 897.34, "amount": 0.02, "side": "sell", "timestamp": 1765669724923}, {"id": "786377821", "price": 897.35, "amount": 0.03, "side": "buy", "timestamp": 1765669726422}, {"id": "786377822", "price": 897.35, "amount": 0.08, "side": "buy", "timestamp": 1765669727446}, {"id": "786377823", "price": 897.35, "amount": 0.01, "side": "buy", "timestamp": 1765669727901}, {"id": "786377824", "price": 897.34, "amount": 0.75, "side": "sell", "timestamp": 1765669728947}, {"id": "786377825", "price": 897.34, "amount": 0.02, "side": "sell", "timestamp": 1765669729356}, {"id": "786377826", "price": 897.35, "amount": 0.75, "side": "buy", "timestamp": 1765669732681}, {"id": "786377827", "price": 897.35, "amount": 0.57, "side": "buy", "timestamp": 1765669732888}, {"id": "786377828", "price": 897.34, "amount": 0.02, "side": "sell", "timestamp": 1765669733717}, {"id": "786377829", "price": 897.34, "amount": 0.18, "side": "sell", "timestamp": 1765669734374}, {"id": "786377830", "price": 897.35, "amount": 0.19, "side": "buy", "timestamp": 1765669735247}, {"id": "786377831", "price": 897.34, "amount": 0.01, "side": "sell", "timestamp": 1765669736462}, {"id": "786377832", "price": 897.34, "amount": 0.02, "side": "sell", "timestamp": 1765669736740}, {"id": "786377833", "price": 897.35, "amount": 0.23, "side": "buy", "timestamp": 1765669736790}, {"id": "786377834", "price": 897.34, "amount": 0.32, "side": "sell", "timestamp": 1765669737600}, {"id": "786377835", "price": 897.34, "amount": 0.03, "side": "sell", "timestamp": 1765669739902}, {"id": "786377836", "price": 897.35, "amount": 0.06, "side": "buy", "timestamp": 1765669740558}, {"id": "786377837", "price": 897.34, "amount": 0.03, "side": "sell", "timestamp": 1765669741214}, {"id": "786377838", "price": 897.34, "amount": 0.02, "side": "sell", "timestamp": 1765669741644}, {"id": "786377839", "price": 897.34, "amount": 0.05, "side": "sell", "timestamp": 1765669741987}, {"id": "786377840", "price": 897.35, "amount": 0.02, "side": "buy", "timestamp": 1765669743197}, {"id": "786377841", "price": 897.34, "amount": 0.39, "side": "sell", "timestamp": 1765669743373}, {"id": "786377842", "price": 897.34, "amount": 0.78, "side": "sell", "timestamp": 1765669744213}, {"id": "786377843", "price": 897.35, "amount": 0.01, "side": "buy", "timestamp": 1765669744596}, {"id": "786377844", "price": 897.35, "amount": 0.08, "side": "buy", "timestamp": 1765669745008}, {"id": "786377845", "price": 897.34, "amount": 0.28, "side": "sell", "timestamp": 1765669745137}, {"id": "786377846", "price": 897.34, "amount": 0.05, "side": "sell", "timestamp": 1765669745286}, {"id": "786377847", "price": 897.34, "amount": 1.0, "side": "sell", "timestamp": 1765669746122}, {"id": "786377848", "price": 897.35, "amount": 2.1, "side": "buy", "timestamp": 1765669746590}, {"id": "786377849", "price": 897.35, "amount": 8.31, "side": "buy", "timestamp": 1765669749168}, {"id": "786377850", "price": 897.35, "amount": 4.42, "side": "buy", "timestamp": 1765669749443}, {"id": "786377882", "price": 897.31, "amount": 0.04, "side": "sell", "timestamp": 1765669786540}, {"id": "786377883", "price": 897.32, "amount": 0.09, "side": "buy", "timestamp": 1765669787121}, {"id": "786377884", "price": 897.31, "amount": 0.01, "side": "sell", "timestamp": 1765669787658}, {"id": "786377885", "price": 897.32, "amount": 0.01, "side": "buy", "timestamp": 1765669787920}, {"id": "786377886", "price": 897.32, "amount": 13.28, "side": "buy", "timestamp": 1765669788245}, {"id": "786377887", "price": 897.33, "amount": 0.03, "side": "buy", "timestamp": 1765669788245}, {"id": "786377888", "price": 897.34, "amount": 11.11, "side": "buy", "timestamp": 1765669788245}, {"id": "786377889", "price": 897.35, "amount": 7.54, "side": "buy", "timestamp": 1765669788245}, {"id": "786377890", "price": 897.36, "amount": 0.09, "side": "buy", "timestamp": 1765669788245}, {"id": "786377891", "price": 897.38, "amount": 1.14, "side": "buy", "timestamp": 1765669788245}, {"id": "786377892", "price": 897.39, "amount": 0.06, "side": "buy", "timestamp": 1765669788245}, {"id": "786377893", "price": 897.4, "amount": 2.61, "side": "buy", "timestamp": 1765669788245}, {"id": "786377894", "price": 897.41, "amount": 0.28, "side": "buy", "timestamp": 1765669788245}, {"id": "786377895", "price": 897.42, "amount": 1.26, "side": "buy", "timestamp": 1765669788245}, {"id": "786377896", "price": 897.43, "amount": 0.19, "side": "buy", "timestamp": 1765669788245}, {"id": "786377897", "price": 897.44, "amount": 1.15, "side": "buy", "timestamp": 1765669788245}, {"id": "786377898", "price": 897.43, "amount": 0.05, "side": "sell", "timestamp": 1765669788730}, {"id": "786377899", "price": 897.43, "amount": 0.44, "side": "sell", "timestamp": 1765669789200}, {"id": "786377900", "price": 897.43, "amount": 30.24, "side": "sell", "timestamp": 1765669789730}, {"id": "786377901", "price": 897.42, "amount": 3.88, "side": "sell", "timestamp": 1765669789735}, {"id": "786377902", "price": 897.41, "amount": 0.12, "side": "sell", "timestamp": 1765669789737}, {"id": "786377903", "price": 897.4, "amount": 0.78, "side": "sell", "timestamp": 1765669789737}, {"id": "786377904", "price": 897.43, "amount": 0.02, "side": "sell", "timestamp": 1765669789771}, {"id": "786377905", "price": 897.43, "amount": 0.99, "side": "sell", "timestamp": 1765669789915}, {"id": "786377906", "price": 897.4, "amount": 0.02, "side": "sell", "timestamp": 1765669789915}, {"id": "786377907", "price": 897.39, "amount": 0.02, "side": "sell", "timestamp": 1765669789915}, {"id": "786377908", "price": 897.37, "amount": 1.15, "side": "sell", "timestamp": 1765669789915}, {"id": "786377909", "price": 897.36, "amount": 0.01, "side": "sell", "timestamp": 1765669789915}, {"id": "786377910", "price": 897.35, "amount": 1.82, "side": "sell", "timestamp": 1765669789915}, {"id": "786377911", "price": 897.35, "amount": 0.03, "side": "sell", "timestamp": 1765669792565}, {"id": "786377912", "price": 897.35, "amount": 0.04, "side": "sell", "timestamp": 1765669793040}, {"id": "786377913", "price": 897.36, "amount": 0.06, "side": "buy", "timestamp": 1765669794809}, {"id": "786377914", "price": 897.35, "amount": 0.02, "side": "sell", "timestamp": 1765669795041}, {"id": "786377915", "price": 897.35, "amount": 0.48, "side": "sell", "timestamp": 1765669795218}, {"id": "786377916", "price": 897.36, "amount": 2.31, "side": "buy", "timestamp": 1765669795250}, {"id": "786377917", "price": 897.37, "amount": 0.02, "side": "buy", "timestamp": 1765669795301}, {"id": "786377918", "price": 897.39, "amount": 0.02, "side": "buy", "timestamp": 1765669795301}, {"id": "786377919", "price": 897.4, "amount": 0.02, "side": "buy", "timestamp": 1765669795450}, {"id": "786377920", "price": 897.39, "amount": 0.01, "side": "sell", "timestamp": 1765669796645}, {"id": "786377921", "price": 897.4, "amount": 1.37, "side": "buy", "timestamp": 1765669797779}, {"id": "786377922", "price": 897.4, "amount": 0.14, "side": "buy", "timestamp": 1765669798345}, {"id": "786377923", "price": 897.39, "amount": 0.73, "side": "sell", "timestamp": 1765669798688}, {"id": "786377924", "price": 897.4, "amount": 0.22, "side": "buy", "timestamp": 1765669800162}, {"id": "786377925", "price": 897.4, "amount": 0.01, "side": "buy", "timestamp": 1765669800620}, {"id": "786377926", "price": 897.39, "amount": 0.02, "side": "sell", "timestamp": 1765669801171}, {"id": "786377927", "price": 897.39, "amount": 0.09, "side": "sell", "timestamp": 1765669801581}, {"id": "786377928", "price": 897.39, "amount": 0.02, "side": "sell", "timestamp": 1765669801880}, {"id": "786377929", "price": 897.4, "amount": 0.02, "side": "buy", "timestamp": 1765669802381}, {"id": "786377930", "price": 897.39, "amount": 0.01, "side": "sell", "timestamp": 1765669803319}, {"id": "786377931", "price": 897.39, "amount": 0.03, "side": "sell", "timestamp": 1765669803482}, {"id": "786377957", "price": 897.63, "amount": 0.01, "side": "buy", "timestamp": 1765669810209}, {"id": "786377958", "price": 897.62, "amount": 0.09, "side": "sell", "timestamp": 1765669810972}, {"id": "786377959", "price": 897.62, "amount": 0.71, "side": "sell", "timestamp": 1765669813270}, {"id": "786377960", "price": 897.63, "amount": 0.01, "side": "buy", "timestamp": 1765669813484}, {"id": "786377961", "price": 897.63, "amount": 0.01, "side": "buy", "timestamp": 1765669813663}, {"id": "786377962", "price": 897.63, "amount": 0.01, "side": "buy", "timestamp": 1765669814072}, {"id": "786377963", "price": 897.62, "amount": 0.04, "side": "sell", "timestamp": 1765669814268}, {"id": "786377964", "price": 897.62, "amount": 0.08, "side": "sell", "timestamp": 1765669815651}, {"id": "786377965", "price": 897.62, "amount": 2.0, "side": "sell", "timestamp": 1765669815838}, {"id": "786377966", "price": 897.63, "amount": 1.67, "side": "buy", "timestamp": 1765669816116}, {"id": "786377967", "price": 897.63, "amount": 0.08, "side": "buy", "timestamp": 1765669818780}, {"id": "786377968", "price": 897.63, "amount": 0.32, "side": "buy", "timestamp": 1765669819326}, {"id": "786377969", "price": 897.63, "amount": 0.04, "side": "buy", "timestamp": 1765669820620}, {"id": "786377970", "price": 897.63, "amount": 0.04, "side": "buy", "timestamp": 1765669822189}, {"id": "786377971", "price": 897.62, "amount": 4.23, "side": "sell", "timestamp": 1765669823656}, {"id": "786377972", "price": 897.62, "amount": 0.39, "side": "sell", "timestamp": 1765669824187}, {"id": "786377973", "price": 897.63, "amount": 0.04, "side": "buy", "timestamp": 1765669824392}, {"id": "786377974", "price": 897.63, "amount": 0.01, "side": "buy", "timestamp": 1765669825311}, {"id": "786377975", "price": 897.63, "amount": 0.45, "side": "buy", "timestamp": 1765669826923}, {"id": "786377976", "price": 897.62, "amount": 0.02, "side": "sell", "timestamp": 1765669827240}, {"id": "786377977", "price": 897.63, "amount": 0.02, "side": "buy", "timestamp": 1765669830356}, {"id": "786377978", "price": 897.63, "amount": 0.01, "side": "buy", "timestamp": 1765669830498}, {"id": "786377979", "price": 897.63, "amount": 0.08, "side": "buy", "timestamp": 1765669831177}, {"id": "786377980", "price": 897.62, "amount": 0.18, "side": "sell", "timestamp": 1765669831329}, {"id": "786377981", "price": 897.63, "amount": 0.01, "side": "buy", "timestamp": 1765669831335}, {"id": "786377982", "price": 897.63, "amount": 0.13, "side": "buy", "timestamp": 1765669831688}, {"id": "786377983", "price": 897.62, "amount": 0.13, "side": "sell", "timestamp": 1765669831998}, {"id": "786377984", "price": 897.63, "amount": 0.01, "side": "buy", "timestamp": 1765669833376}, {"id": "786377985", "price": 897.63, "amount": 0.02, "side": "buy", "timestamp": 1765669834167}, {"id": "786377986", "price": 897.62, "amount": 1.11, "side": "sell", "timestamp": 1765669834607}, {"id": "786377987", "price": 897.63, "amount": 0.04, "side": "buy", "timestamp": 1765669836566}, {"id": "786377988", "price": 897.62, "amount": 0.02, "side": "sell", "timestamp": 1765669836635}, {"id": "786377989", "price": 897.63, "amount": 0.01, "side": "buy", "timestamp": 1765669837466}, {"id": "786377990", "price": 897.63, "amount": 0.01, "side": "buy", "timestamp": 1765669837650}, {"id": "786377991", "price": 897.62, "amount": 0.09, "side": "sell", "timestamp": 1765669837836}, {"id": "786377992", "price": 897.63, "amount": 0.01, "side": "buy", "timestamp": 1765669840313}, {"id": "786377993", "price": 897.62, "amount": 0.17, "side": "sell", "timestamp": 1765669841593}, {"id": "786377994", "price": 897.63, "amount": 15.17, "side": "buy", "timestamp": 1765669841802}, {"id": "786377995", "price": 897.63, "amount": 1.15, "side": "buy", "timestamp": 1765669844537}, {"id": "786377996", "price": 897.63, "amount": 0.01, "side": "buy", "timestamp": 1765669846370}, {"id": "786377997", "price": 897.62, "amount": 0.02, "side": "sell", "timestamp": 1765669846386}, {"id": "786377998", "price": 897.63, "amount": 0.03, "side": "buy", "timestamp": 1765669846822}, {"id": "786377999", "price": 897.63, "amount": 0.09, "side": "buy", "timestamp": 1765669846925}, {"id": "786378000", "price": 897.62, "amount": 0.01, "side": "sell", "timestamp": 1765669847391}, {"id": "786378001", "price": 897.63, "amount": 0.71, "side": "buy", "timestamp": 1765669847886}, {"id": "786378002", "price": 897.62, "amount": 0.03, "side": "sell", "timestamp": 1765669849633}, {"id": "786378003", "price": 897.63, "amount": 0.01, "side": "buy", "timestamp": 1765669850254}, {"id": "786378004", "price": 897.63, "amount": 0.01, "side": "buy", "timestamp": 1765669851693}, {"id": "786378005", "price": 897.62, "amount": 0.01, "side": "sell", "timestamp": 1765669856555}, {"id": "786378006", "price": 897.62, "amount": 0.22, "side": "sell", "timestamp": 1765669856971}, {"id": "786378094", "price": 897.97, "amount": 8.85, "side": "buy", "timestamp": 1765669880463}, {"id": "786378095", "price": 897.96, "amount": 0.24, "side": "sell", "timestamp": 1765669881112}, {"id": "786378096", "price": 897.97, "amount": 0.02, "side": "buy", "timestamp": 1765669882109}, {"id": "786378097", "price": 897.97, "amount": 2.0, "side": "buy", "timestamp": 1765669882685}, {"id": "786378098", "price": 897.96, "amount": 0.03, "side": "sell", "timestamp": 1765669883189}, {"id": "786378099", "price": 897.97, "amount": 10.01, "side": "buy", "timestamp": 1765669885042}, {"id": "786378100", "price": 897.97, "amount": 2.04, "side": "buy", "timestamp": 1765669885313}, {"id": "786378101", "price": 897.97, "amount": 1.19, "side": "buy", "timestamp": 1765669885545}, {"id": "786378102", "price": 897.97, "amount": 0.02, "side": "buy", "timestamp": 1765669885883}, {"id": "786378103", "price": 897.97, "amount": 0.01, "side": "buy", "timestamp": 1765669887214}, {"id": "786378104", "price": 897.96, "amount": 1.0, "side": "sell", "timestamp": 1765669887617}, {"id": "786378105", "price": 897.97, "amount": 0.01, "side": "buy", "timestamp": 1765669888206}, {"id": "786378106", "price": 897.96, "amount": 0.01, "side": "sell", "timestamp": 1765669889343}, {"id": "786378107", "price": 897.96, "amount": 0.13, "side": "sell", "timestamp": 1765669890521}, {"id": "786378108", "price": 897.96, "amount": 0.02, "side": "sell", "timestamp": 1765669890700}, {"id": "786378109", "price": 897.97, "amount": 0.07, "side": "buy", "timestamp": 1765669891614}, {"id": "786378110", "price": 897.96, "amount": 15.73, "side": "sell", "timestamp": 1765669892707}, {"id": "786378111", "price": 897.95, "amount": 0.02, "side": "sell", "timestamp": 1765669892744}, {"id": "786378112", "price": 897.94, "amount": 0.18, "side": "sell", "timestamp": 1765669892744}, {"id": "786378113", "price": 897.92, "amount": 0.08, "side": "sell", "timestamp": 1765669892744}, {"id": "786378114", "price": 897.91, "amount": 0.02, "side": "sell", "timestamp": 1765669892755}, {"id": "786378115", "price": 897.91, "amount": 0.24, "side": "buy", "timestamp": 1765669892789}, {"id": "786378116", "price": 897.9, "amount": 0.03, "side": "sell", "timestamp": 1765669892789}, {"id": "786378117", "price": 897.89, "amount": 0.02, "side": "sell", "timestamp": 1765669893042}, {"id": "786378118", "price": 897.9, "amount": 0.08, "side": "buy", "timestamp": 1765669893850}, {"id": "786378119", "price": 897.9, "amount": 0.02, "side": "buy", "timestamp": 1765669894489}, {"id": "786378120", "price": 897.89, "amount": 0.01, "side": "sell", "timestamp": 1765669895364}, {"id": "786378121", "price": 897.89, "amount": 4.79, "side": "sell", "timestamp": 1765669895672}, {"id": "786378122", "price": 897.89, "amount": 3.76, "side": "sell", "timestamp": 1765669896727}, {"id": "786378123", "price": 897.89, "amount": 0.03, "side": "sell", "timestamp": 1765669896982}, {"id": "786378124", "price": 897.9, "amount": 0.02, "side": "buy", "timestamp": 1765669897308}, {"id": "786378125", "price": 897.9, "amount": 0.01, "side": "buy", "timestamp": 1765669897457}, {"id": "786378126", "price": 897.89, "amount": 0.1, "side": "sell", "timestamp": 1765669897549}, {"id": "786378127", "price": 897.89, "amount": 4.07, "side": "sell", "timestamp": 1765669897727}, {"id": "786378128", "price": 897.89, "amount": 0.92, "side": "sell", "timestamp": 1765669898825}, {"id": "786378129", "price": 897.89, "amount": 0.43, "side": "sell", "timestamp": 1765669899570}, {"id": "786378130", "price": 897.9, "amount": 15.21, "side": "buy", "timestamp": 1765669901141}, {"id": "786378131", "price": 897.89, "amount": 0.1, "side": "sell", "timestamp": 1765669901297}, {"id": "786378132", "price": 897.89, "amount": 0.1, "side": "sell", "timestamp": 1765669901408}, {"id": "786378133", "price": 897.89, "amount": 0.1, "side": "sell", "timestamp": 1765669902345}, {"id": "786378134", "price": 897.89, "amount": 0.1, "side": "sell", "timestamp": 1765669902475}, {"id": "786378135", "price": 897.9, "amount": 0.01, "side": "buy", "timestamp": 1765669904379}, {"id": "786378136", "price": 897.89, "amount": 0.05, "side": "sell", "timestamp": 1765669904817}, {"id": "786378137", "price": 897.89, "amount": 0.02, "side": "sell", "timestamp": 1765669905539}, {"id": "786378138", "price": 897.89, "amount": 0.05, "side": "sell", "timestamp": 1765669905998}, {"id": "786378139", "price": 897.89, "amount": 0.04, "side": "sell", "timestamp": 1765669906982}, {"id": "786378140", "price": 897.89, "amount": 0.1, "side": "sell", "timestamp": 1765669907179}, {"id": "786378141", "price": 897.89, "amount": 0.2, "side": "sell", "timestamp": 1765669907577}, {"id": "786378142", "price": 897.9, "amount": 0.01, "side": "buy", "timestamp": 1765669907724}, {"id": "786378143", "price": 897.89, "amount": 0.1, "side": "sell", "timestamp": 1765669909036}, {"id": "786378174", "price": 897.89, "amount": 0.02, "side": "sell", "timestamp": 1765669925107}, {"id": "786378175", "price": 897.89, "amount": 0.91, "side": "sell", "timestamp": 1765669928894}, {"id": "786378176", "price": 897.89, "amount": 23.94, "side": "sell", "timestamp": 1765669931659}, {"id": "786378177", "price": 897.88, "amount": 0.42, "side": "sell", "timestamp": 1765669932760}, {"id": "786378178", "price": 897.87, "amount": 0.21, "side": "sell", "timestamp": 1765669932763}, {"id": "786378179", "price": 897.88, "amount": 0.02, "side": "buy", "timestamp": 1765669933233}, {"id": "786378180", "price": 897.88, "amount": 0.01, "side": "buy", "timestamp": 1765669934063}, {"id": "786378181", "price": 897.87, "amount": 0.47, "side": "sell", "timestamp": 1765669934334}, {"id": "786378182", "price": 897.88, "amount": 0.02, "side": "buy", "timestamp": 1765669935014}, {"id": "786378183", "price": 897.88, "amount": 0.09, "side": "buy", "timestamp": 1765669935544}, {"id": "786378184", "price": 897.87, "amount": 0.22, "side": "sell", "timestamp": 1765669937166}, {"id": "786378185", "price": 897.88, "amount": 0.34, "side": "buy", "timestamp": 1765669939788}, {"id": "786378186", "price": 897.87, "amount": 0.47, "side": "sell", "timestamp": 1765669940795}, {"id": "786378187", "price": 897.87, "amount": 2.75, "side": "sell", "timestamp": 1765669942024}, {"id": "786378188", "price": 897.86, "amount": 0.19, "side": "sell", "timestamp": 1765669942024}, {"id": "786378189", "price": 897.85, "amount": 0.34, "side": "sell", "timestamp": 1765669942024}, {"id": "786378190", "price": 897.84, "amount": 0.03, "side": "sell", "timestamp": 1765669942024}, {"id": "786378191", "price": 897.83, "amount": 2.66, "side": "sell", "timestamp": 1765669942024}, {"id": "786378192", "price": 897.83, "amount": 0.04, "side": "sell", "timestamp": 1765669942271}, {"id": "786378193", "price": 897.83, "amount": 0.01, "side": "buy", "timestamp": 1765669942847}, {"id": "786378194", "price": 897.82, "amount": 0.02, "side": "sell", "timestamp": 1765669942910}, {"id": "786378195", "price": 897.83, "amount": 0.22, "side": "buy", "timestamp": 1765669943676}, {"id": "786378196", "price": 897.82, "amount": 0.33, "side": "sell", "timestamp": 1765669944376}, {"id": "786378197", "price": 897.81, "amount": 0.19, "side": "sell", "timestamp": 1765669944379}, {"id": "786378198", "price": 897.8, "amount": 0.04, "side": "sell", "timestamp": 1765669944382}, {"id": "786378199", "price": 897.79, "amount": 0.01, "side": "sell", "timestamp": 1765669944387}, {"id": "786378200", "price": 897.78, "amount": 0.03, "side": "sell", "timestamp": 1765669944390}, {"id": "786378201", "price": 897.77, "amount": 0.06, "side": "sell", "timestamp": 1765669944393}, {"id": "786378202", "price": 897.75, "amount": 0.25, "side": "sell", "timestamp": 1765669944447}, {"id": "786378203", "price": 897.75, "amount": 0.01, "side": "buy", "timestamp": 1765669946805}, {"id": "786378204", "price": 897.74, "amount": 0.33, "side": "sell", "timestamp": 1765669947393}, {"id": "786378205", "price": 897.75, "amount": 0.23, "side": "buy", "timestamp": 1765669947479}, {"id": "786378206", "price": 897.75, "amount": 0.01, "side": "buy", "timestamp": 1765669947682}, {"id": "786378207", "price": 897.75, "amount": 0.01, "side": "buy", "timestamp": 1765669948327}, {"id": "786378208", "price": 897.75, "amount": 12.55, "side": "buy", "timestamp": 1765669950192}, {"id": "786378209", "price": 897.74, "amount": 0.09, "side": "sell", "timestamp": 1765669950564}, {"id": "786378210", "price": 897.75, "amount": 0.09, "side": "buy", "timestamp": 1765669950934}, {"id": "786378211", "price": 897.75, "amount": 0.02, "side": "buy", "timestamp": 1765669951486}, {"id": "786378212", "price": 897.74, "amount": 0.07, "side": "sell", "timestamp": 1765669953901}, {"id": "786378213", "price": 897.75, "amount": 0.01, "side": "buy", "timestamp": 1765669954056}, {"id": "786378214", "price": 897.75, "amount": 8.27, "side": "buy", "timestamp": 1765669954242}, {"id": "786378215", "price": 897.74, "amount": 0.26, "side": "sell", "timestamp": 1765669955387}, {"id": "786378216", "price": 897.74, "amount": 0.46, "side": "sell", "timestamp": 1765669958324}, {"id": "786378217", "price": 897.75, "amount": 0.01, "side": "buy", "timestamp": 1765669958894}, {"id": "786378218", "price": 897.75, "amount": 0.03, "side": "buy", "timestamp": 1765669959246}, {"id": "786378219", "price": 897.75, "amount": 0.04, "side": "buy", "timestamp": 1765669960202}, {"id": "786378220", "price": 897.74, "amount": 5.7, "side": "sell", "timestamp": 1765669960441}, {"id": "786378221", "price": 897.75, "amount": 0.02, "side": "buy", "timestamp": 1765669962035}, {"id": "786378222", "price": 897.75, "amount": 0.03, "side": "buy", "timestamp": 1765669962865}, {"id": "786378223", "price": 897.74, "amount": 0.18, "side": "sell", "timestamp": 1765669963602}, {"id": "786378237", "price": 897.75, "amount": 0.01, "side": "buy", "timestamp": 1765669973814}, {"id": "786378238", "price": 897.74, "amount": 2.34, "side": "sell", "timestamp": 1765669974819}, {"id": "786378239", "price": 897.74, "amount": 1.11, "side": "sell", "timestamp": 1765669975076}, {"id": "786378240", "price": 897.75, "amount": 0.01, "side": "buy", "timestamp": 1765669976006}, {"id": "786378241", "price": 897.75, "amount": 0.01, "side": "buy", "timestamp": 1765669978493}, {"id": "786378242", "price": 897.75, "amount": 0.01, "side": "buy", "timestamp": 1765669978850}, {"id": "786378243", "price": 897.74, "amount": 0.04, "side": "sell", "timestamp": 1765669980130}, {"id": "786378244", "price": 897.74, "amount": 0.09, "side": "sell", "timestamp": 1765669981289}, {"id": "786378245", "price": 897.75, "amount": 0.01, "side": "buy", "timestamp": 1765669981532}, {"id": "786378246", "price": 897.75, "amount": 0.1, "side": "buy", "timestamp": 1765669981841}, {"id": "786378247", "price": 897.75, "amount": 0.01, "side": "buy", "timestamp": 1765669982494}, {"id": "786378248", "price": 897.75, "amount": 10.0, "side": "buy", "timestamp": 1765669983133}, {"id": "786378249", "price": 897.75, "amount": 0.04, "side": "buy", "timestamp": 1765669984146}, {"id": "786378250", "price": 897.75, "amount": 0.01, "side": "buy", "timestamp": 1765669985093}, {"id": "786378251", "price": 897.75, "amount": 0.02, "side": "buy", "timestamp": 1765669985361}, {"id": "786378252", "price": 897.75, "amount": 0.1, "side": "buy", "timestamp": 1765669985718}, {"id": "786378253", "price": 897.74, "amount": 9.55, "side": "sell", "timestamp": 1765669986649}, {"id": "786378254", "price": 897.74, "amount": 0.21, "side": "sell", "timestamp": 1765669987633}, {"id": "786378255", "price": 897.75, "amount": 2.29, "side": "buy", "timestamp": 1765669988241}, {"id": "786378256", "price": 897.75, "amount": 0.01, "side": "buy", "timestamp": 1765669988488}, {"id": "786378257", "price": 897.74, "amount": 0.02, "side": "sell", "timestamp": 1765669989447}, {"id": "786378258", "price": 897.75, "amount": 0.16, "side": "buy", "timestamp": 1765669989624}, {"id": "786378259", "price": 897.75, "amount": 0.05, "side": "buy", "timestamp": 1765669989770}, {"id": "786378260", "price": 897.75, "amount": 0.03, "side": "buy", "timestamp": 1765669989947}, {"id": "786378261", "price": 897.75, "amount": 1.28, "side": "buy", "timestamp": 1765669990240}, {"id": "786378262", "price": 897.75, "amount": 3.34, "side": "buy", "timestamp": 1765669990597}, {"id": "786378263", "price": 897.75, "amount": 0.33, "side": "buy", "timestamp": 1765669990968}, {"id": "786378264", "price": 897.75, "amount": 7.72, "side": "buy", "timestamp": 1765669992271}, {"id": "786378265", "price": 897.75, "amount": 0.01, "side": "buy", "timestamp": 1765669994111}, {"id": "786378266", "price": 897.75, "amount": 0.11, "side": "buy", "timestamp": 1765669994218}, {"id": "786378267", "price": 897.74, "amount": 0.03, "side": "sell", "timestamp": 1765669994589}, {"id": "786378268", "price": 897.75, "amount": 0.08, "side": "buy", "timestamp": 1765669995641}, {"id": "786378269", "price": 897.75, "amount": 0.23, "side": "buy", "timestamp": 1765669996322}, {"id": "786378270", "price": 897.75, "amount": 0.01, "side": "buy", "timestamp": 1765669997797}, {"id": "786378271", "price": 897.75, "amount": 3.42, "side": "buy", "timestamp": 1765669999093}, {"id": "786378272", "price": 897.75, "amount": 0.01, "side": "buy", "timestamp": 1765669999431}, {"id": "786378273", "price": 897.74, "amount": 0.03, "side": "sell", "timestamp": 1765670001344}, {"id": "786378274", "price": 897.75, "amount": 0.01, "side": "buy", "timestamp": 1765670001519}, {"id": "786378275", "price": 897.74, "amount": 2.23, "side": "sell", "timestamp": 1765670001748}, {"id": "786378276", "price": 897.74, "amount": 0.12, "side": "sell", "timestamp": 1765670003322}, {"id": "786378277", "price": 897.74, "amount": 3.77, "side": "sell", "timestamp": 1765670003656}, {"id": "786378278", "price": 897.75, "amount": 0.07, "side": "buy", "timestamp": 1765670003812}, {"id": "786378279", "price": 897.74, "amount": 1.52, "side": "sell", "timestamp": 1765670004709}, {"id": "786378280", "price": 897.75, "amount": 0.07, "side": "buy", "timestamp": 1765670005021}, {"id": "786378281", "price": 897.75, "amount": 0.01, "side": "buy", "timestamp": 1765670008374}, {"id": "786378282", "price": 897.75, "amount": 0.01, "side": "buy", "timestamp": 1765670010354}, {"id": "786378283", "price": 897.75, "amount": 0.08, "side": "buy", "timestamp": 1765670010940}, {"id": "786378284", "price": 897.75, "amount": 0.01, "side": "buy", "timestamp": 1765670012342}, {"id": "786378285", "price": 897.74, "amount": 0.12, "side": "sell", "timestamp": 1765670013804}, {"id": "786378286", "price": 897.75, "amount": 0.02, "side": "buy", "timestamp": 1765670015191}, {"id": "786378307", "price": 897.58, "amount": 0.02, "side": "sell", "timestamp": 1765670022268}, {"id": "786378308", "price": 897.57, "amount": 0.14, "side": "sell", "timestamp": 1765670022268}, {"id": "786378309", "price": 897.57, "amount": 0.18, "side": "buy", "timestamp": 1765670022306}, {"id": "786378310", "price": 897.56, "amount": 0.02, "side": "sell", "timestamp": 1765670022587}, {"id": "786378311", "price": 897.55, "amount": 0.02, "side": "sell", "timestamp": 1765670022587}, {"id": "786378312", "price": 897.54, "amount": 0.08, "side": "sell", "timestamp": 1765670022587}, {"id": "786378313", "price": 897.53, "amount": 0.03, "side": "sell", "timestamp": 1765670022587}, {"id": "786378314", "price": 897.52, "amount": 0.59, "side": "sell", "timestamp": 1765670022587}, {"id": "786378315", "price": 897.53, "amount": 0.01, "side": "buy", "timestamp": 1765670022691}, {"id": "786378316", "price": 897.53, "amount": 0.01, "side": "buy", "timestamp": 1765670022912}, {"id": "786378317", "price": 897.53, "amount": 0.01, "side": "buy", "timestamp": 1765670023019}, {"id": "786378318", "price": 897.52, "amount": 1.16, "side": "sell", "timestamp": 1765670026683}, {"id": "786378319", "price": 897.53, "amount": 0.02, "side": "buy", "timestamp": 1765670026728}, {"id": "786378320", "price": 897.53, "amount": 0.01, "side": "buy", "timestamp": 1765670027932}, {"id": "786378321", "price": 897.53, "amount": 0.01, "side": "buy", "timestamp": 1765670028075}, {"id": "786378322", "price": 897.53, "amount": 0.08, "side": "buy", "timestamp": 1765670030273}, {"id": "786378323", "price": 897.52, "amount": 0.06, "side": "sell", "timestamp": 1765670031135}, {"id": "786378324", "price": 897.53, "amount": 0.01, "side": "buy", "timestamp": 1765670032008}, {"id": "786378325", "price": 897.53, "amount": 0.02, "side": "buy", "timestamp": 1765670034023}, {"id": "786378326", "price": 897.52, "amount": 0.72, "side": "sell", "timestamp": 1765670035655}, {"id": "786378327", "price": 897.53, "amount": 0.02, "side": "buy", "timestamp": 1765670035987}, {"id": "786378328", "price": 897.53, "amount": 0.01, "side": "buy", "timestamp": 1765670036370}, {"id": "786378329", "price": 897.52, "amount": 0.02, "side": "sell", "timestamp": 1765670038396}, {"id": "786378330", "price": 897.52, "amount": 0.02, "side": "sell", "timestamp": 1765670039660}, {"id": "786378331", "price": 897.52, "amount": 0.22, "side": "sell", "timestamp": 1765670042311}, {"id": "786378332", "price": 897.53, "amount": 0.09, "side": "buy", "timestamp": 1765670042926}, {"id": "786378333", "price": 897.53, "amount": 0.03, "side": "buy", "timestamp": 1765670043565}, {"id": "786378334", "price": 897.52, "amount": 1.03, "side": "sell", "timestamp": 1765670044362}, {"id": "786378335", "price": 897.53, "amount": 0.01, "side": "buy", "timestamp": 1765670044818}, {"id": "786378336", "price": 897.53, "amount": 0.01, "side": "buy", "timestamp": 1765670045273}, {"id": "786378337", "price": 897.52, "amount": 0.55, "side": "sell", "timestamp": 1765670046787}, {"id": "786378338", "price": 897.52, "amount": 0.02, "side": "sell", "timestamp": 1765670047740}, {"id": "786378339", "price": 897.53, "amount": 0.01, "side": "buy", "timestamp": 1765670050060}, {"id": "786378340", "price": 897.53, "amount": 0.01, "side": "buy", "timestamp": 1765670050195}, {"id": "786378341", "price": 897.52, "amount": 1.12, "side": "sell", "timestamp": 1765670050500}, {"id": "786378342", "price": 897.53, "amount": 2.0, "side": "buy", "timestamp": 1765670052939}, {"id": "786378343", "price": 897.52, "amount": 0.06, "side": "sell", "timestamp": 1765670057087}, {"id": "786378344", "price": 897.52, "amount": 0.02, "side": "sell", "timestamp": 1765670057850}, {"id": "786378345", "price": 897.53, "amount": 0.08, "side": "buy", "timestamp": 1765670058256}, {"id": "786378346", "price": 897.53, "amount": 18.97, "side": "buy", "timestamp": 1765670060199}, {"id": "786378347", "price": 897.54, "amount": 0.09, "side": "buy", "timestamp": 1765670060233}, {"id": "786378348", "price": 897.54, "amount": 0.02, "side": "sell", "timestamp": 1765670061299}, {"id": "786378349", "price": 897.54, "amount": 0.19, "side": "sell", "timestamp": 1765670062436}, {"id": "786378350", "price": 897.54, "amount": 0.19, "side": "sell", "timestamp": 1765670062824}, {"id": "786378351", "price": 897.54, "amount": 0.04, "side": "sell", "timestamp": 1765670063573}, {"id": "786378352", "price": 897.54, "amount": 0.05, "side": "sell", "timestamp": 1765670063830}, {"id": "786378353", "price": 897.55, "amount": 0.01, "side": "buy", "timestamp": 1765670068936}, {"id": "786378354", "price": 897.55, "amount": 0.08, "side": "buy", "timestamp": 1765670070490}, {"id": "786378355", "price": 897.55, "amount": 0.01, "side": "buy", "timestamp": 1765670070821}, {"id": "786378356", "price": 897.54, "amount": 0.5, "side": "sell", "timestamp": 1765670071159}, {"id": "786378391", "price": 897.65, "amount": 0.46, "side": "sell", "timestamp": 1765670102568}, {"id": "786378392", "price": 897.66, "amount": 0.09, "side": "buy", "timestamp": 1765670102749}, {"id": "786378393", "price": 897.66, "amount": 0.05, "side": "buy", "timestamp": 1765670103594}, {"id": "786378394", "price": 897.66, "amount": 0.2, "side": "buy", "timestamp": 1765670103707}, {"id": "786378395", "price": 897.66, "amount": 2.74, "side": "buy", "timestamp": 1765670103841}, {"id": "786378396", "price": 897.67, "amount": 0.04, "side": "buy", "timestamp": 1765670103846}, {"id": "786378397", "price": 897.68, "amount": 0.03, "side": "buy", "timestamp": 1765670103846}, {"id": "786378398", "price": 897.69, "amount": 0.01, "side": "buy", "timestamp": 1765670103846}, {"id": "786378399", "price": 897.7, "amount": 0.02, "side": "buy", "timestamp": 1765670103846}, {"id": "786378400", "price": 897.71, "amount": 0.61, "side": "buy", "timestamp": 1765670103898}, {"id": "786378401", "price": 897.72, "amount": 0.01, "side": "buy", "timestamp": 1765670103898}, {"id": "786378402", "price": 897.73, "amount": 0.07, "side": "buy", "timestamp": 1765670103898}, {"id": "786378403", "price": 897.74, "amount": 1.29, "side": "buy", "timestamp": 1765670103898}, {"id": "786378404", "price": 897.75, "amount": 0.08, "side": "buy", "timestamp": 1765670103898}, {"id": "786378405", "price": 897.76, "amount": 0.02, "side": "buy", "timestamp": 1765670103898}, {"id": "786378406", "price": 897.77, "amount": 0.16, "side": "buy", "timestamp": 1765670103901}, {"id": "786378407", "price": 897.78, "amount": 0.23, "side": "buy", "timestamp": 1765670103904}, {"id": "786378408", "price": 897.79, "amount": 0.01, "side": "buy", "timestamp": 1765670103914}, {"id": "786378409", "price": 897.8, "amount": 0.02, "side": "buy", "timestamp": 1765670103914}, {"id": "786378410", "price": 897.81, "amount": 0.06, "side": "buy", "timestamp": 1765670103915}, {"id": "786378411", "price": 897.83, "amount": 0.01, "side": "buy", "timestamp": 1765670103917}, {"id": "786378412", "price": 897.83, "amount": 0.36, "side": "sell", "timestamp": 1765670104246}, {"id": "786378413", "price": 897.84, "amount": 0.28, "side": "buy", "timestamp": 1765670104378}, {"id": "786378414", "price": 897.84, "amount": 0.11, "side": "buy", "timestamp": 1765670104520}, {"id": "786378415", "price": 897.83, "amount": 0.12, "side": "sell", "timestamp": 1765670105278}, {"id": "786378416", "price": 897.84, "amount": 0.11, "side": "buy", "timestamp": 1765670108746}, {"id": "786378417", "price": 897.84, "amount": 0.45, "side": "buy", "timestamp": 1765670110181}, {"id": "786378418", "price": 897.84, "amount": 0.22, "side": "buy", "timestamp": 1765670110345}, {"id": "786378419", "price": 897.83, "amount": 4.59, "side": "sell", "timestamp": 1765670111668}, {"id": "786378420", "price": 897.84, "amount": 0.01, "side": "buy", "timestamp": 1765670112166}, {"id": "786378421", "price": 897.83, "amount": 31.59, "side": "sell", "timestamp": 1765670112770}, {"id": "786378422", "price": 897.82, "amount": 0.3, "side": "sell", "timestamp": 1765670112776}, {"id": "786378423", "price": 897.81, "amount": 0.08, "side": "sell", "timestamp": 1765670112776}, {"id": "786378424", "price": 897.8, "amount": 0.01, "side": "sell", "timestamp": 1765670112778}, {"id": "786378425", "price": 897.78, "amount": 0.04, "side": "sell", "timestamp": 1765670112811}, {"id": "786378426", "price": 897.78, "amount": 1.0, "side": "buy", "timestamp": 1765670112831}, {"id": "786378427", "price": 897.77, "amount": 3.96, "side": "sell", "timestamp": 1765670113818}, {"id": "786378428", "price": 897.77, "amount": 0.01, "side": "sell", "timestamp": 1765670114531}, {"id": "786378429", "price": 897.77, "amount": 0.69, "side": "sell", "timestamp": 1765670114871}, {"id": "786378430", "price": 897.78, "amount": 0.08, "side": "buy", "timestamp": 1765670117765}, {"id": "786378431", "price": 897.78, "amount": 0.01, "side": "buy", "timestamp": 1765670118591}, {"id": "786378432", "price": 897.77, "amount": 0.01, "side": "sell", "timestamp": 1765670119814}, {"id": "786378433", "price": 897.78, "amount": 0.01, "side": "buy", "timestamp": 1765670120081}, {"id": "786378434", "price": 897.78, "amount": 0.01, "side": "buy", "timestamp": 1765670121154}, {"id": "786378435", "price": 897.78, "amount": 0.01, "side": "buy", "timestamp": 1765670121595}, {"id": "786378436", "price": 897.78, "amount": 0.01, "side": "buy", "timestamp": 1765670121958}, {"id": "786378437", "price": 897.78, "amount": 0.96, "side": "buy", "timestamp": 1765670123754}, {"id": "786378438", "price": 897.78, "amount": 0.02, "side": "buy", "timestamp": 1765670124853}, {"id": "786378439", "price": 897.78, "amount": 0.01, "side": "buy", "timestamp": 1765670125018}, {"id": "786378440", "price": 897.77, "amount": 0.01, "side": "sell", "timestamp": 1765670125035}, {"id": "786378462", "price": 897.81, "amount": 0.58, "side": "buy", "timestamp": 1765670142022}, {"id": "786378463", "price": 897.81, "amount": 0.53, "side": "buy", "timestamp": 1765670142611}, {"id": "786378464", "price": 897.81, "amount": 0.04, "side": "buy", "timestamp": 1765670142889}, {"id": "786378465", "price": 897.8, "amount": 0.08, "side": "sell", "timestamp": 1765670144375}, {"id": "786378466", "price": 897.81, "amount": 0.01, "side": "buy", "timestamp": 1765670146394}, {"id": "786378467", "price": 897.81, "amount": 0.01, "side": "buy", "timestamp": 1765670146668}, {"id": "786378468", "price": 897.8, "amount": 0.09, "side": "sell", "timestamp": 1765670146672}, {"id": "786378469", "price": 897.81, "amount": 0.08, "side": "buy", "timestamp": 1765670147026}, {"id": "786378470", "price": 897.8, "amount": 0.13, "side": "sell", "timestamp": 1765670147187}, {"id": "786378471", "price": 897.81, "amount": 0.01, "side": "buy", "timestamp": 1765670147449}, {"id": "786378472", "price": 897.8, "amount": 4.92, "side": "sell", "timestamp": 1765670147661}, {"id": "786378473", "price": 897.81, "amount": 3.69, "side": "buy", "timestamp": 1765670148501}, {"id": "786378474", "price": 897.8, "amount": 4.57, "side": "sell", "timestamp": 1765670148765}, {"id": "786378475", "price": 897.8, "amount": 5.3, "side": "sell", "timestamp": 1765670149757}, {"id": "786378476", "price": 897.81, "amount": 2.45, "side": "buy", "timestamp": 1765670151695}, {"id": "786378477", "price": 897.81, "amount": 0.01, "side": "buy", "timestamp": 1765670152180}, {"id": "786378478", "price": 897.81, "amount": 0.01, "side": "buy", "timestamp": 1765670152956}, {"id": "786378479", "price": 897.81, "amount": 0.01, "side": "buy", "timestamp": 1765670155428}, {"id": "786378480", "price": 897.81, "amount": 0.02, "side": "buy", "timestamp": 1765670158533}, {"id": "786378481", "price": 897.8, "amount": 0.31, "side": "sell", "timestamp": 1765670158609}, {"id": "786378482", "price": 897.8, "amount": 0.31, "side": "sell", "timestamp": 1765670158723}, {"id": "786378483", "price": 897.81, "amount": 0.2, "side": "buy", "timestamp": 1765670160593}, {"id": "786378484", "price": 897.81, "amount": 0.03, "side": "buy", "timestamp": 1765670160726}, {"id": "786378485", "price": 897.8, "amount": 0.01, "side": "sell", "timestamp": 1765670160760}, {"id": "786378486", "price": 897.81, "amount": 2.54, "side": "buy", "timestamp": 1765670160789}, {"id": "786378487", "price": 897.8, "amount": 0.03, "side": "sell", "timestamp": 1765670161181}, {"id": "786378488", "price": 897.8, "amount": 0.02, "side": "sell", "timestamp": 1765670161320}, {"id": "786378489", "price": 897.81, "amount": 0.02, "side": "buy", "timestamp": 1765670163751}, {"id": "786378490", "price": 897.81, "amount": 13.25, "side": "buy", "timestamp": 1765670163882}, {"id": "786378491", "price": 897.8, "amount": 0.02, "side": "sell", "timestamp": 1765670164219}, {"id": "786378492", "price": 897.8, "amount": 0.01, "side": "sell", "timestamp": 1765670164417}, {"id": "786378493", "price": 897.8, "amount": 0.02, "side": "sell", "timestamp": 1765670164569}, {"id": "786378494", "price": 897.81, "amount": 0.05, "side": "buy", "timestamp": 1765670164858}, {"id": "786378495", "price": 897.81, "amount": 0.01, "side": "buy", "timestamp": 1765670165374}, {"id": "786378496", "price": 897.81, "amount": 0.01, "side": "buy", "timestamp": 1765670165670}, {"id": "786378497", "price": 897.81, "amount": 0.02, "side": "buy", "timestamp": 1765670165892}, {"id": "786378498", "price": 897.81, "amount": 0.06, "side": "buy", "timestamp": 1765670166816}, {"id": "786378499", "price": 897.8, "amount": 0.13, "side": "sell", "timestamp": 1765670167590}, {"id": "786378500", "price": 897.81, "amount": 0.01, "side": "buy", "timestamp": 1765670167664}, {"id": "786378501", "price": 897.81, "amount": 0.91, "side": "buy", "timestamp": 1765670168306}, {"id": "786378502", "price": 897.81, "amount": 0.02, "side": "buy", "timestamp": 1765670169715}, {"id": "786378503", "price": 897.81, "amount": 0.01, "side": "buy", "timestamp": 1765670169820}, {"id": "786378504", "price": 897.81, "amount": 0.01, "side": "buy", "timestamp": 1765670170058}, {"id": "786378505", "price": 897.81, "amount": 0.02, "side": "buy", "timestamp": 1765670170641}, {"id": "786378506", "price": 897.81, "amount": 0.13, "side": "buy", "timestamp": 1765670171614}, {"id": "786378507", "price": 897.81, "amount": 0.06, "side": "buy", "timestamp": 1765670173368}, {"id": "786378508", "price": 897.81, "amount": 0.11, "side": "buy", "timestamp": 1765670175216}, {"id": "786378509", "price": 897.81, "amount": 0.01, "side": "buy", "timestamp": 1765670175365}, {"id": "786378510", "price": 897.81, "amount": 0.01, "side": "buy", "timestamp": 1765670177637}, {"id": "786378511", "price": 897.81, "amount": 0.01, "side": "buy", "timestamp": 1765670178114}, {"id": "786378560", "price": 897.89, "amount": 4.2, "side": "buy", "timestamp": 1765670219329}, {"id": "786378561", "price": 897.9, "amount": 1.73, "side": "buy", "timestamp": 1765670219331}, {"id": "786378562", "price": 897.91, "amount": 0.14, "side": "buy", "timestamp": 1765670219334}, {"id": "786378563", "price": 897.92, "amount": 0.79, "side": "buy", "timestamp": 1765670219334}, {"id": "786378564", "price": 897.93, "amount": 0.16, "side": "buy", "timestamp": 1765670219338}, {"id": "786378565", "price": 897.93, "amount": 4.91, "side": "sell", "timestamp": 1765670219651}, {"id": "786378566", "price": 897.93, "amount": 4.84, "side": "sell", "timestamp": 1765670220703}, {"id": "786378567", "price": 897.94, "amount": 0.02, "side": "buy", "timestamp": 1765670220892}, {"id": "786378568", "price": 897.93, "amount": 0.04, "side": "sell", "timestamp": 1765670221154}, {"id": "786378569", "price": 897.94, "amount": 0.08, "side": "buy", "timestamp": 1765670221158}, {"id": "786378570", "price": 897.93, "amount": 3.69, "side": "sell", "timestamp": 1765670221754}, {"id": "786378571", "price": 897.93, "amount": 8.86, "side": "sell", "timestamp": 1765670222393}, {"id": "786378572", "price": 897.92, "amount": 0.02, "side": "sell", "timestamp": 1765670222401}, {"id": "786378573", "price": 897.91, "amount": 0.26, "side": "sell", "timestamp": 1765670222405}, {"id": "786378574", "price": 897.88, "amount": 0.02, "side": "sell", "timestamp": 1765670222414}, {"id": "786378575", "price": 897.87, "amount": 0.64, "side": "sell", "timestamp": 1765670222530}, {"id": "786378576", "price": 897.86, "amount": 0.03, "side": "sell", "timestamp": 1765670222530}, {"id": "786378577", "price": 897.85, "amount": 0.6, "side": "buy", "timestamp": 1765670222867}, {"id": "786378578", "price": 897.84, "amount": 19.85, "side": "sell", "timestamp": 1765670223358}, {"id": "786378579", "price": 897.83, "amount": 50.03, "side": "sell", "timestamp": 1765670223358}, {"id": "786378580", "price": 897.82, "amount": 2.05, "side": "sell", "timestamp": 1765670223358}, {"id": "786378581", "price": 897.81, "amount": 0.12, "side": "sell", "timestamp": 1765670223358}, {"id": "786378582", "price": 897.8, "amount": 92.77, "side": "sell", "timestamp": 1765670223358}, {"id": "786378583", "price": 897.79, "amount": 3.75, "side": "sell", "timestamp": 1765670223359}, {"id": "786378584", "price": 897.78, "amount": 3.43, "side": "sell", "timestamp": 1765670223359}, {"id": "786378585", "price": 897.77, "amount": 0.39, "side": "sell", "timestamp": 1765670223360}, {"id": "786378586", "price": 897.76, "amount": 0.03, "side": "sell", "timestamp": 1765670223361}, {"id": "786378587", "price": 897.75, "amount": 0.13, "side": "sell", "timestamp": 1765670223361}, {"id": "786378588", "price": 897.73, "amount": 0.03, "side": "sell", "timestamp": 1765670223363}, {"id": "786378589", "price": 897.72, "amount": 2.28, "side": "sell", "timestamp": 1765670223718}, {"id": "786378590", "price": 897.71, "amount": 0.11, "side": "sell", "timestamp": 1765670223718}, {"id": "786378591", "price": 897.7, "amount": 2.67, "side": "sell", "timestamp": 1765670223718}, {"id": "786378592", "price": 897.69, "amount": 0.26, "side": "sell", "timestamp": 1765670223718}, {"id": "786378593", "price": 897.66, "amount": 10.17, "side": "sell", "timestamp": 1765670224264}, {"id": "786378594", "price": 897.67, "amount": 0.01, "side": "buy", "timestamp": 1765670224459}, {"id": "786378595", "price": 897.67, "amount": 0.01, "side": "buy", "timestamp": 1765670224938}, {"id": "786378596", "price": 897.67, "amount": 0.01, "side": "buy", "timestamp": 1765670225287}, {"id": "786378597", "price": 897.67, "amount": 0.01, "side": "buy", "timestamp": 1765670225804}, {"id": "786378598", "price": 897.66, "amount": 1.28, "side": "sell", "timestamp": 1765670226308}, {"id": "786378599", "price": 897.64, "amount": 0.06, "side": "sell", "timestamp": 1765670227817}, {"id": "786378600", "price": 897.63, "amount": 0.01, "side": "sell", "timestamp": 1765670227822}, {"id": "786378601", "price": 897.62, "amount": 0.24, "side": "sell", "timestamp": 1765670227827}, {"id": "786378602", "price": 897.61, "amount": 0.01, "side": "sell", "timestamp": 1765670227827}, {"id": "786378603", "price": 897.6, "amount": 0.06, "side": "sell", "timestamp": 1765670227827}, {"id": "786378604", "price": 897.58, "amount": 0.58, "side": "sell", "timestamp": 1765670229125}, {"id": "786378605", "price": 897.58, "amount": 0.08, "side": "sell", "timestamp": 1765670229739}, {"id": "786378606", "price": 897.58, "amount": 0.07, "side": "sell", "timestamp": 1765670229921}, {"id": "786378607", "price": 897.59, "amount": 0.01, "side": "buy", "timestamp": 1765670230500}, {"id": "786378608", "price": 897.58, "amount": 0.68, "side": "sell", "timestamp": 1765670230572}, {"id": "786378609", "price": 897.59, "amount": 0.03, "side": "buy", "timestamp": 1765670232165}, {"id": "786378622", "price": 897.63, "amount": 0.33, "side": "buy", "timestamp": 1765670249336}, {"id": "786378623", "price": 897.66, "amount": 0.03, "side": "buy", "timestamp": 1765670249339}, {"id": "786378624", "price": 897.67, "amount": 0.02, "side": "buy", "timestamp": 1765670249339}, {"id": "786378625", "price": 897.68, "amount": 0.03, "side": "buy", "timestamp": 1765670249339}, {"id": "786378626", "price": 897.69, "amount": 0.03, "side": "buy", "timestamp": 1765670249339}, {"id": "786378627", "price": 897.72, "amount": 0.01, "side": "buy", "timestamp": 1765670249908}, {"id": "786378628", "price": 897.71, "amount": 0.18, "side": "sell", "timestamp": 1765670250154}, {"id": "786378629", "price": 897.71, "amount": 2.24, "side": "sell", "timestamp": 1765670250290}, {"id": "786378630", "price": 897.72, "amount": 0.01, "side": "buy", "timestamp": 1765670251761}, {"id": "786378631", "price": 897.71, "amount": 3.33, "side": "sell", "timestamp": 1765670252567}, {"id": "786378632", "price": 897.72, "amount": 0.12, "side": "buy", "timestamp": 1765670252864}, {"id": "786378633", "price": 897.72, "amount": 0.08, "side": "buy", "timestamp": 1765670254143}, {"id": "786378634", "price": 897.72, "amount": 0.01, "side": "buy", "timestamp": 1765670254609}, {"id": "786378635", "price": 897.72, "amount": 0.01, "side": "buy", "timestamp": 1765670254884}, {"id": "786378636", "price": 897.71, "amount": 4.18, "side": "sell", "timestamp": 1765670255672}, {"id": "786378637", "price": 897.72, "amount": 0.02, "side": "buy", "timestamp": 1765670255797}, {"id": "786378638", "price": 897.71, "amount": 4.65, "side": "sell", "timestamp": 1765670256775}, {"id": "786378639", "price": 897.71, "amount": 1.43, "side": "sell", "timestamp": 1765670257823}, {"id": "786378640", "price": 897.71, "amount": 22.6, "side": "sell", "timestamp": 1765670258530}, {"id": "786378641", "price": 897.7, "amount": 1.42, "side": "sell", "timestamp": 1765670258530}, {"id": "786378642", "price": 897.68, "amount": 0.01, "side": "buy", "timestamp": 1765670261985}, {"id": "786378643", "price": 897.67, "amount": 0.06, "side": "sell", "timestamp": 1765670262696}, {"id": "786378644", "price": 897.68, "amount": 0.01, "side": "buy", "timestamp": 1765670262791}, {"id": "786378645", "price": 897.68, "amount": 0.08, "side": "buy", "timestamp": 1765670267070}, {"id": "786378646", "price": 897.68, "amount": 0.06, "side": "buy", "timestamp": 1765670267264}, {"id": "786378647", "price": 897.68, "amount": 3.34, "side": "buy", "timestamp": 1765670267967}, {"id": "786378648", "price": 897.67, "amount": 0.04, "side": "sell", "timestamp": 1765670268304}, {"id": "786378649", "price": 897.68, "amount": 0.2, "side": "buy", "timestamp": 1765670272272}, {"id": "786378650", "price": 897.69, "amount": 2.18, "side": "buy", "timestamp": 1765670273382}, {"id": "786378651", "price": 897.7, "amount": 0.02, "side": "buy", "timestamp": 1765670273382}, {"id": "786378652", "price": 897.72, "amount": 0.03, "side": "buy", "timestamp": 1765670273382}, {"id": "786378653", "price": 897.72, "amount": 0.01, "side": "buy", "timestamp": 1765670274341}, {"id": "786378654", "price": 897.72, "amount": 0.01, "side": "buy", "timestamp": 1765670275451}, {"id": "786378655", "price": 897.72, "amount": 0.69, "side": "buy", "timestamp": 1765670276436}, {"id": "786378656", "price": 897.71, "amount": 0.01, "side": "sell", "timestamp": 1765670277268}, {"id": "786378657", "price": 897.72, "amount": 0.01, "side": "buy", "timestamp": 1765670277604}, {"id": "786378658", "price": 897.72, "amount": 0.54, "side": "buy", "timestamp": 1765670277873}, {"id": "786378659", "price": 897.71, "amount": 5.11, "side": "sell", "timestamp": 1765670279861}, {"id": "786378660", "price": 897.72, "amount": 5.01, "side": "buy", "timestamp": 1765670280231}, {"id": "786378661", "price": 897.72, "amount": 0.08, "side": "buy", "timestamp": 1765670280627}, {"id": "786378662", "price": 897.72, "amount": 0.01, "side": "buy", "timestamp": 1765670280892}, {"id": "786378663", "price": 897.72, "amount": 0.02, "side": "buy", "timestamp": 1765670281727}, {"id": "786378664", "price": 897.71, "amount": 0.04, "side": "sell", "timestamp": 1765670282017}, {"id": "786378665", "price": 897.72, "amount": 0.03, "side": "buy", "timestamp": 1765670282468}, {"id": "786378666", "price": 897.72, "amount": 0.07, "side": "buy", "timestamp": 1765670282775}, {"id": "786378667", "price": 897.72, "amount": 0.11, "side": "buy", "timestamp": 1765670284135}, {"id": "786378668", "price": 897.72, "amount": 0.02, "side": "buy", "timestamp": 1765670285067}, {"id": "786378669", "price": 897.72, "amount": 0.01, "side": "buy", "timestamp": 1765670285277}, {"id": "786378670", "price": 897.71, "amount": 0.15, "side": "sell", "timestamp": 1765670285325}, {"id": "786378671", "price": 897.72, "amount": 0.01, "side": "buy", "timestamp": 1765670286223}, {"id": "786378698", "price": 897.69, "amount": 9.93, "side": "sell", "timestamp": 1765670316241}, {"id": "786378699", "price": 897.68, "amount": 0.01, "side": "sell", "timestamp": 1765670316247}, {"id": "786378700", "price": 897.67, "amount": 0.34, "side": "sell", "timestamp": 1765670316247}, {"id": "786378701", "price": 897.65, "amount": 1.32, "side": "sell", "timestamp": 1765670316247}, {"id": "786378702", "price": 897.64, "amount": 0.01, "side": "sell", "timestamp": 1765670316258}, {"id": "786378703", "price": 897.63, "amount": 0.25, "side": "sell", "timestamp": 1765670316301}, {"id": "786378704", "price": 897.63, "amount": 0.01, "side": "buy", "timestamp": 1765670316339}, {"id": "786378705", "price": 897.63, "amount": 0.02, "side": "buy", "timestamp": 1765670316549}, {"id": "786378706", "price": 897.63, "amount": 11.71, "side": "buy", "timestamp": 1765670316699}, {"id": "786378707", "price": 897.64, "amount": 0.01, "side": "buy", "timestamp": 1765670316699}, {"id": "786378708", "price": 897.67, "amount": 28.88, "side": "buy", "timestamp": 1765670316699}, {"id": "786378709", "price": 897.68, "amount": 2.52, "side": "buy", "timestamp": 1765670316699}, {"id": "786378710", "price": 897.69, "amount": 5.01, "side": "buy", "timestamp": 1765670316699}, {"id": "786378711", "price": 897.7, "amount": 3.07, "side": "buy", "timestamp": 1765670316699}, {"id": "786378712", "price": 897.71, "amount": 4.68, "side": "buy", "timestamp": 1765670316699}, {"id": "786378713", "price": 897.71, "amount": 0.01, "side": "buy", "timestamp": 1765670318058}, {"id": "786378714", "price": 897.71, "amount": 0.01, "side": "buy", "timestamp": 1765670318645}, {"id": "786378715", "price": 897.71, "amount": 1.59, "side": "buy", "timestamp": 1765670318771}, {"id": "786378716", "price": 897.72, "amount": 3.73, "side": "buy", "timestamp": 1765670318774}, {"id": "786378717", "price": 897.73, "amount": 1.03, "side": "buy", "timestamp": 1765670318778}, {"id": "786378718", "price": 897.75, "amount": 0.01, "side": "buy", "timestamp": 1765670318780}, {"id": "786378719", "price": 897.76, "amount": 0.03, "side": "buy", "timestamp": 1765670318780}, {"id": "786378720", "price": 897.77, "amount": 0.41, "side": "buy", "timestamp": 1765670321544}, {"id": "786378721", "price": 897.77, "amount": 0.01, "side": "buy", "timestamp": 1765670323603}, {"id": "786378722", "price": 897.77, "amount": 0.01, "side": "buy", "timestamp": 1765670326382}, {"id": "786378723", "price": 897.77, "amount": 0.04, "side": "buy", "timestamp": 1765670327499}, {"id": "786378724", "price": 897.76, "amount": 5.09, "side": "sell", "timestamp": 1765670327653}, {"id": "786378725", "price": 897.77, "amount": 0.09, "side": "buy", "timestamp": 1765670328004}, {"id": "786378726", "price": 897.77, "amount": 0.03, "side": "buy", "timestamp": 1765670328555}, {"id": "786378727", "price": 897.76, "amount": 1.67, "side": "sell", "timestamp": 1765670328710}, {"id": "786378728", "price": 897.76, "amount": 0.01, "side": "sell", "timestamp": 1765670329524}, {"id": "786378729", "price": 897.77, "amount": 0.28, "side": "buy", "timestamp": 1765670329597}, {"id": "786378730", "price": 897.76, "amount": 0.19, "side": "sell", "timestamp": 1765670331677}, {"id": "786378731", "price": 897.76, "amount": 51.41, "side": "sell", "timestamp": 1765670333718}, {"id": "786378732", "price": 897.76, "amount": 0.73, "side": "sell", "timestamp": 1765670333844}, {"id": "786378733", "price": 897.74, "amount": 2.3, "side": "sell", "timestamp": 1765670334329}, {"id": "786378734", "price": 897.71, "amount": 9.07, "side": "sell", "timestamp": 1765670335030}, {"id": "786378735", "price": 897.7, "amount": 0.01, "side": "sell", "timestamp": 1765670335033}, {"id": "786378736", "price": 897.69, "amount": 0.04, "side": "sell", "timestamp": 1765670335035}, {"id": "786378737", "price": 897.68, "amount": 0.02, "side": "sell", "timestamp": 1765670335826}, {"id": "786378738", "price": 897.69, "amount": 0.02, "side": "buy", "timestamp": 1765670335892}, {"id": "786378739", "price": 897.68, "amount": 27.87, "side": "sell", "timestamp": 1765670335948}, {"id": "786378740", "price": 897.67, "amount": 0.13, "side": "sell", "timestamp": 1765670335961}, {"id": "786378741", "price": 897.66, "amount": 5.99, "side": "sell", "timestamp": 1765670335961}, {"id": "786378742", "price": 897.63, "amount": 0.01, "side": "sell", "timestamp": 1765670336010}, {"id": "786378743", "price": 897.62, "amount": 0.02, "side": "sell", "timestamp": 1765670336010}, {"id": "786378744", "price": 897.61, "amount": 0.34, "side": "sell", "timestamp": 1765670336914}, {"id": "786378745", "price": 897.6, "amount": 0.05, "side": "sell", "timestamp": 1765670336917}, {"id": "786378746", "price": 897.58, "amount": 0.7, "side": "sell", "timestamp": 1765670338578}, {"id": "786378747", "price": 897.57, "amount": 0.06, "side": "sell", "timestamp": 1765670338580}, {"id": "786378875", "price": 897.19, "amount": 0.03, "side": "buy", "timestamp": 1765670372661}, {"id": "786378876", "price": 897.19, "amount": 0.01, "side": "buy", "timestamp": 1765670372800}, {"id": "786378877", "price": 897.19, "amount": 0.08, "side": "buy", "timestamp": 1765670373378}, {"id": "786378878", "price": 897.18, "amount": 0.12, "side": "sell", "timestamp": 1765670374347}, {"id": "786378879", "price": 897.18, "amount": 0.12, "side": "sell", "timestamp": 1765670374490}, {"id": "786378880", "price": 897.18, "amount": 0.01, "side": "sell", "timestamp": 1765670374930}, {"id": "786378881", "price": 897.18, "amount": 0.01, "side": "sell", "timestamp": 1765670375055}, {"id": "786378882", "price": 897.19, "amount": 32.21, "side": "buy", "timestamp": 1765670375368}, {"id": "786378883", "price": 897.2, "amount": 16.69, "side": "buy", "timestamp": 1765670375368}, {"id": "786378884", "price": 897.21, "amount": 6.9, "side": "buy", "timestamp": 1765670375368}, {"id": "786378885", "price": 897.22, "amount": 0.08, "side": "buy", "timestamp": 1765670375377}, {"id": "786378886", "price": 897.23, "amount": 0.01, "side": "buy", "timestamp": 1765670375377}, {"id": "786378887", "price": 897.26, "amount": 0.01, "side": "buy", "timestamp": 1765670376985}, {"id": "786378888", "price": 897.25, "amount": 0.21, "side": "sell", "timestamp": 1765670377420}, {"id": "786378889", "price": 897.26, "amount": 0.01, "side": "buy", "timestamp": 1765670377451}, {"id": "786378890", "price": 897.25, "amount": 0.03, "side": "sell", "timestamp": 1765670377751}, {"id": "786378891", "price": 897.26, "amount": 0.44, "side": "buy", "timestamp": 1765670379459}, {"id": "786378892", "price": 897.26, "amount": 0.01, "side": "buy", "timestamp": 1765670380762}, {"id": "786378893", "price": 897.26, "amount": 1.98, "side": "buy", "timestamp": 1765670382081}, {"id": "786378894", "price": 897.27, "amount": 3.52, "side": "buy", "timestamp": 1765670382163}, {"id": "786378895", "price": 897.28, "amount": 0.04, "side": "buy", "timestamp": 1765670382163}, {"id": "786378896", "price": 897.3, "amount": 0.03, "side": "buy", "timestamp": 1765670382163}, {"id": "786378897", "price": 897.31, "amount": 2.35, "side": "buy", "timestamp": 1765670382163}, {"id": "786378898", "price": 897.32, "amount": 2.53, "side": "buy", "timestamp": 1765670382163}, {"id": "786378899", "price": 897.33, "amount": 6.02, "side": "buy", "timestamp": 1765670382163}, {"id": "786378900", "price": 897.34, "amount": 0.74, "side": "buy", "timestamp": 1765670382163}, {"id": "786378901", "price": 897.35, "amount": 6.55, "side": "buy", "timestamp": 1765670382163}, {"id": "786378902", "price": 897.36, "amount": 0.26, "side": "buy", "timestamp": 1765670382163}, {"id": "786378903", "price": 897.37, "amount": 3.06, "side": "buy", "timestamp": 1765670382163}, {"id": "786378904", "price": 897.38, "amount": 0.97, "side": "buy", "timestamp": 1765670382163}, {"id": "786378905", "price": 897.39, "amount": 3.58, "side": "buy", "timestamp": 1765670382163}, {"id": "786378906", "price": 897.4, "amount": 0.36, "side": "buy", "timestamp": 1765670382163}, {"id": "786378907", "price": 897.41, "amount": 3.89, "side": "buy", "timestamp": 1765670382163}, {"id": "786378908", "price": 897.4, "amount": 0.22, "side": "sell", "timestamp": 1765670382216}, {"id": "786378909", "price": 897.41, "amount": 0.02, "side": "buy", "timestamp": 1765670382737}, {"id": "786378910", "price": 897.4, "amount": 0.45, "side": "sell", "timestamp": 1765670382757}, {"id": "786378911", "price": 897.39, "amount": 0.02, "side": "sell", "timestamp": 1765670382757}, {"id": "786378912", "price": 897.33, "amount": 0.11, "side": "sell", "timestamp": 1765670384016}, {"id": "786378913", "price": 897.34, "amount": 0.01, "side": "buy", "timestamp": 1765670387697}, {"id": "786378914", "price": 897.33, "amount": 1.31, "side": "sell", "timestamp": 1765670388467}, {"id": "786378915", "price": 897.33, "amount": 0.03, "side": "sell", "timestamp": 1765670388786}, {"id": "786378916", "price": 897.34, "amount": 0.08, "side": "buy", "timestamp": 1765670389140}, {"id": "786378917", "price": 897.34, "amount": 0.47, "side": "buy", "timestamp": 1765670389250}, {"id": "786378918", "price": 897.34, "amount": 0.01, "side": "buy", "timestamp": 1765670389871}, {"id": "786378919", "price": 897.34, "amount": 0.01, "side": "buy", "timestamp": 1765670390090}, {"id": "786378920", "price": 897.33, "amount": 0.05, "side": "sell", "timestamp": 1765670390137}, {"id": "786378921", "price": 897.33, "amount": 0.01, "side": "sell", "timestamp": 1765670390263}, {"id": "786378922", "price": 897.34, "amount": 0.01, "side": "buy", "timestamp": 1765670390266}, {"id": "786378923", "price": 897.34, "amount": 0.03, "side": "buy", "timestamp": 1765670392439}, {"id": "786378924", "price": 897.34, "amount": 0.02, "side": "buy", "timestamp": 1765670392894}]