[{"symbol": "BNBUSDT", "bids": [[842.75, 32.74], [842.74, 2.5], [842.73, 5.75], [842.72, 18.95], [842.71, 7.97], [842.7, 18.81], [842.69, 5.73], [842.68, 64.83], [842.67, 1.94], [842.66, 12.65], [842.65, 0.19], [842.64, 6.0], [842.63, 2.68], [842.62, 12.12], [842.61, 7.22], [842.6, 2.26], [842.59, 0.12], [842.58, 1.91], [842.56, 3.27], [842.55, 4.79]], "asks": [[842.76, 0.53], [842.77, 1.02], [842.78, 0.02], [842.79, 0.01], [842.8, 0.03], [842.82, 0.02], [842.83, 0.01], [842.84, 1.17], [842.85, 0.07], [842.86, 1.15], [842.87, 0.42], [842.88, 2.71], [842.89, 10.03], [842.9, 8.24], [842.91, 1.44], [842.92, 12.26], [842.93, 1.81], [842.94, 6.74], [842.95, 0.07], [842.96, 5.38]], "timestamp": "2025-12-18T00:00:25.372272+00:00"}, {"symbol": "BNBUSDT", "bids": [[842.58, 26.04], [842.57, 0.58], [842.56, 0.01], [842.55, 0.01], [842.54, 2.27], [842.53, 4.14], [842.52, 0.59], [842.51, 11.86], [842.5, 60.15], [842.49, 1.03], [842.48, 12.6], [842.47, 7.78], [842.46, 6.06], [842.45, 5.08], [842.44, 13.21], [842.43, 9.28], [842.42, 3.56], [842.41, 20.98], [842.4, 16.16], [842.39, 0.91]], "asks": [[842.59, 46.15], [842.6, 2.46], [842.61, 14.96], [842.62, 12.96], [842.63, 13.87], [842.64, 28.25], [842.65, 9.76], [842.66, 13.7], [842.67, 12.26], [842.68, 26.79], [842.69, 9.98], [842.7, 0.11], [842.71, 6.68], [842.72, 5.74], [842.73, 0.01], [842.74, 15.59], [842.75, 7.46], [842.76, 4.19], [842.77, 11.53], [842.78, 0.14]], "timestamp": "2025-12-18T00:01:23.138871+00:00"}, {"symbol": "BNBUSDT", "bids": [[842.04, 2.04], [842.03, 2.45], [842.01, 0.02], [842.0, 87.41], [841.99, 0.01], [841.98, 0.07], [841.96, 12.09], [841.95, 7.49], [841.94, 63.69], [841.93, 0.35], [841.92, 2.35], [841.91, 5.08], [841.9, 0.03], [841.89, 1.67], [841.88, 2.05], [841.87, 0.12], [841.86, 0.28], [841.85, 0.63], [841.84, 7.94], [841.83, 8.2]], "asks": [[842.05, 27.21], [842.06, 1.31], [842.07, 6.27], [842.08, 0.01], [842.09, 2.48], [842.1, 3.61], [842.11, 3.04], [842.12, 3.66], [842.13, 7.82], [842.14, 10.17], [842.15, 6.91], [842.16, 9.23], [842.17, 6.74], [842.18, 0.02], [842.19, 3.67], [842.2, 7.6], [842.21, 9.14], [842.22, 18.04], [842.23, 13.52], [842.24, 8.36]], "timestamp": "2025-12-18T00:02:19.457395+00:00"}, {"symbol": "BNBUSDT", "bids": [[842.29, 16.21], [842.28, 0.01], [842.27, 9.82], [842.26, 14.27], [842.25, 62.78], [842.24, 0.01], [842.23, 0.01], [842.22, 4.63], [842.21, 4.66], [842.2, 8.03], [842.19, 2.29], [842.18, 4.21], [842.17, 2.01], [842.16, 9.01], [842.15, 10.75], [842.14, 0.6], [842.13, 7.62], [842.12, 32.13], [842.11, 21.96], [842.1, 32.99]], "asks": [[842.3, 5.85], [842.31, 1.01], [842.32, 0.01], [842.34, 0.4], [842.35, 7.27], [842.36, 0.02], [842.37, 2.96], [842.38, 3.25], [842.39, 13.71], [842.4, 41.0], [842.41, 0.06], [842.42, 5.11], [842.43, 0.39], [842.44, 1.36], [842.45, 2.6], [842.46, 7.11], [842.47, 0.67], [842.48, 2.11], [842.49, 0.01], [842.5, 6.43]], "timestamp": "2025-12-18T00:03:14.560774+00:00"}, {"symbol": "BNBUSDT", "bids": [[841.99, 33.28], [841.98, 15.62], [841.96, 4.99], [841.95, 0.46], [841.94, 2.25], [841.93, 0.02], [841.92, 4.26], [841.91, 5.52], [841.9, 8.32], [841.89, 5.53], [841.88, 6.57], [841.87, 0.05], [841.86, 14.12], [841.85, 5.61], [841.84, 7.14], [841.83, 7.72], [841.82, 9.35], [841.81, 4.17], [841.8, 22.17], [841.79, 11.28]], "asks": [[842.0, 7.19], [842.02, 0.01], [842.04, 5.93], [842.05, 1.27], [842.06, 5.24], [842.07, 5.87], [842.08, 8.36], [842.09, 6.48], [842.1, 0.06], [842.12, 1.54], [842.13, 3.72], [842.14, 6.59], [842.15, 0.2], [842.16, 5.07], [842.17, 3.15], [842.18, 23.49], [842.19, 6.46], [842.2, 0.05], [842.21, 1.31], [842.22, 1.98]], "timestamp": "2025-12-18T00:04:11.494902+00:00"}, {"symbol": "BNBUSDT", "bids": [[841.86, 68.01], [841.85, 18.65], [841.84, 21.88], [841.83, 10.24], [841.82, 0.1], [841.81, 10.69], [841.8, 9.23], [841.79, 12.09], [841.78, 5.38], [841.77, 16.3], [841.76, 22.67], [841.75, 3.28], [841.74, 4.12], [841.73, 3.79], [841.71, 3.02], [841.7, 5.39], [841.69, 8.53], [841.68, 13.49], [841.67, 14.25], [841.66, 16.29]], "asks": [[841.87, 21.56], [841.88, 0.28], [841.89, 0.03], [841.91, 0.6], [841.92, 1.2], [841.93, 1.14], [841.94, 2.43], [841.95, 0.56], [841.96, 10.96], [841.97, 3.01], [841.98, 1.8], [841.99, 0.95], [842.0, 6.52], [842.01, 21.1], [842.02, 1.62], [842.03, 9.77], [842.04, 6.0], [842.05, 2.29], [842.06, 3.18], [842.07, 0.95]], "timestamp": "2025-12-18T00:05:10.143256+00:00"}, {"symbol": "BNBUSDT", "bids": [[841.2, 17.89], [841.19, 0.02], [841.18, 0.01], [841.17, 0.08], [841.16, 1.04], [841.15, 0.06], [841.14, 2.11], [841.13, 8.21], [841.12, 12.39], [841.11, 0.8], [841.1, 2.46], [841.09, 0.03], [841.08, 20.01], [841.07, 15.64], [841.06, 54.51], [841.05, 2.58], [841.04, 24.32], [841.03, 11.07], [841.02, 22.02], [841.01, 12.52]], "asks": [[841.21, 24.12], [841.22, 3.2], [841.24, 0.01], [841.25, 3.55], [841.26, 2.33], [841.27, 0.31], [841.28, 4.11], [841.29, 6.91], [841.3, 0.02], [841.31, 12.8], [841.32, 2.26], [841.33, 2.26], [841.34, 0.92], [841.35, 0.01], [841.36, 0.03], [841.37, 0.04], [841.38, 2.91], [841.39, 1.61], [841.4, 3.13], [841.41, 6.59]], "timestamp": "2025-12-18T00:06:07.611480+00:00"}, {"symbol": "BNBUSDT", "bids": [[841.32, 58.01], [841.31, 44.81], [841.3, 0.76], [841.29, 0.44], [841.28, 5.53], [841.27, 1.99], [841.26, 5.54], [841.24, 7.66], [841.23, 22.49], [841.2, 0.42], [841.19, 11.18], [841.18, 8.03], [841.17, 8.27], [841.16, 24.58], [841.15, 16.04], [841.14, 16.62], [841.13, 21.01], [841.12, 8.85], [841.11, 5.88], [841.1, 5.86]], "asks": [[841.33, 0.31], [841.35, 0.02], [841.36, 0.01], [841.38, 0.17], [841.39, 0.02], [841.4, 0.19], [841.41, 1.23], [841.42, 1.16], [841.43, 0.41], [841.44, 0.06], [841.45, 4.77], [841.46, 8.32], [841.47, 11.48], [841.48, 19.27], [841.49, 0.51], [841.5, 0.05], [841.51, 0.01], [841.52, 8.03], [841.53, 6.4], [841.54, 2.36]], "timestamp": "2025-12-18T00:07:05.268427+00:00"}, {"symbol": "BNBUSDT", "bids": [[840.91, 29.21], [840.9, 16.21], [840.89, 0.03], [840.88, 0.02], [840.87, 0.29], [840.84, 6.82], [840.83, 8.48], [840.82, 2.39], [840.81, 7.58], [840.8, 50.98], [840.79, 1.28], [840.78, 3.96], [840.77, 4.3], [840.76, 13.52], [840.75, 9.01], [840.74, 11.58], [840.73, 8.58], [840.72, 6.21], [840.71, 3.52], [840.7, 2.45]], "asks": [[840.92, 13.09], [840.93, 1.33], [840.95, 0.12], [840.96, 0.15], [840.97, 0.38], [840.99, 5.36], [841.0, 0.48], [841.01, 2.67], [841.02, 2.33], [841.03, 12.63], [841.04, 2.78], [841.05, 2.93], [841.06, 1.15], [841.07, 6.75], [841.08, 0.62], [841.09, 5.34], [841.1, 2.36], [841.11, 5.95], [841.12, 21.57], [841.13, 9.49]], "timestamp": "2025-12-18T00:08:03.247466+00:00"}, {"symbol": "BNBUSDT", "bids": [[841.2, 1.0], [841.19, 1.13], [841.14, 5.36], [841.13, 0.01], [841.12, 0.36], [841.11, 3.93], [841.09, 2.29], [841.08, 0.63], [841.07, 2.62], [841.05, 2.56], [841.04, 2.6], [841.03, 5.37], [841.02, 9.97], [841.01, 0.02], [840.99, 9.05], [840.98, 23.12], [840.97, 0.26], [840.96, 8.87], [840.95, 23.51], [840.94, 9.6]], "asks": [[841.21, 47.08], [841.22, 15.05], [841.23, 13.8], [841.24, 8.19], [841.25, 0.32], [841.26, 2.29], [841.27, 10.33], [841.28, 6.39], [841.29, 4.05], [841.3, 4.43], [841.31, 7.12], [841.32, 5.97], [841.33, 4.33], [841.34, 10.25], [841.35, 9.95], [841.36, 10.23], [841.37, 6.66], [841.38, 18.85], [841.39, 0.13], [841.4, 1.33]], "timestamp": "2025-12-18T00:08:59.516134+00:00"}, {"symbol": "BNBUSDT", "bids": [[841.28, 43.4], [841.27, 6.77], [841.26, 20.04], [841.25, 20.03], [841.24, 1.36], [841.23, 4.98], [841.22, 3.28], [841.21, 0.02], [841.2, 0.71], [841.19, 0.59], [841.18, 0.03], [841.17, 1.03], [841.16, 1.59], [841.15, 2.29], [841.14, 0.01], [841.13, 0.01], [841.12, 14.62], [841.11, 26.05], [841.1, 6.06], [841.09, 6.59]], "asks": [[841.29, 4.18], [841.3, 0.48], [841.31, 0.52], [841.32, 0.03], [841.33, 0.86], [841.34, 2.03], [841.35, 0.07], [841.36, 3.11], [841.37, 7.51], [841.38, 0.82], [841.39, 14.31], [841.4, 6.7], [841.41, 1.02], [841.42, 0.6], [841.43, 2.38], [841.44, 18.89], [841.45, 17.72], [841.46, 1.25], [841.47, 11.68], [841.48, 17.89]], "timestamp": "2025-12-18T00:09:57.900391+00:00"}, {"symbol": "BNBUSDT", "bids": [[841.5, 19.06], [841.49, 0.68], [841.47, 0.01], [841.46, 3.06], [841.45, 5.06], [841.44, 21.51], [841.43, 9.0], [841.42, 7.2], [841.41, 16.17], [841.4, 40.01], [841.39, 1.16], [841.38, 0.03], [841.37, 0.01], [841.36, 6.13], [841.35, 7.6], [841.34, 0.02], [841.33, 0.06], [841.32, 3.65], [841.31, 4.11], [841.29, 0.01]], "asks": [[841.51, 6.29], [841.52, 0.13], [841.53, 2.35], [841.54, 1.79], [841.55, 4.34], [841.56, 7.24], [841.57, 4.76], [841.58, 2.34], [841.59, 3.04], [841.6, 21.51], [841.61, 11.55], [841.62, 8.14], [841.63, 0.99], [841.64, 15.56], [841.65, 15.18], [841.66, 27.58], [841.67, 0.04], [841.68, 0.41], [841.69, 4.41], [841.7, 1.0]], "timestamp": "2025-12-18T00:10:56.128192+00:00"}, {"symbol": "BNBUSDT", "bids": [[841.84, 14.98], [841.83, 2.18], [841.82, 0.7], [841.79, 4.84], [841.78, 2.05], [841.77, 8.17], [841.76, 5.31], [841.75, 0.15], [841.74, 4.7], [841.73, 11.29], [841.72, 5.86], [841.71, 4.67], [841.7, 2.0], [841.69, 3.58], [841.68, 7.17], [841.67, 7.7], [841.66, 4.06], [841.65, 0.03], [841.64, 7.65], [841.63, 2.22]], "asks": [[841.85, 9.93], [841.86, 6.53], [841.87, 4.84], [841.88, 0.03], [841.89, 0.01], [841.9, 3.01], [841.91, 0.05], [841.92, 14.2], [841.93, 2.16], [841.94, 3.99], [841.95, 2.94], [841.96, 8.72], [841.97, 5.7], [841.98, 1.32], [841.99, 1.97], [842.0, 13.27], [842.01, 27.12], [842.02, 12.4], [842.03, 11.51], [842.04, 7.26]], "timestamp": "2025-12-18T00:11:52.366309+00:00"}, {"symbol": "BNBUSDT", "bids": [[841.84, 3.45], [841.83, 0.71], [841.82, 0.02], [841.81, 0.02], [841.8, 0.01], [841.79, 1.0], [841.78, 0.02], [841.77, 2.32], [841.76, 0.05], [841.75, 2.36], [841.74, 4.0], [841.73, 3.71], [841.72, 5.01], [841.71, 6.67], [841.7, 4.72], [841.69, 3.58], [841.68, 4.33], [841.67, 5.68], [841.66, 2.52], [841.65, 5.78]], "asks": [[841.85, 49.84], [841.86, 14.63], [841.87, 2.29], [841.88, 8.55], [841.89, 7.41], [841.9, 4.58], [841.91, 6.38], [841.92, 29.26], [841.93, 37.66], [841.94, 14.36], [841.95, 20.76], [841.96, 19.95], [841.97, 3.46], [841.98, 5.76], [841.99, 12.39], [842.0, 19.93], [842.01, 6.91], [842.02, 1.31], [842.03, 5.06], [842.04, 12.76]], "timestamp": "2025-12-18T00:12:49.209430+00:00"}, {"symbol": "BNBUSDT", "bids": [[842.35, 67.86], [842.34, 0.6], [842.33, 0.43], [842.32, 0.01], [842.31, 4.86], [842.3, 9.23], [842.29, 28.1], [842.28, 9.64], [842.27, 15.76], [842.26, 18.88], [842.25, 14.57], [842.24, 6.32], [842.23, 5.21], [842.22, 2.3], [842.21, 2.85], [842.2, 10.8], [842.19, 13.26], [842.18, 15.21], [842.17, 10.44], [842.16, 8.86]], "asks": [[842.36, 0.22], [842.37, 0.03], [842.38, 0.11], [842.39, 0.02], [842.4, 0.32], [842.41, 0.54], [842.42, 1.93], [842.43, 0.01], [842.44, 7.77], [842.45, 1.69], [842.46, 0.63], [842.47, 23.28], [842.48, 6.86], [842.49, 3.21], [842.5, 4.07], [842.51, 0.05], [842.52, 7.55], [842.53, 4.2], [842.54, 5.19], [842.55, 21.19]], "timestamp": "2025-12-18T00:13:43.072402+00:00"}, {"symbol": "BNBUSDT", "bids": [[842.65, 2.81], [842.64, 0.06], [842.63, 0.02], [842.61, 0.03], [842.6, 1.14], [842.59, 1.49], [842.58, 0.01], [842.57, 0.09], [842.56, 5.98], [842.55, 0.01], [842.54, 4.32], [842.53, 5.4], [842.52, 1.3], [842.51, 3.7], [842.5, 1.66], [842.49, 0.36], [842.48, 4.76], [842.47, 4.47], [842.46, 2.14], [842.45, 0.18]], "asks": [[842.66, 107.32], [842.67, 8.67], [842.68, 6.1], [842.7, 14.82], [842.71, 22.16], [842.72, 22.56], [842.73, 4.6], [842.74, 5.5], [842.75, 0.96], [842.76, 3.04], [842.77, 6.96], [842.78, 0.81], [842.79, 5.92], [842.8, 11.2], [842.81, 29.06], [842.82, 3.92], [842.83, 3.76], [842.84, 10.31], [842.85, 5.89], [842.86, 3.44]], "timestamp": "2025-12-18T00:14:37.037850+00:00"}, {"symbol": "BNBUSDT", "bids": [[842.84, 30.13], [842.83, 3.39], [842.82, 13.72], [842.81, 11.08], [842.8, 8.72], [842.79, 10.2], [842.78, 6.61], [842.77, 5.98], [842.76, 3.9], [842.75, 11.29], [842.74, 7.38], [842.73, 0.08], [842.72, 2.39], [842.71, 2.86], [842.7, 12.0], [842.69, 7.43], [842.68, 0.85], [842.67, 0.03], [842.66, 0.01], [842.65, 0.08]], "asks": [[842.85, 5.42], [842.86, 0.01], [842.87, 2.85], [842.88, 8.03], [842.89, 3.62], [842.9, 5.18], [842.91, 8.0], [842.92, 4.75], [842.93, 6.53], [842.94, 10.32], [842.95, 3.23], [842.96, 12.32], [842.97, 11.85], [842.98, 10.77], [842.99, 30.79], [843.0, 39.35], [843.01, 0.48], [843.02, 0.01], [843.03, 2.35], [843.04, 0.69]], "timestamp": "2025-12-18T00:15:31.311134+00:00"}, {"symbol": "BNBUSDT", "bids": [[842.91, 19.3], [842.9, 1.66], [842.88, 1.26], [842.87, 2.46], [842.86, 3.12], [842.85, 0.73], [842.84, 8.05], [842.83, 9.94], [842.82, 6.17], [842.81, 7.47], [842.8, 0.04], [842.79, 1.75], [842.78, 1.61], [842.77, 1.71], [842.76, 8.58], [842.75, 3.25], [842.74, 0.09], [842.73, 0.1], [842.72, 7.33], [842.71, 6.69]], "asks": [[842.92, 0.71], [842.93, 1.92], [842.94, 1.93], [842.95, 1.07], [842.96, 0.5], [842.97, 2.14], [842.98, 0.63], [842.99, 6.96], [843.0, 4.66], [843.01, 8.98], [843.02, 47.37], [843.03, 0.15], [843.04, 6.46], [843.05, 4.17], [843.06, 9.37], [843.07, 13.05], [843.08, 16.64], [843.09, 11.95], [843.1, 10.52], [843.11, 1.09]], "timestamp": "2025-12-18T00:16:24.765492+00:00"}, {"symbol": "BNBUSDT", "bids": [[843.64, 27.44], [843.63, 14.75], [843.62, 4.25], [843.61, 7.86], [843.6, 12.35], [843.59, 10.14], [843.58, 0.1], [843.57, 10.69], [843.56, 15.19], [843.55, 12.85], [843.54, 4.38], [843.53, 0.11], [843.52, 0.04], [843.51, 0.09], [843.5, 2.35], [843.49, 3.31], [843.48, 6.07], [843.47, 2.23], [843.46, 0.2], [843.45, 1.85]], "asks": [[843.65, 4.15], [843.66, 5.34], [843.67, 0.03], [843.68, 0.01], [843.69, 0.03], [843.7, 2.62], [843.71, 3.67], [843.72, 0.53], [843.73, 1.94], [843.74, 3.04], [843.75, 0.34], [843.76, 9.92], [843.77, 3.93], [843.78, 0.03], [843.79, 2.62], [843.8, 12.14], [843.81, 10.38], [843.82, 7.78], [843.83, 2.69], [843.84, 62.82]], "timestamp": "2025-12-18T00:17:20.780063+00:00"}, {"symbol": "BNBUSDT", "bids": [[843.12, 16.57], [843.11, 3.33], [843.1, 0.13], [843.09, 0.02], [843.06, 2.25], [843.05, 0.04], [843.04, 1.52], [843.03, 8.08], [843.02, 0.1], [843.01, 1.15], [843.0, 9.22], [842.99, 9.5], [842.98, 10.19], [842.97, 9.45], [842.96, 19.74], [842.95, 5.84], [842.94, 2.1], [842.93, 7.54], [842.92, 9.57], [842.91, 10.86]], "asks": [[843.13, 21.78], [843.14, 1.67], [843.15, 3.93], [843.16, 0.26], [843.17, 0.04], [843.18, 0.03], [843.19, 3.87], [843.2, 7.35], [843.21, 8.29], [843.22, 0.46], [843.23, 3.54], [843.24, 1.51], [843.25, 5.86], [843.26, 0.29], [843.27, 1.16], [843.28, 4.69], [843.29, 4.4], [843.3, 2.98], [843.31, 9.31], [843.32, 28.38]], "timestamp": "2025-12-18T00:18:14.952426+00:00"}, {"symbol": "BNBUSDT", "bids": [[843.18, 30.59], [843.17, 4.07], [843.16, 9.64], [843.15, 6.6], [843.14, 0.03], [843.13, 8.12], [843.12, 3.76], [843.11, 2.16], [843.1, 5.35], [843.09, 0.03], [843.08, 0.04], [843.07, 2.77], [843.06, 10.81], [843.05, 8.81], [843.04, 4.46], [843.03, 1.36], [843.02, 1.98], [843.01, 1.2], [843.0, 14.17], [842.99, 6.76]], "asks": [[843.19, 3.0], [843.2, 0.01], [843.24, 2.48], [843.25, 6.98], [843.26, 0.51], [843.27, 1.79], [843.28, 7.15], [843.29, 9.74], [843.3, 3.08], [843.31, 4.65], [843.32, 10.93], [843.33, 61.78], [843.34, 0.24], [843.35, 5.24], [843.36, 9.61], [843.37, 0.25], [843.38, 8.6], [843.39, 2.74], [843.4, 1.98], [843.41, 0.41]], "timestamp": "2025-12-18T00:19:08.882836+00:00"}, {"symbol": "BNBUSDT", "bids": [[842.95, 44.87], [842.94, 3.11], [842.93, 5.89], [842.92, 13.82], [842.91, 2.36], [842.9, 6.34], [842.89, 10.95], [842.88, 1.26], [842.87, 4.05], [842.86, 3.29], [842.85, 1.44], [842.84, 0.4], [842.83, 2.48], [842.82, 3.76], [842.81, 3.5], [842.8, 9.66], [842.79, 5.34], [842.78, 5.69], [842.77, 6.57], [842.76, 10.49]], "asks": [[842.96, 4.7], [842.97, 0.06], [843.0, 0.02], [843.01, 0.02], [843.02, 0.02], [843.03, 0.48], [843.04, 2.4], [843.06, 4.34], [843.07, 3.32], [843.08, 11.13], [843.09, 0.05], [843.1, 7.14], [843.11, 2.24], [843.12, 13.67], [843.13, 4.32], [843.14, 0.31], [843.15, 5.31], [843.16, 90.12], [843.17, 14.52], [843.18, 5.49]], "timestamp": "2025-12-18T00:20:02.780211+00:00"}, {"symbol": "BNBUSDT", "bids": [[842.54, 7.7], [842.53, 0.91], [842.52, 0.02], [842.51, 0.06], [842.5, 0.01], [842.49, 3.07], [842.48, 0.22], [842.46, 0.01], [842.45, 1.41], [842.44, 8.57], [842.43, 3.23], [842.42, 0.29], [842.41, 0.19], [842.4, 1.99], [842.39, 2.36], [842.38, 0.04], [842.37, 0.05], [842.36, 0.16], [842.35, 5.53], [842.34, 5.37]], "asks": [[842.55, 16.61], [842.56, 1.46], [842.57, 0.11], [842.58, 2.14], [842.59, 0.03], [842.6, 4.79], [842.61, 2.77], [842.62, 2.91], [842.63, 2.26], [842.64, 5.38], [842.65, 3.79], [842.66, 1.14], [842.67, 8.01], [842.68, 18.72], [842.69, 8.54], [842.7, 70.75], [842.71, 5.05], [842.72, 6.14], [842.73, 2.76], [842.74, 7.35]], "timestamp": "2025-12-18T00:20:57.424257+00:00"}, {"symbol": "BNBUSDT", "bids": [[842.97, 23.68], [842.96, 0.01], [842.95, 2.3], [842.94, 0.03], [842.93, 0.02], [842.92, 3.23], [842.91, 14.02], [842.9, 0.02], [842.89, 2.36], [842.88, 1.53], [842.87, 1.3], [842.86, 4.07], [842.85, 5.93], [842.84, 3.16], [842.83, 6.34], [842.82, 0.01], [842.81, 1.52], [842.8, 9.58], [842.79, 13.64], [842.78, 34.08]], "asks": [[842.98, 18.08], [842.99, 0.11], [843.0, 4.26], [843.01, 2.02], [843.02, 4.14], [843.03, 4.57], [843.04, 4.86], [843.05, 18.84], [843.06, 18.0], [843.07, 27.58], [843.08, 21.14], [843.09, 8.26], [843.1, 0.24], [843.11, 7.77], [843.12, 4.08], [843.13, 7.46], [843.14, 2.3], [843.15, 1.89], [843.16, 30.61], [843.17, 3.75]], "timestamp": "2025-12-18T00:21:51.326755+00:00"}, {"symbol": "BNBUSDT", "bids": [[843.3, 12.13], [843.28, 4.82], [843.27, 7.4], [843.26, 10.53], [843.25, 10.13], [843.24, 9.9], [843.23, 25.23], [843.21, 13.98], [843.2, 17.91], [843.19, 11.86], [843.18, 20.37], [843.17, 13.21], [843.16, 1.32], [843.15, 0.14], [843.14, 0.04], [843.13, 0.01], [843.12, 2.26], [843.11, 0.68], [843.1, 1.0], [843.09, 0.03]], "asks": [[843.31, 16.08], [843.32, 0.01], [843.33, 1.62], [843.34, 2.26], [843.35, 0.02], [843.36, 8.03], [843.37, 20.99], [843.38, 4.13], [843.39, 4.23], [843.4, 53.71], [843.41, 4.51], [843.42, 4.68], [843.43, 5.57], [843.44, 7.55], [843.45, 1.73], [843.46, 2.36], [843.47, 3.17], [843.48, 6.59], [843.49, 13.73], [843.5, 1.3]], "timestamp": "2025-12-18T00:22:45.601120+00:00"}, {"symbol": "BNBUSDT", "bids": [[843.53, 4.3], [843.52, 0.04], [843.51, 0.01], [843.5, 4.06], [843.49, 2.18], [843.48, 4.28], [843.47, 0.04], [843.46, 0.1], [843.45, 2.29], [843.44, 1.2], [843.43, 4.18], [843.42, 0.78], [843.41, 3.47], [843.4, 10.82], [843.39, 3.57], [843.37, 5.16], [843.36, 13.44], [843.35, 42.12], [843.34, 0.64], [843.33, 14.08]], "asks": [[843.54, 21.02], [843.55, 4.26], [843.56, 19.07], [843.57, 0.09], [843.58, 1.66], [843.59, 8.58], [843.6, 6.69], [843.61, 5.15], [843.62, 3.78], [843.63, 0.02], [843.64, 5.01], [843.65, 3.85], [843.66, 0.7], [843.67, 10.17], [843.68, 16.7], [843.69, 4.36], [843.7, 6.26], [843.71, 51.94], [843.72, 28.69], [843.73, 0.95]], "timestamp": "2025-12-18T00:23:39.258404+00:00"}, {"symbol": "BNBUSDT", "bids": [[843.61, 1.2], [843.6, 0.05], [843.59, 0.02], [843.58, 0.15], [843.57, 0.15], [843.56, 0.75], [843.54, 2.17], [843.53, 0.21], [843.52, 4.33], [843.51, 8.38], [843.5, 5.11], [843.49, 0.08], [843.48, 4.83], [843.47, 1.88], [843.45, 4.67], [843.44, 3.98], [843.43, 1.23], [843.42, 5.45], [843.41, 12.77], [843.4, 7.53]], "asks": [[843.62, 27.2], [843.63, 3.19], [843.64, 5.76], [843.65, 3.73], [843.68, 0.01], [843.69, 18.26], [843.7, 15.52], [843.71, 15.76], [843.72, 7.33], [843.73, 8.8], [843.75, 0.01], [843.76, 9.58], [843.77, 2.21], [843.78, 3.44], [843.79, 6.21], [843.8, 13.74], [843.81, 54.63], [843.82, 11.81], [843.83, 10.42], [843.84, 10.63]], "timestamp": "2025-12-18T00:24:32.814873+00:00"}, {"symbol": "BNBUSDT", "bids": [[843.92, 23.39], [843.91, 1.23], [843.89, 0.68], [843.88, 1.77], [843.87, 4.22], [843.86, 6.86], [843.85, 9.4], [843.84, 20.17], [843.83, 11.19], [843.82, 7.78], [843.81, 8.18], [843.8, 16.59], [843.79, 7.8], [843.78, 1.0], [843.77, 0.25], [843.76, 11.74], [843.75, 7.66], [843.74, 3.69], [843.73, 0.57], [843.72, 17.14]], "asks": [[843.93, 12.14], [843.94, 1.37], [843.95, 3.74], [843.96, 0.54], [843.97, 0.05], [843.98, 0.6], [843.99, 2.45], [844.0, 3.98], [844.01, 2.05], [844.02, 8.22], [844.03, 1.43], [844.04, 4.93], [844.05, 5.42], [844.06, 10.47], [844.07, 8.81], [844.08, 16.31], [844.09, 44.24], [844.1, 0.91], [844.11, 6.18], [844.12, 12.92]], "timestamp": "2025-12-18T00:25:26.678293+00:00"}, {"symbol": "BNBUSDT", "bids": [[843.91, 5.8], [843.9, 0.02], [843.85, 0.13], [843.84, 0.03], [843.83, 0.02], [843.82, 0.09], [843.81, 0.04], [843.8, 0.7], [843.78, 8.14], [843.77, 1.35], [843.76, 6.64], [843.75, 0.04], [843.74, 11.45], [843.73, 0.03], [843.72, 2.4], [843.71, 4.83], [843.7, 3.88], [843.69, 4.56], [843.68, 8.42], [843.67, 6.12]], "asks": [[843.92, 34.01], [843.93, 0.02], [843.94, 0.26], [843.95, 0.03], [843.96, 6.01], [843.97, 3.86], [843.98, 5.1], [843.99, 8.02], [844.0, 1.51], [844.01, 7.59], [844.02, 0.47], [844.03, 8.16], [844.04, 59.49], [844.05, 7.75], [844.06, 0.13], [844.07, 15.43], [844.08, 11.7], [844.09, 12.26], [844.1, 9.83], [844.11, 0.43]], "timestamp": "2025-12-18T00:26:20.541810+00:00"}, {"symbol": "BNBUSDT", "bids": [[843.83, 3.82], [843.82, 0.02], [843.81, 0.07], [843.78, 0.01], [843.77, 0.03], [843.76, 8.14], [843.75, 3.44], [843.74, 2.9], [843.73, 0.03], [843.72, 6.25], [843.71, 4.01], [843.7, 0.01], [843.69, 1.92], [843.68, 9.34], [843.67, 8.88], [843.66, 6.0], [843.65, 9.42], [843.64, 0.34], [843.63, 4.88], [843.62, 6.45]], "asks": [[843.84, 50.14], [843.85, 2.4], [843.86, 3.53], [843.87, 2.81], [843.88, 8.84], [843.89, 2.34], [843.9, 13.1], [843.92, 0.03], [843.93, 1.5], [843.94, 3.37], [843.95, 6.24], [843.96, 13.5], [843.97, 17.53], [843.98, 11.07], [843.99, 13.27], [844.0, 19.23], [844.01, 10.1], [844.02, 4.04], [844.03, 4.28], [844.04, 24.04]], "timestamp": "2025-12-18T00:27:14.920620+00:00"}, {"symbol": "BNBUSDT", "bids": [[843.89, 11.73], [843.88, 0.03], [843.87, 0.13], [843.86, 1.16], [843.85, 0.02], [843.84, 4.82], [843.83, 8.08], [843.82, 2.75], [843.81, 3.7], [843.8, 3.05], [843.79, 3.7], [843.78, 5.98], [843.77, 6.04], [843.76, 10.82], [843.75, 8.04], [843.74, 13.77], [843.73, 10.77], [843.72, 12.45], [843.71, 6.62], [843.7, 13.49]], "asks": [[843.9, 20.25], [843.91, 0.02], [843.92, 0.01], [843.93, 0.02], [843.94, 1.06], [843.95, 0.41], [843.96, 2.83], [843.97, 2.29], [843.98, 12.58], [843.99, 2.26], [844.0, 1.75], [844.01, 2.97], [844.02, 0.19], [844.03, 7.16], [844.04, 9.16], [844.05, 9.44], [844.06, 1.85], [844.07, 41.82], [844.08, 10.74], [844.09, 2.05]], "timestamp": "2025-12-18T00:28:08.473669+00:00"}, {"symbol": "BNBUSDT", "bids": [[844.24, 12.25], [844.23, 1.02], [844.22, 0.03], [844.21, 0.13], [844.2, 1.09], [844.19, 0.02], [844.18, 0.02], [844.17, 3.95], [844.16, 6.97], [844.15, 5.68], [844.14, 6.52], [844.13, 4.32], [844.12, 2.36], [844.11, 5.08], [844.1, 9.55], [844.09, 0.02], [844.08, 6.65], [844.07, 1.97], [844.06, 0.24], [844.05, 6.75]], "asks": [[844.25, 21.19], [844.26, 1.73], [844.27, 6.23], [844.28, 1.04], [844.29, 0.41], [844.3, 2.45], [844.31, 0.35], [844.32, 20.36], [844.33, 98.54], [844.34, 3.42], [844.35, 1.15], [844.36, 7.34], [844.37, 4.21], [844.38, 0.37], [844.39, 35.27], [844.4, 9.58], [844.41, 8.51], [844.42, 12.93], [844.43, 20.0], [844.44, 4.18]], "timestamp": "2025-12-18T00:29:02.441675+00:00"}, {"symbol": "BNBUSDT", "bids": [[844.44, 6.98], [844.43, 0.27], [844.42, 7.79], [844.41, 7.81], [844.4, 7.79], [844.39, 1.14], [844.38, 10.65], [844.37, 3.39], [844.36, 7.87], [844.35, 5.78], [844.34, 0.91], [844.33, 1.37], [844.32, 6.13], [844.31, 2.27], [844.3, 0.98], [844.29, 0.7], [844.28, 4.75], [844.27, 7.43], [844.26, 6.7], [844.25, 7.73]], "asks": [[844.45, 15.83], [844.46, 5.53], [844.47, 4.36], [844.48, 2.87], [844.49, 0.24], [844.5, 12.04], [844.51, 2.46], [844.52, 1.73], [844.53, 0.05], [844.54, 0.37], [844.55, 1.32], [844.56, 13.91], [844.57, 37.94], [844.58, 9.07], [844.59, 3.24], [844.6, 54.09], [844.61, 6.25], [844.62, 18.93], [844.63, 0.49], [844.64, 1.15]], "timestamp": "2025-12-18T00:29:56.712598+00:00"}, {"symbol": "BNBUSDT", "bids": [[844.39, 30.78], [844.38, 7.81], [844.37, 7.79], [844.36, 8.49], [844.35, 2.03], [844.34, 2.28], [844.33, 1.27], [844.32, 1.23], [844.31, 2.11], [844.3, 3.33], [844.29, 1.84], [844.28, 11.37], [844.27, 9.7], [844.26, 1.7], [844.25, 2.85], [844.24, 0.02], [844.23, 7.55], [844.22, 4.16], [844.21, 2.06], [844.2, 4.17]], "asks": [[844.4, 5.81], [844.43, 0.05], [844.44, 11.03], [844.45, 1.15], [844.46, 9.83], [844.47, 2.69], [844.48, 52.2], [844.49, 2.49], [844.5, 5.29], [844.51, 8.5], [844.52, 0.04], [844.53, 3.13], [844.54, 0.32], [844.55, 0.31], [844.56, 14.89], [844.57, 2.49], [844.58, 4.0], [844.59, 9.64], [844.6, 14.93], [844.61, 10.32]], "timestamp": "2025-12-18T00:30:50.780395+00:00"}, {"symbol": "BNBUSDT", "bids": [[844.48, 55.54], [844.47, 0.11], [844.46, 8.25], [844.45, 13.23], [844.44, 6.53], [844.42, 8.7], [844.41, 6.01], [844.4, 19.04], [844.39, 12.61], [844.38, 5.03], [844.37, 0.28], [844.36, 7.17], [844.35, 5.23], [844.34, 2.37], [844.33, 8.64], [844.32, 0.05], [844.31, 1.04], [844.3, 6.18], [844.29, 2.4], [844.28, 6.51]], "asks": [[844.49, 2.76], [844.5, 0.01], [844.52, 0.61], [844.53, 0.06], [844.55, 0.62], [844.56, 1.66], [844.57, 0.31], [844.58, 3.93], [844.59, 2.41], [844.6, 2.91], [844.61, 6.21], [844.62, 2.26], [844.63, 0.75], [844.64, 24.58], [844.65, 2.58], [844.66, 5.91], [844.67, 0.47], [844.68, 13.16], [844.69, 0.37], [844.7, 0.51]], "timestamp": "2025-12-18T00:31:45.116639+00:00"}, {"symbol": "BNBUSDT", "bids": [[844.7, 37.73], [844.69, 5.99], [844.68, 17.22], [844.67, 11.19], [844.66, 7.24], [844.65, 10.73], [844.64, 10.67], [844.63, 5.99], [844.62, 0.01], [844.61, 12.93], [844.6, 4.28], [844.59, 2.31], [844.58, 1.78], [844.57, 0.01], [844.56, 0.02], [844.55, 2.2], [844.54, 7.21], [844.53, 6.95], [844.52, 0.23], [844.51, 0.11]], "asks": [[844.71, 12.91], [844.72, 2.33], [844.73, 0.28], [844.74, 0.04], [844.76, 5.42], [844.77, 2.3], [844.78, 9.68], [844.79, 4.74], [844.8, 50.8], [844.81, 0.29], [844.82, 2.74], [844.83, 0.07], [844.84, 3.57], [844.85, 0.57], [844.86, 2.4], [844.87, 5.76], [844.88, 14.96], [844.89, 17.56], [844.9, 21.96], [844.91, 25.56]], "timestamp": "2025-12-18T00:32:39.121637+00:00"}, {"symbol": "BNBUSDT", "bids": [[845.04, 28.97], [845.03, 18.21], [845.02, 0.01], [845.01, 4.06], [845.0, 0.07], [844.99, 1.22], [844.98, 2.97], [844.96, 2.83], [844.95, 1.71], [844.94, 7.71], [844.93, 5.28], [844.92, 0.08], [844.91, 3.21], [844.9, 6.44], [844.89, 2.14], [844.88, 13.79], [844.87, 6.33], [844.86, 22.66], [844.85, 5.4], [844.84, 6.72]], "asks": [[845.05, 7.99], [845.06, 1.27], [845.07, 0.05], [845.08, 0.87], [845.09, 0.74], [845.1, 0.74], [845.11, 0.01], [845.12, 0.94], [845.13, 2.11], [845.14, 8.78], [845.15, 4.82], [845.16, 0.48], [845.17, 20.0], [845.18, 47.17], [845.19, 51.31], [845.2, 17.35], [845.21, 0.29], [845.22, 4.65], [845.23, 2.33], [845.24, 6.49]], "timestamp": "2025-12-18T00:33:32.984964+00:00"}, {"symbol": "BNBUSDT", "bids": [[845.43, 15.06], [845.42, 0.08], [845.41, 4.31], [845.4, 0.02], [845.37, 1.58], [845.36, 10.38], [845.35, 0.59], [845.34, 0.01], [845.33, 0.66], [845.32, 2.47], [845.31, 2.63], [845.3, 2.91], [845.29, 4.17], [845.28, 4.44], [845.27, 1.8], [845.26, 6.75], [845.25, 8.14], [845.24, 6.41], [845.23, 13.68], [845.22, 14.25]], "asks": [[845.44, 49.41], [845.45, 12.02], [845.46, 0.03], [845.47, 0.36], [845.48, 0.05], [845.49, 1.39], [845.5, 0.59], [845.51, 0.01], [845.52, 3.62], [845.53, 1.27], [845.54, 2.52], [845.55, 7.36], [845.56, 10.59], [845.57, 6.58], [845.58, 47.46], [845.59, 2.88], [845.6, 3.76], [845.61, 5.46], [845.62, 12.59], [845.63, 0.36]], "timestamp": "2025-12-18T00:34:26.643295+00:00"}, {"symbol": "BNBUSDT", "bids": [[845.34, 41.15], [845.33, 0.02], [845.32, 0.19], [845.31, 0.94], [845.3, 2.62], [845.29, 3.25], [845.28, 0.05], [845.27, 6.41], [845.26, 7.69], [845.25, 18.28], [845.24, 3.36], [845.23, 5.37], [845.22, 3.81], [845.21, 8.25], [845.2, 20.96], [845.19, 9.43], [845.18, 11.39], [845.17, 12.56], [845.16, 12.01], [845.15, 12.54]], "asks": [[845.35, 16.35], [845.36, 9.08], [845.4, 4.34], [845.41, 0.01], [845.42, 13.11], [845.43, 1.7], [845.44, 16.84], [845.45, 12.9], [845.46, 3.73], [845.47, 0.36], [845.48, 4.34], [845.49, 10.87], [845.5, 6.37], [845.51, 49.05], [845.52, 1.67], [845.53, 3.14], [845.54, 12.7], [845.55, 8.82], [845.56, 0.08], [845.57, 2.74]], "timestamp": "2025-12-18T00:35:20.813740+00:00"}, {"symbol": "BNBUSDT", "bids": [[845.14, 34.3], [845.13, 0.01], [845.12, 0.01], [845.11, 0.04], [845.09, 3.98], [845.08, 2.35], [845.07, 3.94], [845.06, 9.41], [845.05, 0.01], [845.04, 4.54], [845.03, 6.34], [845.02, 0.41], [845.01, 12.8], [845.0, 5.43], [844.99, 3.87], [844.98, 0.62], [844.97, 4.76], [844.96, 9.97], [844.95, 7.1], [844.94, 27.86]], "asks": [[845.15, 22.5], [845.16, 2.18], [845.17, 0.03], [845.18, 0.75], [845.19, 0.08], [845.2, 1.17], [845.21, 0.22], [845.22, 1.34], [845.23, 8.89], [845.24, 9.74], [845.25, 1.86], [845.26, 5.98], [845.27, 8.66], [845.28, 54.67], [845.29, 4.48], [845.3, 7.35], [845.31, 1.35], [845.32, 4.08], [845.33, 1.35], [845.34, 3.03]], "timestamp": "2025-12-18T00:36:14.469647+00:00"}, {"symbol": "BNBUSDT", "bids": [[844.96, 2.05], [844.95, 0.03], [844.93, 0.23], [844.92, 0.02], [844.91, 0.56], [844.9, 2.96], [844.89, 0.06], [844.88, 0.02], [844.87, 0.4], [844.86, 0.55], [844.85, 0.26], [844.84, 5.86], [844.83, 3.56], [844.82, 5.41], [844.81, 0.67], [844.8, 4.36], [844.79, 5.32], [844.78, 4.45], [844.77, 14.01], [844.76, 6.68]], "asks": [[844.97, 60.7], [844.98, 0.68], [844.99, 5.67], [845.0, 6.02], [845.01, 5.98], [845.02, 11.02], [845.03, 8.15], [845.04, 9.9], [845.05, 23.79], [845.06, 19.29], [845.07, 8.23], [845.08, 13.42], [845.09, 1.6], [845.1, 4.23], [845.11, 18.52], [845.12, 55.95], [845.13, 1.82], [845.14, 7.53], [845.15, 2.93], [845.16, 11.67]], "timestamp": "2025-12-18T00:37:08.562035+00:00"}, {"symbol": "BNBUSDT", "bids": [[844.88, 11.4], [844.87, 0.01], [844.86, 0.02], [844.85, 0.02], [844.83, 0.01], [844.82, 0.02], [844.81, 3.8], [844.8, 10.36], [844.79, 10.33], [844.78, 0.44], [844.77, 3.61], [844.76, 9.23], [844.75, 6.68], [844.74, 0.45], [844.73, 4.44], [844.72, 9.29], [844.71, 3.64], [844.7, 2.83], [844.69, 8.3], [844.68, 17.02]], "asks": [[844.89, 36.34], [844.9, 12.85], [844.91, 4.1], [844.92, 0.59], [844.93, 1.16], [844.94, 2.25], [844.95, 0.17], [844.96, 16.05], [844.97, 65.02], [844.98, 19.85], [844.99, 24.72], [845.0, 10.39], [845.01, 8.12], [845.02, 7.51], [845.03, 0.13], [845.04, 1.27], [845.05, 5.74], [845.06, 0.02], [845.07, 2.28], [845.08, 0.18]], "timestamp": "2025-12-18T00:38:02.403828+00:00"}, {"symbol": "BNBUSDT", "bids": [[845.05, 25.32], [845.04, 0.04], [845.03, 24.46], [845.02, 0.04], [845.01, 10.7], [845.0, 2.49], [844.99, 0.03], [844.98, 4.66], [844.97, 0.07], [844.96, 1.65], [844.95, 4.0], [844.94, 1.48], [844.93, 2.25], [844.92, 3.54], [844.91, 2.93], [844.9, 3.59], [844.89, 0.4], [844.88, 4.24], [844.87, 2.29], [844.86, 3.64]], "asks": [[845.06, 9.83], [845.07, 0.04], [845.08, 0.02], [845.09, 0.02], [845.1, 0.11], [845.12, 0.48], [845.13, 9.38], [845.14, 2.45], [845.15, 0.17], [845.16, 56.17], [845.17, 1.7], [845.18, 1.04], [845.19, 3.76], [845.2, 16.36], [845.21, 4.1], [845.22, 2.5], [845.23, 15.32], [845.24, 10.5], [845.25, 1.9], [845.26, 6.16]], "timestamp": "2025-12-18T00:38:57.393605+00:00"}, {"symbol": "BNBUSDT", "bids": [[845.15, 37.81], [845.14, 9.99], [845.13, 22.15], [845.12, 1.64], [845.11, 1.99], [845.1, 3.8], [845.09, 3.51], [845.08, 4.53], [845.07, 1.87], [845.06, 3.79], [845.05, 6.26], [845.04, 2.79], [845.03, 13.65], [845.02, 12.3], [845.01, 16.65], [845.0, 13.94], [844.99, 10.89], [844.98, 1.66], [844.97, 16.0], [844.96, 5.24]], "asks": [[845.16, 8.77], [845.17, 0.37], [845.18, 0.02], [845.2, 0.04], [845.21, 2.74], [845.22, 0.16], [845.23, 0.27], [845.24, 0.84], [845.25, 1.51], [845.26, 8.44], [845.27, 0.73], [845.28, 9.15], [845.29, 2.38], [845.3, 2.3], [845.31, 1.97], [845.32, 46.7], [845.33, 2.42], [845.34, 0.31], [845.35, 2.69], [845.36, 4.12]], "timestamp": "2025-12-18T00:39:51.462232+00:00"}, {"symbol": "BNBUSDT", "bids": [[844.8, 27.4], [844.79, 13.81], [844.78, 16.03], [844.77, 14.06], [844.76, 10.13], [844.75, 8.92], [844.74, 6.23], [844.73, 11.82], [844.72, 17.28], [844.71, 15.52], [844.7, 11.77], [844.69, 14.37], [844.68, 12.38], [844.67, 12.09], [844.66, 6.89], [844.65, 5.64], [844.64, 8.48], [844.63, 6.2], [844.62, 2.3], [844.61, 4.65]], "asks": [[844.81, 0.24], [844.82, 0.04], [844.83, 0.02], [844.84, 0.04], [844.85, 1.69], [844.86, 7.57], [844.87, 3.08], [844.88, 7.66], [844.89, 0.48], [844.9, 0.42], [844.91, 41.89], [844.92, 7.91], [844.93, 2.53], [844.94, 2.59], [844.95, 0.01], [844.96, 19.57], [844.97, 4.97], [844.98, 3.53], [844.99, 1.75], [845.0, 13.8]], "timestamp": "2025-12-18T00:40:45.593865+00:00"}, {"symbol": "BNBUSDT", "bids": [[843.93, 1.06], [843.92, 0.01], [843.91, 0.02], [843.9, 0.01], [843.89, 0.04], [843.87, 1.11], [843.85, 0.03], [843.84, 8.63], [843.83, 1.23], [843.82, 2.67], [843.81, 0.04], [843.8, 0.17], [843.79, 0.02], [843.78, 1.6], [843.77, 1.57], [843.76, 0.42], [843.75, 5.06], [843.74, 4.14], [843.73, 5.45], [843.72, 11.49]], "asks": [[843.94, 58.36], [843.95, 32.5], [843.96, 51.01], [843.97, 2.91], [843.98, 14.78], [843.99, 10.96], [844.0, 0.04], [844.01, 6.01], [844.02, 0.01], [844.04, 1.32], [844.05, 0.35], [844.06, 7.17], [844.07, 13.78], [844.08, 24.34], [844.09, 17.84], [844.1, 7.9], [844.11, 20.2], [844.12, 0.07], [844.13, 6.25], [844.14, 2.43]], "timestamp": "2025-12-18T00:41:39.494398+00:00"}, {"symbol": "BNBUSDT", "bids": [[843.93, 25.92], [843.92, 2.9], [843.91, 14.2], [843.9, 0.02], [843.89, 10.12], [843.88, 8.92], [843.87, 15.8], [843.86, 0.02], [843.85, 7.69], [843.84, 1.79], [843.83, 4.34], [843.82, 4.53], [843.81, 1.57], [843.8, 3.75], [843.79, 13.65], [843.78, 0.02], [843.77, 0.55], [843.76, 9.82], [843.75, 7.07], [843.74, 13.84]], "asks": [[843.94, 14.0], [843.95, 10.74], [843.96, 7.89], [843.97, 8.0], [843.98, 0.02], [843.99, 3.78], [844.0, 0.02], [844.01, 2.46], [844.02, 0.55], [844.03, 0.58], [844.04, 7.12], [844.05, 16.39], [844.06, 3.05], [844.07, 1.04], [844.08, 26.09], [844.09, 1.27], [844.1, 6.03], [844.11, 43.5], [844.12, 5.16], [844.13, 2.27]], "timestamp": "2025-12-18T00:42:33.683792+00:00"}, {"symbol": "BNBUSDT", "bids": [[844.15, 42.63], [844.14, 0.01], [844.13, 13.68], [844.12, 16.61], [844.11, 13.19], [844.1, 11.94], [844.09, 17.92], [844.08, 19.89], [844.07, 18.31], [844.06, 21.76], [844.05, 7.77], [844.04, 3.67], [844.03, 15.24], [844.02, 0.01], [844.01, 1.03], [844.0, 3.77], [843.99, 1.63], [843.98, 2.3], [843.97, 1.86], [843.96, 0.03]], "asks": [[844.16, 2.02], [844.17, 1.48], [844.18, 0.2], [844.19, 0.01], [844.2, 1.33], [844.21, 0.08], [844.22, 0.79], [844.23, 2.89], [844.24, 5.39], [844.25, 12.28], [844.26, 16.31], [844.27, 2.39], [844.28, 12.05], [844.29, 9.9], [844.3, 52.32], [844.31, 10.06], [844.32, 6.77], [844.33, 4.33], [844.34, 5.69], [844.35, 0.75]], "timestamp": "2025-12-18T00:43:27.631316+00:00"}, {"symbol": "BNBUSDT", "bids": [[844.19, 5.91], [844.18, 1.4], [844.17, 0.01], [844.16, 0.2], [844.15, 2.08], [844.14, 0.05], [844.13, 2.25], [844.12, 0.15], [844.11, 8.27], [844.1, 1.82], [844.09, 0.26], [844.08, 8.67], [844.07, 0.82], [844.06, 6.1], [844.05, 4.13], [844.04, 2.98], [844.03, 3.67], [844.02, 0.36], [844.01, 2.85], [844.0, 11.05]], "asks": [[844.2, 41.15], [844.21, 14.99], [844.22, 10.16], [844.23, 0.07], [844.24, 4.26], [844.25, 10.97], [844.26, 5.23], [844.27, 6.06], [844.28, 47.15], [844.29, 8.93], [844.3, 11.88], [844.31, 5.83], [844.32, 0.07], [844.33, 4.91], [844.34, 16.59], [844.35, 0.02], [844.36, 5.75], [844.37, 0.02], [844.38, 6.01], [844.39, 3.63]], "timestamp": "2025-12-18T00:44:21.698560+00:00"}, {"symbol": "BNBUSDT", "bids": [[844.11, 39.58], [844.1, 0.17], [844.09, 4.82], [844.08, 14.01], [844.07, 20.74], [844.06, 18.19], [844.05, 8.13], [844.04, 22.89], [844.03, 17.1], [844.02, 0.36], [844.01, 4.59], [844.0, 3.94], [843.99, 1.24], [843.98, 12.39], [843.97, 9.87], [843.96, 9.76], [843.95, 9.55], [843.94, 13.96], [843.93, 6.1], [843.92, 5.58]], "asks": [[844.12, 20.48], [844.13, 0.06], [844.14, 0.21], [844.15, 0.26], [844.16, 0.05], [844.17, 0.01], [844.19, 0.02], [844.2, 0.06], [844.21, 0.02], [844.22, 0.2], [844.23, 1.32], [844.24, 0.81], [844.25, 1.67], [844.26, 0.03], [844.27, 3.04], [844.28, 2.64], [844.29, 12.13], [844.3, 43.08], [844.31, 5.28], [844.32, 9.81]], "timestamp": "2025-12-18T00:45:15.767221+00:00"}, {"symbol": "BNBUSDT", "bids": [[844.5, 12.6], [844.49, 1.97], [844.48, 0.02], [844.47, 0.02], [844.46, 8.57], [844.45, 6.0], [844.44, 9.37], [844.43, 6.14], [844.42, 0.04], [844.41, 4.15], [844.4, 6.42], [844.39, 1.14], [844.38, 5.24], [844.37, 0.04], [844.36, 4.25], [844.35, 1.82], [844.34, 5.67], [844.33, 6.25], [844.32, 2.42], [844.31, 10.56]], "asks": [[844.51, 27.22], [844.52, 5.64], [844.53, 4.72], [844.54, 0.24], [844.55, 1.84], [844.56, 7.39], [844.57, 3.3], [844.58, 4.62], [844.59, 0.19], [844.6, 7.16], [844.61, 7.21], [844.62, 10.44], [844.63, 38.4], [844.64, 1.92], [844.65, 0.5], [844.66, 2.3], [844.67, 7.02], [844.68, 2.02], [844.69, 6.0], [844.7, 0.65]], "timestamp": "2025-12-18T00:46:09.425292+00:00"}, {"symbol": "BNBUSDT", "bids": [[844.45, 23.56], [844.44, 0.03], [844.43, 6.41], [844.4, 4.55], [844.39, 4.42], [844.38, 3.72], [844.37, 12.48], [844.36, 12.38], [844.35, 0.28], [844.34, 0.48], [844.33, 3.12], [844.32, 3.9], [844.31, 8.11], [844.3, 10.9], [844.29, 12.43], [844.28, 14.39], [844.27, 16.69], [844.26, 7.92], [844.25, 10.74], [844.24, 10.22]], "asks": [[844.46, 15.96], [844.47, 2.07], [844.48, 0.01], [844.49, 0.01], [844.5, 1.01], [844.51, 0.42], [844.52, 0.01], [844.53, 0.61], [844.54, 0.06], [844.55, 2.27], [844.56, 3.44], [844.57, 0.33], [844.58, 1.51], [844.59, 3.2], [844.6, 16.17], [844.61, 33.28], [844.62, 15.3], [844.63, 4.35], [844.64, 6.41], [844.65, 8.24]], "timestamp": "2025-12-18T00:47:05.046242+00:00"}, {"symbol": "BNBUSDT", "bids": [[844.4, 55.76], [844.39, 4.27], [844.38, 21.48], [844.37, 30.35], [844.36, 45.78], [844.35, 8.32], [844.34, 14.11], [844.33, 1.55], [844.32, 4.08], [844.31, 1.39], [844.3, 5.02], [844.29, 2.21], [844.28, 2.45], [844.27, 13.52], [844.26, 0.93], [844.25, 11.38], [844.24, 29.83], [844.23, 1.29], [844.22, 1.47], [844.21, 9.62]], "asks": [[844.41, 0.35], [844.43, 0.02], [844.44, 0.03], [844.45, 0.08], [844.46, 0.1], [844.47, 0.28], [844.48, 0.01], [844.49, 0.57], [844.5, 0.03], [844.51, 0.42], [844.52, 0.01], [844.53, 0.21], [844.54, 2.47], [844.55, 0.02], [844.56, 2.79], [844.57, 2.95], [844.58, 1.48], [844.59, 0.77], [844.6, 17.11], [844.61, 32.74]], "timestamp": "2025-12-18T00:47:58.580717+00:00"}, {"symbol": "BNBUSDT", "bids": [[844.75, 3.02], [844.74, 0.02], [844.73, 0.01], [844.72, 0.01], [844.71, 0.01], [844.7, 0.03], [844.69, 0.02], [844.68, 0.49], [844.67, 3.3], [844.66, 0.88], [844.65, 7.28], [844.64, 4.2], [844.63, 3.01], [844.62, 0.45], [844.61, 3.03], [844.6, 7.59], [844.59, 0.44], [844.58, 7.58], [844.56, 6.63], [844.55, 5.34]], "asks": [[844.76, 67.27], [844.77, 6.31], [844.78, 7.5], [844.79, 12.6], [844.8, 21.41], [844.81, 0.07], [844.82, 3.73], [844.83, 0.02], [844.84, 1.44], [844.85, 2.35], [844.86, 1.64], [844.87, 3.09], [844.88, 6.02], [844.89, 5.92], [844.9, 2.92], [844.91, 6.58], [844.92, 6.75], [844.93, 9.11], [844.94, 0.26], [844.95, 13.5]], "timestamp": "2025-12-18T00:48:52.653037+00:00"}, {"symbol": "BNBUSDT", "bids": [[844.94, 38.09], [844.93, 0.01], [844.92, 6.52], [844.91, 13.79], [844.9, 13.26], [844.89, 9.1], [844.88, 3.89], [844.87, 2.25], [844.86, 1.91], [844.85, 2.9], [844.84, 11.45], [844.83, 5.07], [844.82, 7.11], [844.81, 0.14], [844.8, 8.58], [844.79, 8.83], [844.78, 14.98], [844.77, 9.27], [844.76, 3.62], [844.75, 4.25]], "asks": [[844.95, 0.1], [844.96, 0.05], [844.97, 0.25], [844.98, 0.02], [844.99, 0.11], [845.0, 3.5], [845.01, 0.3], [845.02, 0.01], [845.03, 8.45], [845.04, 0.02], [845.05, 0.02], [845.06, 2.54], [845.07, 0.64], [845.08, 0.96], [845.09, 1.27], [845.1, 1.87], [845.11, 5.06], [845.12, 3.27], [845.13, 17.3], [845.14, 16.52]], "timestamp": "2025-12-18T00:49:46.413894+00:00"}, {"symbol": "BNBUSDT", "bids": [[845.4, 97.22], [845.39, 27.89], [845.38, 13.54], [845.37, 8.33], [845.36, 24.95], [845.35, 12.97], [845.34, 10.9], [845.33, 23.17], [845.32, 16.59], [845.31, 6.95], [845.3, 2.06], [845.28, 5.59], [845.27, 1.76], [845.26, 6.34], [845.25, 1.84], [845.24, 15.31], [845.23, 4.04], [845.22, 3.23], [845.21, 4.94], [845.2, 16.57]], "asks": [[845.41, 0.95], [845.42, 0.02], [845.43, 0.03], [845.44, 1.86], [845.45, 10.1], [845.46, 0.04], [845.47, 1.34], [845.48, 0.87], [845.49, 0.03], [845.5, 2.81], [845.52, 4.13], [845.53, 0.09], [845.54, 0.28], [845.55, 0.67], [845.56, 1.75], [845.57, 2.49], [845.58, 0.35], [845.59, 3.66], [845.6, 4.28], [845.61, 4.96]], "timestamp": "2025-12-18T00:50:41.414864+00:00"}, {"symbol": "BNBUSDT", "bids": [[845.15, 7.49], [845.14, 2.61], [845.13, 11.18], [845.12, 8.87], [845.11, 0.07], [845.1, 2.27], [845.09, 1.6], [845.08, 2.09], [845.07, 0.72], [845.06, 0.92], [845.05, 2.17], [845.04, 14.78], [845.03, 13.61], [845.02, 9.24], [845.01, 7.4], [845.0, 32.12], [844.99, 15.47], [844.98, 8.95], [844.97, 2.55], [844.96, 9.49]], "asks": [[845.16, 17.54], [845.17, 3.79], [845.18, 3.71], [845.19, 1.2], [845.2, 9.7], [845.21, 3.86], [845.22, 5.98], [845.23, 3.78], [845.24, 3.2], [845.25, 13.2], [845.26, 4.22], [845.28, 3.75], [845.29, 13.09], [845.3, 2.7], [845.31, 0.07], [845.32, 2.28], [845.33, 0.14], [845.34, 1.22], [845.35, 3.61], [845.36, 7.05]], "timestamp": "2025-12-18T00:51:35.573743+00:00"}, {"symbol": "BNBUSDT", "bids": [[845.35, 17.14], [845.34, 0.63], [845.33, 0.18], [845.31, 1.75], [845.3, 7.94], [845.29, 3.71], [845.28, 0.04], [845.27, 18.89], [845.26, 9.71], [845.25, 18.26], [845.24, 11.26], [845.23, 9.65], [845.22, 11.21], [845.2, 0.14], [845.19, 2.88], [845.18, 0.01], [845.17, 1.02], [845.16, 0.03], [845.14, 0.84], [845.13, 1.71]], "asks": [[845.36, 11.42], [845.37, 0.17], [845.38, 0.09], [845.39, 0.19], [845.4, 7.32], [845.41, 1.95], [845.42, 2.93], [845.43, 2.5], [845.44, 3.56], [845.45, 3.74], [845.46, 4.09], [845.47, 1.97], [845.48, 11.66], [845.49, 0.08], [845.5, 2.43], [845.51, 9.6], [845.52, 2.9], [845.53, 3.4], [845.54, 5.91], [845.55, 10.77]], "timestamp": "2025-12-18T00:52:29.573545+00:00"}, {"symbol": "BNBUSDT", "bids": [[845.61, 41.1], [845.6, 4.82], [845.58, 0.72], [845.56, 14.09], [845.55, 17.24], [845.54, 19.78], [845.53, 9.11], [845.52, 11.29], [845.51, 4.73], [845.5, 6.76], [845.49, 2.49], [845.48, 4.61], [845.47, 8.04], [845.46, 0.28], [845.45, 7.9], [845.44, 7.4], [845.43, 16.35], [845.42, 9.1], [845.41, 6.06], [845.4, 4.8]], "asks": [[845.62, 11.87], [845.63, 1.4], [845.64, 3.58], [845.66, 3.06], [845.67, 0.06], [845.68, 2.62], [845.69, 11.82], [845.7, 49.87], [845.71, 14.34], [845.72, 2.51], [845.73, 0.9], [845.74, 0.27], [845.75, 1.82], [845.76, 2.14], [845.77, 5.19], [845.78, 0.28], [845.79, 2.78], [845.8, 9.43], [845.81, 2.47], [845.82, 21.1]], "timestamp": "2025-12-18T00:53:23.715258+00:00"}, {"symbol": "BNBUSDT", "bids": [[845.47, 23.4], [845.46, 1.16], [845.45, 3.84], [845.44, 1.15], [845.43, 1.29], [845.42, 6.17], [845.41, 2.25], [845.4, 0.01], [845.38, 3.41], [845.37, 8.31], [845.36, 3.08], [845.35, 5.7], [845.34, 5.58], [845.33, 9.37], [845.32, 4.66], [845.31, 6.22], [845.3, 7.33], [845.29, 17.53], [845.28, 7.83], [845.27, 7.12]], "asks": [[845.48, 9.69], [845.49, 0.13], [845.52, 4.36], [845.53, 2.67], [845.54, 0.22], [845.55, 6.34], [845.56, 0.08], [845.57, 0.65], [845.58, 2.94], [845.59, 0.02], [845.6, 0.1], [845.61, 2.17], [845.62, 5.32], [845.64, 0.36], [845.65, 4.29], [845.66, 11.13], [845.67, 0.44], [845.68, 0.49], [845.69, 16.84], [845.7, 55.15]], "timestamp": "2025-12-18T00:54:17.573117+00:00"}, {"symbol": "BNBUSDT", "bids": [[845.6, 49.61], [845.59, 7.9], [845.58, 17.26], [845.57, 13.06], [845.56, 14.25], [845.55, 17.01], [845.54, 11.09], [845.53, 8.7], [845.52, 8.41], [845.51, 3.85], [845.5, 6.02], [845.49, 3.51], [845.48, 19.83], [845.47, 8.4], [845.46, 3.6], [845.45, 14.34], [845.44, 10.86], [845.43, 7.22], [845.42, 10.06], [845.41, 1.65]], "asks": [[845.61, 6.54], [845.62, 0.03], [845.63, 0.01], [845.64, 1.48], [845.65, 5.32], [845.67, 0.07], [845.68, 0.94], [845.69, 10.84], [845.7, 49.88], [845.71, 14.89], [845.72, 3.51], [845.73, 1.26], [845.74, 0.83], [845.75, 3.59], [845.76, 1.71], [845.77, 5.2], [845.78, 0.07], [845.79, 4.02], [845.8, 0.36], [845.81, 10.79]], "timestamp": "2025-12-18T00:55:11.743388+00:00"}, {"symbol": "BNBUSDT", "bids": [[845.99, 8.16], [845.98, 0.02], [845.97, 0.02], [845.95, 0.25], [845.92, 0.02], [845.91, 0.05], [845.9, 1.29], [845.89, 0.29], [845.88, 1.99], [845.87, 3.57], [845.86, 0.74], [845.85, 2.35], [845.84, 2.37], [845.83, 2.02], [845.82, 2.43], [845.81, 1.21], [845.8, 5.19], [845.79, 6.37], [845.78, 11.29], [845.77, 3.06]], "asks": [[846.0, 46.04], [846.01, 0.14], [846.02, 5.24], [846.03, 0.01], [846.04, 1.4], [846.05, 6.57], [846.06, 2.27], [846.07, 4.35], [846.08, 7.91], [846.09, 12.03], [846.1, 8.47], [846.11, 6.81], [846.12, 7.16], [846.13, 3.55], [846.14, 0.24], [846.15, 7.1], [846.16, 21.47], [846.17, 23.68], [846.18, 14.72], [846.19, 17.65]], "timestamp": "2025-12-18T00:56:06.016417+00:00"}, {"symbol": "BNBUSDT", "bids": [[845.6, 3.38], [845.59, 0.25], [845.58, 0.02], [845.57, 0.05], [845.55, 3.55], [845.54, 0.06], [845.53, 1.0], [845.52, 0.03], [845.51, 9.14], [845.5, 2.29], [845.49, 0.96], [845.48, 0.01], [845.47, 0.6], [845.46, 0.92], [845.45, 2.22], [845.44, 6.8], [845.43, 0.09], [845.42, 1.19], [845.41, 4.57], [845.4, 17.72]], "asks": [[845.61, 51.75], [845.62, 10.67], [845.63, 6.04], [845.64, 33.49], [845.65, 9.76], [845.66, 3.67], [845.67, 6.69], [845.68, 15.44], [845.69, 14.72], [845.7, 0.17], [845.71, 9.37], [845.72, 2.19], [845.73, 5.35], [845.74, 2.41], [845.75, 2.64], [845.76, 7.8], [845.77, 8.77], [845.78, 0.01], [845.79, 0.01], [845.8, 13.04]], "timestamp": "2025-12-18T00:57:01.005512+00:00"}, {"symbol": "BNBUSDT", "bids": [[845.61, 6.57], [845.6, 0.05], [845.59, 1.08], [845.58, 0.02], [845.57, 0.02], [845.55, 2.32], [845.53, 2.76], [845.52, 5.82], [845.51, 5.89], [845.5, 5.68], [845.49, 3.18], [845.48, 4.8], [845.47, 3.53], [845.46, 0.01], [845.45, 5.37], [845.44, 12.24], [845.43, 4.25], [845.42, 3.82], [845.41, 22.48], [845.4, 4.37]], "asks": [[845.62, 38.61], [845.63, 18.86], [845.64, 9.66], [845.65, 11.7], [845.66, 7.13], [845.67, 9.66], [845.68, 18.97], [845.69, 9.68], [845.7, 9.24], [845.71, 31.92], [845.72, 15.88], [845.73, 9.1], [845.74, 11.4], [845.75, 7.74], [845.76, 2.21], [845.77, 0.46], [845.78, 0.01], [845.79, 1.49], [845.8, 14.99], [845.81, 2.71]], "timestamp": "2025-12-18T00:57:54.268988+00:00"}, {"symbol": "BNBUSDT", "bids": [[845.61, 18.38], [845.6, 0.02], [845.59, 3.83], [845.57, 8.3], [845.56, 4.4], [845.55, 6.34], [845.54, 0.83], [845.53, 8.63], [845.52, 8.06], [845.51, 7.51], [845.5, 4.69], [845.49, 0.8], [845.48, 2.86], [845.47, 3.68], [845.46, 2.32], [845.45, 8.87], [845.44, 4.79], [845.43, 7.96], [845.42, 1.49], [845.41, 9.08]], "asks": [[845.62, 20.52], [845.63, 0.09], [845.64, 0.03], [845.65, 0.04], [845.67, 0.97], [845.68, 1.16], [845.69, 1.38], [845.7, 1.5], [845.71, 6.68], [845.72, 0.68], [845.73, 4.91], [845.74, 3.9], [845.75, 4.55], [845.76, 2.77], [845.77, 1.0], [845.78, 3.58], [845.79, 1.22], [845.8, 17.63], [845.81, 5.64], [845.82, 6.3]], "timestamp": "2025-12-18T00:58:49.039758+00:00"}, {"symbol": "BNBUSDT", "bids": [[845.7, 56.75], [845.69, 17.99], [845.68, 14.02], [845.67, 7.81], [845.66, 11.31], [845.65, 0.3], [845.64, 1.78], [845.63, 3.7], [845.62, 3.48], [845.61, 1.21], [845.6, 9.69], [845.59, 4.81], [845.58, 4.14], [845.57, 12.92], [845.56, 13.29], [845.55, 4.69], [845.54, 0.45], [845.53, 14.27], [845.52, 7.97], [845.51, 6.03]], "asks": [[845.71, 0.17], [845.72, 0.03], [845.73, 0.02], [845.74, 0.12], [845.75, 3.89], [845.76, 0.03], [845.77, 0.81], [845.78, 5.44], [845.79, 0.03], [845.8, 2.27], [845.81, 2.95], [845.82, 0.63], [845.84, 2.17], [845.85, 1.53], [845.86, 2.28], [845.87, 1.7], [845.88, 9.92], [845.89, 7.27], [845.9, 0.03], [845.91, 7.61]], "timestamp": "2025-12-18T00:59:43.679770+00:00"}, {"symbol": "BNBUSDT", "bids": [[845.07, 22.46], [845.06, 0.01], [845.05, 3.76], [845.04, 5.36], [845.03, 8.02], [845.02, 3.75], [845.01, 0.8], [845.0, 22.67], [844.99, 6.94], [844.98, 2.45], [844.97, 5.32], [844.96, 1.46], [844.95, 2.22], [844.94, 2.55], [844.93, 0.03], [844.92, 16.99], [844.91, 8.4], [844.9, 6.07], [844.89, 8.2], [844.88, 6.62]], "asks": [[845.08, 17.13], [845.09, 1.94], [845.1, 8.87], [845.11, 1.15], [845.12, 2.84], [845.13, 11.4], [845.14, 18.99], [845.15, 4.05], [845.16, 12.52], [845.17, 1.97], [845.18, 1.35], [845.19, 4.42], [845.2, 8.71], [845.21, 19.59], [845.22, 9.15], [845.23, 7.95], [845.24, 10.43], [845.25, 0.05], [845.26, 0.02], [845.27, 3.3]], "timestamp": "2025-12-18T01:00:37.687400+00:00"}, {"symbol": "BNBUSDT", "bids": [[844.56, 7.81], [844.55, 0.52], [844.54, 0.68], [844.53, 0.03], [844.51, 2.32], [844.5, 0.7], [844.49, 0.02], [844.48, 0.87], [844.47, 8.02], [844.46, 8.37], [844.45, 4.76], [844.44, 0.63], [844.43, 3.29], [844.42, 0.02], [844.41, 1.56], [844.4, 5.95], [844.39, 23.96], [844.38, 5.39], [844.37, 2.81], [844.36, 5.75]], "asks": [[844.57, 21.92], [844.58, 0.1], [844.59, 7.22], [844.6, 14.4], [844.61, 0.02], [844.62, 2.32], [844.63, 1.54], [844.64, 34.22], [844.65, 33.06], [844.66, 53.04], [844.67, 8.52], [844.68, 0.33], [844.69, 2.8], [844.7, 8.11], [844.71, 2.5], [844.72, 3.69], [844.73, 0.96], [844.74, 0.75], [844.75, 1.33], [844.76, 18.86]], "timestamp": "2025-12-18T01:01:31.141380+00:00"}, {"symbol": "BNBUSDT", "bids": [[844.3, 5.32], [844.29, 0.17], [844.26, 7.31], [844.25, 1.03], [844.24, 0.63], [844.23, 0.02], [844.22, 12.85], [844.21, 3.18], [844.2, 8.29], [844.19, 3.36], [844.18, 3.16], [844.17, 15.77], [844.16, 4.91], [844.15, 0.03], [844.14, 5.97], [844.13, 14.11], [844.12, 15.69], [844.11, 10.08], [844.1, 28.37], [844.09, 6.79]], "asks": [[844.31, 32.39], [844.32, 8.5], [844.33, 14.46], [844.34, 0.5], [844.35, 0.19], [844.36, 1.87], [844.37, 3.47], [844.38, 3.66], [844.39, 3.69], [844.4, 6.47], [844.41, 4.1], [844.42, 2.87], [844.43, 3.84], [844.44, 14.17], [844.45, 10.15], [844.46, 22.0], [844.47, 7.79], [844.48, 3.49], [844.49, 2.34], [844.5, 6.23]], "timestamp": "2025-12-18T01:02:25.413608+00:00"}, {"symbol": "BNBUSDT", "bids": [[844.11, 69.97], [844.1, 3.44], [844.09, 3.41], [844.08, 1.07], [844.07, 2.65], [844.06, 1.0], [844.05, 0.3], [844.04, 1.83], [844.03, 2.71], [844.02, 2.33], [844.01, 0.98], [844.0, 11.47], [843.99, 5.17], [843.98, 2.38], [843.97, 1.13], [843.96, 16.98], [843.95, 3.59], [843.94, 5.4], [843.93, 9.98], [843.92, 8.96]], "asks": [[844.12, 3.1], [844.13, 0.42], [844.14, 0.22], [844.16, 3.02], [844.18, 0.02], [844.19, 5.98], [844.2, 16.81], [844.21, 47.49], [844.22, 0.25], [844.23, 0.01], [844.24, 2.29], [844.25, 2.59], [844.26, 2.35], [844.27, 0.39], [844.28, 2.54], [844.29, 5.38], [844.3, 0.01], [844.31, 2.51], [844.32, 6.67], [844.33, 8.48]], "timestamp": "2025-12-18T01:03:19.481628+00:00"}, {"symbol": "BNBUSDT", "bids": [[843.42, 4.04], [843.41, 0.02], [843.4, 1.45], [843.39, 5.33], [843.37, 2.32], [843.36, 7.08], [843.35, 1.12], [843.33, 0.06], [843.32, 0.28], [843.31, 8.11], [843.3, 2.36], [843.29, 0.7], [843.28, 3.71], [843.27, 0.13], [843.26, 9.54], [843.25, 37.67], [843.24, 0.54], [843.23, 2.5], [843.22, 0.55], [843.21, 0.47]], "asks": [[843.43, 22.76], [843.44, 2.42], [843.45, 4.26], [843.46, 5.5], [843.47, 3.79], [843.48, 8.75], [843.49, 2.99], [843.5, 1.17], [843.51, 9.39], [843.52, 10.0], [843.53, 0.24], [843.54, 0.7], [843.55, 3.94], [843.56, 7.29], [843.57, 2.4], [843.58, 3.0], [843.59, 0.04], [843.6, 15.32], [843.61, 6.85], [843.62, 7.58]], "timestamp": "2025-12-18T01:04:13.705495+00:00"}, {"symbol": "BNBUSDT", "bids": [[842.44, 1.57], [842.43, 0.02], [842.42, 0.1], [842.4, 2.0], [842.39, 0.61], [842.38, 3.34], [842.37, 1.35], [842.36, 0.12], [842.35, 0.09], [842.34, 0.04], [842.33, 0.33], [842.32, 10.68], [842.31, 0.81], [842.3, 2.96], [842.29, 1.26], [842.28, 10.11], [842.27, 34.19], [842.26, 2.57], [842.25, 0.71], [842.24, 37.71]], "asks": [[842.45, 38.05], [842.46, 22.79], [842.47, 21.37], [842.48, 0.51], [842.49, 21.37], [842.5, 19.03], [842.51, 27.59], [842.52, 8.03], [842.53, 3.68], [842.54, 7.31], [842.55, 8.82], [842.56, 11.2], [842.57, 20.86], [842.58, 0.33], [842.6, 6.68], [842.61, 14.77], [842.62, 9.83], [842.63, 4.24], [842.64, 9.94], [842.65, 5.94]], "timestamp": "2025-12-18T01:05:07.822556+00:00"}, {"symbol": "BNBUSDT", "bids": [[842.02, 66.29], [842.01, 22.71], [842.0, 18.63], [841.99, 11.71], [841.98, 41.36], [841.97, 13.81], [841.96, 16.64], [841.95, 9.61], [841.94, 19.29], [841.93, 8.83], [841.92, 14.69], [841.91, 11.67], [841.9, 1.82], [841.89, 1.62], [841.88, 2.79], [841.87, 2.58], [841.86, 10.97], [841.85, 5.38], [841.84, 5.2], [841.83, 8.34]], "asks": [[842.03, 3.21], [842.04, 0.12], [842.05, 4.02], [842.06, 0.04], [842.07, 0.03], [842.08, 0.64], [842.09, 0.06], [842.1, 1.55], [842.11, 2.41], [842.12, 0.11], [842.13, 0.06], [842.14, 0.06], [842.15, 7.66], [842.16, 3.07], [842.17, 0.25], [842.18, 7.36], [842.19, 7.94], [842.2, 3.59], [842.21, 0.68], [842.22, 0.54]], "timestamp": "2025-12-18T01:06:01.685618+00:00"}, {"symbol": "BNBUSDT", "bids": [[841.9, 0.76], [841.88, 0.02], [841.87, 0.02], [841.86, 0.02], [841.85, 2.07], [841.84, 0.01], [841.83, 6.06], [841.82, 5.71], [841.81, 8.0], [841.8, 2.24], [841.79, 0.51], [841.78, 0.02], [841.77, 0.11], [841.76, 2.16], [841.74, 6.42], [841.73, 33.12], [841.72, 3.58], [841.71, 6.39], [841.7, 0.1], [841.69, 1.95]], "asks": [[841.91, 37.42], [841.92, 1.89], [841.93, 3.85], [841.94, 4.16], [841.95, 3.33], [841.96, 0.14], [841.97, 0.46], [841.98, 2.33], [841.99, 8.03], [842.0, 2.51], [842.01, 8.89], [842.02, 12.48], [842.03, 1.15], [842.04, 28.59], [842.05, 12.2], [842.06, 0.12], [842.07, 0.25], [842.08, 11.47], [842.09, 2.71], [842.1, 9.06]], "timestamp": "2025-12-18T01:06:55.548492+00:00"}, {"symbol": "BNBUSDT", "bids": [[842.11, 27.46], [842.1, 7.8], [842.09, 12.54], [842.08, 8.83], [842.07, 1.03], [842.06, 4.59], [842.05, 0.26], [842.04, 2.01], [842.03, 7.61], [842.02, 1.28], [842.01, 0.35], [842.0, 1.71], [841.99, 9.11], [841.98, 2.1], [841.97, 0.04], [841.96, 31.9], [841.95, 0.64], [841.94, 7.93], [841.93, 2.89], [841.92, 6.83]], "asks": [[842.12, 3.39], [842.13, 0.03], [842.14, 12.72], [842.15, 0.01], [842.16, 37.15], [842.17, 3.53], [842.18, 1.97], [842.19, 0.02], [842.2, 0.22], [842.21, 0.21], [842.22, 1.07], [842.23, 0.02], [842.24, 0.14], [842.25, 1.74], [842.26, 8.08], [842.27, 2.25], [842.28, 0.79], [842.29, 0.77], [842.3, 3.8], [842.31, 2.28]], "timestamp": "2025-12-18T01:07:49.171996+00:00"}, {"symbol": "BNBUSDT", "bids": [[840.75, 24.08], [840.74, 0.01], [840.72, 6.01], [840.71, 9.08], [840.7, 0.8], [840.69, 9.98], [840.68, 12.46], [840.67, 9.05], [840.66, 15.6], [840.65, 3.58], [840.64, 11.6], [840.63, 43.32], [840.62, 3.58], [840.61, 8.0], [840.6, 23.77], [840.59, 1.77], [840.58, 2.12], [840.57, 0.1], [840.56, 24.53], [840.55, 57.79]], "asks": [[840.76, 17.35], [840.77, 0.01], [840.78, 3.83], [840.8, 1.36], [840.81, 4.15], [840.82, 0.01], [840.83, 0.91], [840.84, 3.48], [840.85, 7.53], [840.86, 5.62], [840.87, 0.09], [840.88, 5.86], [840.89, 2.51], [840.9, 0.42], [840.91, 7.15], [840.92, 1.26], [840.93, 14.92], [840.94, 15.18], [840.95, 21.69], [840.96, 9.41]], "timestamp": "2025-12-18T01:08:43.173317+00:00"}, {"symbol": "BNBUSDT", "bids": [[840.16, 2.05], [840.15, 0.03], [840.14, 0.01], [840.13, 0.21], [840.11, 4.26], [840.1, 1.22], [840.09, 0.13], [840.08, 0.21], [840.07, 1.26], [840.06, 2.07], [840.05, 1.16], [840.04, 3.54], [840.03, 1.39], [840.02, 3.8], [840.01, 3.31], [840.0, 12.88], [839.99, 56.52], [839.98, 0.01], [839.97, 6.01], [839.96, 7.58]], "asks": [[840.17, 17.17], [840.18, 0.54], [840.19, 3.95], [840.2, 5.83], [840.21, 7.79], [840.22, 10.08], [840.23, 12.0], [840.24, 9.0], [840.25, 3.29], [840.27, 2.88], [840.28, 3.93], [840.29, 11.15], [840.3, 1.2], [840.31, 11.13], [840.32, 5.14], [840.33, 7.72], [840.34, 8.88], [840.35, 1.41], [840.36, 10.45], [840.37, 5.23]], "timestamp": "2025-12-18T01:09:36.728656+00:00"}, {"symbol": "BNBUSDT", "bids": [[840.16, 7.49], [840.15, 0.03], [840.1, 6.1], [840.09, 0.26], [840.08, 0.47], [840.06, 2.01], [840.05, 15.43], [840.04, 2.32], [840.03, 0.46], [840.02, 0.1], [840.01, 0.57], [840.0, 1.49], [839.99, 3.42], [839.98, 2.5], [839.97, 3.3], [839.96, 8.77], [839.95, 7.57], [839.94, 14.41], [839.93, 11.14], [839.92, 15.42]], "asks": [[840.17, 13.61], [840.18, 2.79], [840.19, 4.76], [840.2, 0.59], [840.21, 1.73], [840.22, 2.53], [840.24, 10.05], [840.25, 2.6], [840.26, 3.12], [840.27, 3.16], [840.28, 7.35], [840.29, 6.96], [840.3, 1.22], [840.31, 1.67], [840.32, 9.24], [840.33, 11.5], [840.34, 7.64], [840.35, 1.38], [840.36, 5.62], [840.37, 5.53]], "timestamp": "2025-12-18T01:10:30.591582+00:00"}, {"symbol": "BNBUSDT", "bids": [[839.94, 20.13], [839.93, 0.01], [839.92, 0.01], [839.91, 0.29], [839.88, 2.81], [839.87, 7.89], [839.86, 7.84], [839.85, 10.39], [839.84, 0.22], [839.83, 0.42], [839.82, 6.9], [839.81, 7.69], [839.8, 32.37], [839.79, 58.92], [839.78, 7.91], [839.77, 29.83], [839.76, 4.2], [839.75, 6.03], [839.74, 6.09], [839.73, 4.64]], "asks": [[839.95, 6.39], [839.96, 0.01], [839.97, 0.09], [839.99, 2.32], [840.0, 6.31], [840.01, 4.1], [840.02, 13.11], [840.03, 2.22], [840.04, 9.42], [840.05, 0.04], [840.06, 1.63], [840.08, 0.04], [840.09, 3.75], [840.1, 0.34], [840.11, 0.43], [840.12, 5.63], [840.13, 2.02], [840.14, 5.99], [840.15, 7.95], [840.16, 15.91]], "timestamp": "2025-12-18T01:11:24.250307+00:00"}, {"symbol": "BNBUSDT", "bids": [[839.68, 26.16], [839.67, 0.01], [839.66, 1.38], [839.65, 2.91], [839.64, 0.01], [839.63, 9.03], [839.62, 1.04], [839.6, 10.76], [839.59, 18.97], [839.58, 0.45], [839.57, 0.06], [839.55, 1.4], [839.54, 2.76], [839.53, 1.83], [839.52, 4.68], [839.51, 5.23], [839.5, 7.26], [839.49, 7.28], [839.48, 10.45], [839.47, 6.18]], "asks": [[839.69, 12.96], [839.7, 0.03], [839.72, 0.01], [839.73, 0.03], [839.75, 4.11], [839.76, 4.51], [839.77, 1.57], [839.78, 0.03], [839.79, 4.09], [839.8, 10.14], [839.81, 12.53], [839.82, 14.83], [839.83, 0.56], [839.84, 1.6], [839.85, 2.82], [839.86, 0.26], [839.87, 5.75], [839.88, 9.26], [839.89, 7.3], [839.9, 21.74]], "timestamp": "2025-12-18T01:12:18.319000+00:00"}, {"symbol": "BNBUSDT", "bids": [[840.56, 18.33], [840.55, 0.04], [840.53, 0.02], [840.5, 7.7], [840.49, 9.36], [840.48, 13.26], [840.47, 6.73], [840.46, 0.02], [840.45, 0.12], [840.44, 10.21], [840.43, 28.23], [840.42, 4.69], [840.41, 0.31], [840.4, 9.72], [840.39, 4.33], [840.37, 0.23], [840.36, 3.61], [840.35, 5.11], [840.34, 10.77], [840.33, 5.84]], "asks": [[840.57, 9.9], [840.58, 0.59], [840.59, 0.02], [840.6, 0.02], [840.61, 0.15], [840.62, 0.8], [840.63, 0.54], [840.64, 5.79], [840.65, 11.58], [840.66, 0.82], [840.67, 4.26], [840.68, 9.19], [840.69, 2.57], [840.7, 0.6], [840.71, 2.36], [840.72, 2.38], [840.73, 2.28], [840.74, 0.59], [840.75, 5.21], [840.76, 5.2]], "timestamp": "2025-12-18T01:13:11.976044+00:00"}, {"symbol": "BNBUSDT", "bids": [[840.43, 20.85], [840.42, 0.03], [840.4, 0.02], [840.39, 0.02], [840.38, 0.41], [840.37, 6.12], [840.35, 0.01], [840.34, 0.07], [840.33, 2.39], [840.32, 0.03], [840.31, 1.1], [840.3, 0.33], [840.29, 3.45], [840.28, 23.01], [840.27, 5.64], [840.26, 0.73], [840.25, 1.53], [840.24, 3.19], [840.23, 2.92], [840.22, 1.9]], "asks": [[840.44, 57.53], [840.45, 10.5], [840.46, 15.29], [840.47, 16.2], [840.48, 30.3], [840.49, 1.61], [840.5, 3.08], [840.51, 4.57], [840.52, 2.83], [840.53, 2.61], [840.54, 6.48], [840.55, 0.01], [840.56, 0.14], [840.57, 0.87], [840.58, 0.68], [840.6, 3.48], [840.61, 5.34], [840.62, 5.64], [840.63, 6.09], [840.64, 10.81]], "timestamp": "2025-12-18T01:14:05.736959+00:00"}, {"symbol": "BNBUSDT", "bids": [[840.41, 18.72], [840.4, 0.05], [840.38, 0.02], [840.37, 1.18], [840.36, 8.59], [840.35, 4.02], [840.34, 53.32], [840.33, 0.77], [840.32, 0.01], [840.3, 2.62], [840.29, 2.31], [840.28, 0.24], [840.27, 3.13], [840.26, 12.11], [840.25, 0.27], [840.24, 2.83], [840.23, 5.32], [840.22, 8.21], [840.21, 5.98], [840.2, 24.36]], "asks": [[840.42, 10.25], [840.43, 1.85], [840.44, 3.43], [840.45, 0.82], [840.46, 0.03], [840.47, 3.97], [840.48, 2.41], [840.49, 0.01], [840.5, 1.39], [840.51, 0.03], [840.52, 3.01], [840.53, 3.0], [840.54, 3.59], [840.55, 1.14], [840.56, 14.86], [840.57, 3.32], [840.58, 4.42], [840.59, 4.68], [840.6, 4.6], [840.61, 1.02]], "timestamp": "2025-12-18T01:14:59.088405+00:00"}, {"symbol": "BNBUSDT", "bids": [[841.15, 3.38], [841.14, 0.02], [841.12, 0.03], [841.11, 0.02], [841.09, 3.74], [841.08, 1.1], [841.07, 16.29], [841.06, 16.71], [841.05, 2.25], [841.04, 5.3], [841.03, 2.92], [841.02, 1.44], [841.01, 0.02], [841.0, 2.56], [840.99, 36.55], [840.98, 211.67], [840.97, 6.1], [840.96, 2.75], [840.95, 5.73], [840.94, 4.38]], "asks": [[841.16, 14.85], [841.17, 4.54], [841.18, 3.11], [841.19, 0.01], [841.2, 5.89], [841.21, 2.26], [841.22, 3.6], [841.23, 0.05], [841.24, 1.26], [841.25, 3.36], [841.26, 9.75], [841.27, 4.63], [841.28, 8.4], [841.29, 6.04], [841.3, 0.76], [841.31, 0.66], [841.32, 3.64], [841.33, 10.9], [841.34, 0.34], [841.35, 11.23]], "timestamp": "2025-12-18T01:15:53.360468+00:00"}, {"symbol": "BNBUSDT", "bids": [[840.41, 14.31], [840.4, 0.09], [840.39, 5.4], [840.38, 0.27], [840.37, 0.02], [840.36, 3.06], [840.35, 0.24], [840.34, 2.25], [840.33, 8.55], [840.32, 0.04], [840.31, 2.0], [840.3, 6.14], [840.29, 2.87], [840.28, 3.86], [840.27, 1.88], [840.26, 5.26], [840.25, 21.12], [840.24, 2.31], [840.23, 0.49], [840.22, 1.62]], "asks": [[840.42, 4.13], [840.43, 0.02], [840.44, 0.01], [840.46, 2.42], [840.48, 0.05], [840.49, 0.74], [840.51, 0.28], [840.52, 7.73], [840.53, 0.06], [840.54, 0.04], [840.55, 1.6], [840.56, 4.24], [840.57, 4.45], [840.58, 0.03], [840.59, 4.31], [840.6, 3.66], [840.61, 2.04], [840.62, 5.61], [840.63, 13.28], [840.64, 11.31]], "timestamp": "2025-12-18T01:16:46.814685+00:00"}, {"symbol": "BNBUSDT", "bids": [[840.43, 19.97], [840.42, 0.03], [840.41, 0.02], [840.4, 0.02], [840.39, 0.01], [840.38, 0.02], [840.37, 0.02], [840.36, 0.01], [840.35, 7.51], [840.34, 0.02], [840.33, 0.03], [840.32, 2.3], [840.31, 0.54], [840.3, 2.4], [840.29, 1.63], [840.28, 12.7], [840.27, 2.73], [840.25, 2.48], [840.24, 0.45], [840.23, 3.29]], "asks": [[840.44, 60.64], [840.45, 4.04], [840.46, 16.6], [840.47, 3.8], [840.48, 3.34], [840.49, 2.18], [840.5, 3.76], [840.51, 6.36], [840.52, 7.02], [840.53, 5.72], [840.54, 3.08], [840.55, 10.39], [840.56, 15.77], [840.57, 25.51], [840.58, 18.93], [840.59, 10.2], [840.6, 4.02], [840.61, 3.4], [840.62, 9.61], [840.63, 1.37]], "timestamp": "2025-12-18T01:17:40.370251+00:00"}, {"symbol": "BNBUSDT", "bids": [[839.22, 65.6], [839.21, 7.27], [839.2, 0.03], [839.19, 13.13], [839.18, 10.37], [839.17, 9.2], [839.16, 16.9], [839.15, 43.51], [839.14, 14.58], [839.13, 13.84], [839.12, 0.03], [839.11, 0.31], [839.1, 1.53], [839.09, 0.24], [839.08, 4.3], [839.07, 3.72], [839.06, 4.89], [839.05, 3.17], [839.04, 28.65], [839.03, 48.86]], "asks": [[839.23, 4.53], [839.24, 0.03], [839.25, 0.01], [839.26, 0.61], [839.27, 2.33], [839.28, 4.71], [839.29, 0.43], [839.3, 0.99], [839.31, 2.79], [839.32, 2.26], [839.33, 1.56], [839.34, 4.16], [839.35, 4.39], [839.36, 23.74], [839.37, 2.34], [839.38, 0.02], [839.39, 2.78], [839.4, 8.25], [839.41, 10.63], [839.42, 2.39]], "timestamp": "2025-12-18T01:18:33.618936+00:00"}, {"symbol": "BNBUSDT", "bids": [[839.85, 3.63], [839.84, 0.01], [839.82, 0.09], [839.81, 0.07], [839.8, 0.01], [839.79, 2.15], [839.78, 4.02], [839.77, 0.61], [839.76, 2.4], [839.75, 2.43], [839.74, 0.02], [839.73, 5.06], [839.72, 1.28], [839.71, 3.33], [839.7, 4.31], [839.69, 3.66], [839.68, 0.32], [839.67, 3.33], [839.66, 4.29], [839.65, 17.15]], "asks": [[839.86, 13.83], [839.87, 7.18], [839.88, 9.55], [839.89, 0.01], [839.91, 14.3], [839.92, 12.21], [839.93, 6.19], [839.94, 11.43], [839.95, 7.79], [839.96, 12.21], [839.97, 7.9], [839.99, 18.31], [840.0, 0.65], [840.01, 0.03], [840.02, 2.02], [840.03, 3.68], [840.04, 1.44], [840.05, 4.35], [840.06, 0.93], [840.08, 2.94]], "timestamp": "2025-12-18T01:19:27.994248+00:00"}, {"symbol": "BNBUSDT", "bids": [[840.38, 25.77], [840.37, 0.04], [840.34, 0.29], [840.33, 3.28], [840.32, 4.47], [840.31, 3.65], [840.3, 0.14], [840.29, 15.13], [840.28, 5.78], [840.27, 6.37], [840.26, 6.18], [840.25, 2.26], [840.24, 11.2], [840.23, 15.04], [840.22, 7.9], [840.21, 8.33], [840.2, 28.53], [840.19, 10.43], [840.17, 15.31], [840.16, 8.82]], "asks": [[840.39, 9.95], [840.4, 1.57], [840.41, 0.02], [840.42, 0.02], [840.43, 0.03], [840.44, 7.67], [840.45, 1.57], [840.46, 1.68], [840.47, 0.3], [840.48, 2.31], [840.49, 2.64], [840.5, 14.8], [840.51, 0.04], [840.52, 5.43], [840.53, 2.64], [840.54, 0.03], [840.55, 2.13], [840.56, 5.89], [840.57, 9.85], [840.58, 14.91]], "timestamp": "2025-12-18T01:20:21.754814+00:00"}, {"symbol": "BNBUSDT", "bids": [[841.21, 54.06], [841.2, 17.26], [841.19, 24.2], [841.18, 0.05], [841.17, 2.65], [841.16, 3.47], [841.15, 7.51], [841.14, 7.89], [841.13, 9.03], [841.12, 10.2], [841.11, 2.99], [841.1, 0.1], [841.09, 4.09], [841.08, 16.07], [841.07, 8.01], [841.06, 19.47], [841.05, 9.08], [841.04, 1.07], [841.03, 3.29], [841.02, 5.39]], "asks": [[841.22, 4.72], [841.23, 0.03], [841.24, 0.13], [841.25, 0.47], [841.26, 0.08], [841.27, 0.01], [841.28, 0.06], [841.29, 3.53], [841.3, 2.25], [841.31, 0.82], [841.32, 10.74], [841.33, 0.75], [841.34, 0.94], [841.35, 2.88], [841.36, 1.87], [841.37, 5.55], [841.38, 0.08], [841.39, 3.71], [841.4, 4.42], [841.41, 2.38]], "timestamp": "2025-12-18T01:21:16.437446+00:00"}, {"symbol": "BNBUSDT", "bids": [[841.45, 33.45], [841.44, 2.64], [841.43, 8.16], [841.42, 0.02], [841.4, 7.07], [841.39, 12.34], [841.38, 8.95], [841.37, 6.01], [841.36, 16.61], [841.35, 24.41], [841.34, 7.77], [841.33, 8.2], [841.32, 10.13], [841.31, 7.79], [841.3, 1.11], [841.29, 1.15], [841.28, 16.06], [841.27, 11.72], [841.26, 0.04], [841.25, 0.24]], "asks": [[841.46, 9.59], [841.47, 0.02], [841.48, 0.01], [841.49, 0.07], [841.5, 0.49], [841.51, 2.39], [841.52, 0.87], [841.53, 0.66], [841.54, 0.39], [841.56, 0.79], [841.57, 2.55], [841.58, 0.26], [841.59, 0.43], [841.6, 6.95], [841.61, 2.98], [841.62, 3.77], [841.63, 5.28], [841.64, 8.14], [841.65, 1.54], [841.66, 2.5]], "timestamp": "2025-12-18T01:22:10.505123+00:00"}, {"symbol": "BNBUSDT", "bids": [[841.23, 0.21], [841.22, 0.02], [841.2, 0.02], [841.19, 0.02], [841.18, 0.03], [841.17, 0.03], [841.16, 0.02], [841.15, 0.06], [841.14, 0.01], [841.13, 0.01], [841.12, 3.04], [841.11, 0.03], [841.1, 1.27], [841.09, 3.57], [841.08, 8.89], [841.07, 0.04], [841.06, 0.02], [841.05, 2.66], [841.04, 2.62], [841.03, 7.21]], "asks": [[841.24, 60.09], [841.25, 11.78], [841.26, 3.01], [841.27, 8.65], [841.28, 23.1], [841.29, 7.92], [841.3, 8.32], [841.31, 8.4], [841.32, 2.36], [841.33, 0.27], [841.34, 0.85], [841.35, 0.14], [841.36, 3.88], [841.37, 3.31], [841.38, 6.07], [841.39, 1.18], [841.4, 0.71], [841.41, 12.3], [841.42, 5.89], [841.43, 0.7]], "timestamp": "2025-12-18T01:23:04.060366+00:00"}, {"symbol": "BNBUSDT", "bids": [[841.13, 19.83], [841.12, 0.02], [841.11, 1.17], [841.1, 0.04], [841.09, 0.02], [841.08, 0.01], [841.07, 1.36], [841.06, 3.98], [841.05, 3.21], [841.04, 5.7], [841.03, 6.2], [841.02, 7.41], [841.01, 3.58], [841.0, 6.24], [840.99, 6.62], [840.98, 0.34], [840.97, 3.88], [840.96, 7.6], [840.95, 5.48], [840.94, 9.6]], "asks": [[841.14, 8.35], [841.15, 0.02], [841.16, 0.01], [841.17, 1.84], [841.18, 5.9], [841.19, 6.44], [841.2, 5.05], [841.21, 0.01], [841.22, 0.27], [841.23, 0.12], [841.24, 1.69], [841.25, 3.07], [841.26, 2.3], [841.27, 8.95], [841.28, 7.45], [841.29, 3.03], [841.3, 4.88], [841.31, 16.79], [841.32, 14.63], [841.33, 14.53]], "timestamp": "2025-12-18T01:23:58.537112+00:00"}, {"symbol": "BNBUSDT", "bids": [[840.84, 19.15], [840.83, 0.03], [840.82, 3.89], [840.81, 0.01], [840.8, 2.03], [840.79, 2.28], [840.78, 0.21], [840.77, 0.02], [840.76, 0.99], [840.75, 3.49], [840.74, 4.2], [840.73, 3.75], [840.72, 6.69], [840.71, 3.43], [840.7, 0.02], [840.69, 0.06], [840.68, 2.4], [840.67, 12.0], [840.66, 7.44], [840.65, 12.85]], "asks": [[840.85, 0.75], [840.86, 0.5], [840.88, 0.01], [840.89, 0.36], [840.9, 0.03], [840.92, 7.34], [840.93, 3.63], [840.94, 3.61], [840.95, 0.31], [840.96, 8.74], [840.97, 5.39], [840.98, 2.67], [840.99, 11.49], [841.0, 18.78], [841.01, 34.97], [841.02, 17.78], [841.03, 10.03], [841.04, 15.41], [841.05, 14.12], [841.06, 0.51]], "timestamp": "2025-12-18T01:24:52.501289+00:00"}, {"symbol": "BNBUSDT", "bids": [[840.73, 37.6], [840.72, 8.95], [840.71, 17.32], [840.7, 0.01], [840.69, 0.03], [840.68, 0.07], [840.67, 0.03], [840.66, 2.43], [840.65, 0.02], [840.64, 0.12], [840.63, 0.81], [840.62, 0.61], [840.61, 1.48], [840.6, 2.62], [840.59, 0.31], [840.58, 4.63], [840.57, 0.04], [840.56, 5.85], [840.55, 16.91], [840.54, 9.4]], "asks": [[840.74, 7.7], [840.76, 3.64], [840.77, 0.53], [840.78, 0.02], [840.8, 7.19], [840.81, 37.52], [840.82, 2.92], [840.83, 5.37], [840.84, 0.16], [840.85, 0.28], [840.86, 3.67], [840.87, 10.74], [840.88, 6.36], [840.89, 9.5], [840.9, 18.64], [840.91, 0.4], [840.92, 5.55], [840.93, 0.25], [840.94, 2.76], [840.95, 2.8]], "timestamp": "2025-12-18T01:25:46.363392+00:00"}, {"symbol": "BNBUSDT", "bids": [[840.53, 20.75], [840.52, 0.04], [840.51, 2.09], [840.5, 0.1], [840.49, 1.12], [840.48, 4.8], [840.47, 2.72], [840.46, 0.03], [840.45, 3.03], [840.44, 0.04], [840.43, 1.21], [840.42, 0.58], [840.41, 3.02], [840.4, 4.27], [840.39, 3.68], [840.38, 0.9], [840.37, 3.76], [840.36, 12.39], [840.35, 9.84], [840.34, 5.62]], "asks": [[840.54, 7.19], [840.55, 0.02], [840.56, 0.01], [840.57, 0.02], [840.58, 0.95], [840.59, 0.58], [840.6, 1.78], [840.61, 0.03], [840.62, 1.16], [840.63, 3.21], [840.64, 15.15], [840.65, 12.69], [840.66, 2.59], [840.67, 10.46], [840.68, 0.26], [840.69, 0.69], [840.7, 0.14], [840.71, 0.01], [840.72, 0.05], [840.73, 3.35]], "timestamp": "2025-12-18T01:26:40.327990+00:00"}, {"symbol": "BNBUSDT", "bids": [[840.84, 15.72], [840.83, 0.53], [840.81, 0.01], [840.8, 1.17], [840.79, 1.5], [840.78, 2.44], [840.77, 0.05], [840.75, 1.84], [840.74, 1.81], [840.73, 7.52], [840.72, 1.96], [840.71, 0.22], [840.7, 4.0], [840.69, 0.06], [840.68, 4.69], [840.67, 5.98], [840.66, 7.41], [840.65, 9.33], [840.64, 11.45], [840.63, 11.9]], "asks": [[840.85, 44.46], [840.86, 6.68], [840.87, 4.86], [840.88, 7.04], [840.89, 5.34], [840.9, 0.12], [840.91, 10.06], [840.92, 27.59], [840.93, 11.19], [840.94, 8.63], [840.95, 4.88], [840.96, 0.34], [840.97, 5.44], [840.98, 1.66], [840.99, 2.85], [841.0, 27.96], [841.01, 17.57], [841.02, 0.94], [841.03, 8.35], [841.04, 1.03]], "timestamp": "2025-12-18T01:27:33.884933+00:00"}, {"symbol": "BNBUSDT", "bids": [[841.1, 14.27], [841.09, 0.01], [841.07, 4.94], [841.06, 4.86], [841.05, 13.05], [841.04, 8.45], [841.03, 13.33], [841.02, 11.17], [841.01, 15.8], [841.0, 8.21], [840.99, 20.83], [840.98, 69.61], [840.97, 0.01], [840.96, 6.16], [840.95, 4.18], [840.94, 7.17], [840.93, 0.44], [840.92, 11.03], [840.91, 0.02], [840.9, 4.77]], "asks": [[841.11, 8.13], [841.12, 0.02], [841.15, 1.6], [841.16, 3.39], [841.17, 5.38], [841.18, 3.72], [841.19, 2.47], [841.2, 6.32], [841.21, 7.85], [841.22, 0.02], [841.23, 0.68], [841.24, 1.57], [841.25, 0.77], [841.26, 16.24], [841.27, 21.38], [841.28, 1.99], [841.29, 4.45], [841.3, 3.07], [841.31, 11.92], [841.32, 5.58]], "timestamp": "2025-12-18T01:28:27.805786+00:00"}, {"symbol": "BNBUSDT", "bids": [[840.8, 27.57], [840.79, 1.26], [840.78, 0.1], [840.77, 0.33], [840.75, 0.02], [840.74, 0.91], [840.73, 2.33], [840.72, 3.14], [840.71, 14.02], [840.7, 0.6], [840.69, 3.31], [840.68, 4.22], [840.67, 1.04], [840.66, 0.01], [840.65, 0.15], [840.64, 5.38], [840.63, 4.61], [840.62, 5.39], [840.61, 6.05], [840.6, 13.83]], "asks": [[840.81, 16.54], [840.82, 2.15], [840.83, 3.7], [840.84, 1.11], [840.85, 7.43], [840.86, 13.78], [840.87, 0.04], [840.88, 0.01], [840.89, 3.99], [840.9, 7.29], [840.91, 7.49], [840.92, 0.02], [840.93, 1.35], [840.94, 1.64], [840.95, 1.87], [840.96, 5.17], [840.97, 11.13], [840.98, 2.78], [840.99, 10.98], [841.0, 9.94]], "timestamp": "2025-12-18T01:29:22.529262+00:00"}, {"symbol": "BNBUSDT", "bids": [[840.59, 62.23], [840.58, 18.38], [840.57, 25.61], [840.56, 3.26], [840.55, 0.03], [840.54, 0.28], [840.53, 7.28], [840.52, 18.42], [840.51, 10.71], [840.5, 9.1], [840.49, 5.24], [840.48, 2.35], [840.47, 1.65], [840.46, 10.83], [840.45, 4.7], [840.44, 0.12], [840.43, 3.29], [840.42, 6.13], [840.41, 5.14], [840.4, 5.21]], "asks": [[840.6, 0.15], [840.61, 0.58], [840.63, 0.02], [840.64, 1.93], [840.65, 0.01], [840.66, 0.67], [840.67, 0.64], [840.68, 0.05], [840.69, 2.75], [840.7, 2.05], [840.71, 0.2], [840.72, 0.05], [840.73, 4.76], [840.74, 22.28], [840.75, 7.62], [840.76, 6.55], [840.77, 0.03], [840.78, 0.04], [840.79, 0.09], [840.8, 8.4]], "timestamp": "2025-12-18T01:30:16.392466+00:00"}, {"symbol": "BNBUSDT", "bids": [[840.79, 29.12], [840.78, 13.02], [840.77, 13.05], [840.76, 0.01], [840.75, 11.58], [840.74, 9.77], [840.73, 2.51], [840.72, 5.61], [840.71, 11.1], [840.7, 19.58], [840.69, 1.98], [840.68, 4.62], [840.67, 0.42], [840.66, 13.07], [840.65, 15.22], [840.64, 0.5], [840.63, 0.68], [840.62, 1.19], [840.61, 5.62], [840.6, 5.63]], "asks": [[840.8, 0.1], [840.81, 2.67], [840.82, 0.3], [840.83, 0.07], [840.84, 0.71], [840.85, 0.03], [840.86, 2.5], [840.87, 0.67], [840.88, 0.03], [840.89, 2.54], [840.9, 2.32], [840.91, 0.62], [840.92, 1.3], [840.93, 0.03], [840.94, 0.23], [840.95, 3.56], [840.96, 7.2], [840.97, 3.98], [840.98, 9.31], [840.99, 7.39]], "timestamp": "2025-12-18T01:31:10.868460+00:00"}, {"symbol": "BNBUSDT", "bids": [[840.4, 4.03], [840.39, 0.82], [840.33, 0.01], [840.32, 0.78], [840.31, 6.18], [840.3, 1.47], [840.29, 7.04], [840.28, 0.31], [840.27, 6.84], [840.26, 0.04], [840.25, 5.34], [840.24, 1.6], [840.23, 1.18], [840.22, 1.14], [840.21, 5.1], [840.2, 2.88], [840.19, 8.17], [840.18, 0.01], [840.17, 0.63], [840.16, 4.29]], "asks": [[840.41, 30.19], [840.42, 1.82], [840.43, 2.85], [840.44, 1.88], [840.45, 2.38], [840.46, 2.35], [840.47, 3.18], [840.48, 7.01], [840.49, 23.69], [840.5, 1.77], [840.51, 13.01], [840.52, 10.83], [840.53, 2.96], [840.54, 1.29], [840.55, 0.25], [840.56, 14.33], [840.57, 9.6], [840.58, 6.64], [840.59, 3.01], [840.6, 8.54]], "timestamp": "2025-12-18T01:32:04.628676+00:00"}, {"symbol": "BNBUSDT", "bids": [[840.54, 0.78], [840.53, 0.04], [840.51, 0.04], [840.48, 2.34], [840.47, 0.57], [840.46, 1.96], [840.45, 0.03], [840.44, 7.58], [840.43, 5.02], [840.42, 5.88], [840.41, 1.49], [840.4, 1.39], [840.39, 0.02], [840.38, 2.95], [840.37, 5.89], [840.36, 6.81], [840.35, 9.06], [840.34, 7.52], [840.33, 4.05], [840.32, 26.61]], "asks": [[840.55, 29.21], [840.56, 1.34], [840.57, 1.16], [840.58, 2.26], [840.59, 0.38], [840.6, 7.31], [840.61, 1.84], [840.62, 8.73], [840.63, 1.72], [840.64, 9.0], [840.65, 13.34], [840.66, 8.39], [840.67, 8.52], [840.68, 9.24], [840.69, 5.9], [840.7, 2.32], [840.71, 0.11], [840.72, 25.84], [840.73, 10.1], [840.74, 7.39]], "timestamp": "2025-12-18T01:32:58.491401+00:00"}, {"symbol": "BNBUSDT", "bids": [[840.57, 12.44], [840.56, 0.03], [840.54, 2.73], [840.53, 0.02], [840.51, 4.19], [840.5, 6.1], [840.49, 10.0], [840.48, 5.15], [840.47, 10.7], [840.46, 1.01], [840.45, 0.21], [840.44, 2.83], [840.43, 8.14], [840.42, 9.07], [840.41, 9.47], [840.4, 2.17], [840.39, 7.0], [840.38, 4.13], [840.37, 5.51], [840.36, 7.68]], "asks": [[840.58, 22.76], [840.59, 3.12], [840.6, 0.03], [840.63, 0.02], [840.64, 0.12], [840.65, 0.02], [840.66, 0.01], [840.67, 0.51], [840.68, 5.3], [840.69, 0.47], [840.7, 2.42], [840.71, 3.4], [840.72, 23.0], [840.73, 2.28], [840.74, 1.53], [840.75, 10.61], [840.76, 0.39], [840.77, 3.16], [840.78, 12.65], [840.79, 5.94]], "timestamp": "2025-12-18T01:33:52.046699+00:00"}, {"symbol": "BNBUSDT", "bids": [[840.67, 0.2], [840.66, 0.04], [840.64, 0.02], [840.63, 0.01], [840.62, 1.15], [840.61, 0.02], [840.6, 1.15], [840.59, 2.69], [840.58, 1.57], [840.57, 7.33], [840.56, 4.75], [840.55, 9.41], [840.54, 1.77], [840.53, 15.3], [840.52, 4.0], [840.51, 0.24], [840.49, 4.64], [840.48, 0.04], [840.47, 4.16], [840.46, 2.36]], "asks": [[840.68, 32.29], [840.69, 2.19], [840.7, 0.36], [840.71, 4.67], [840.72, 10.73], [840.73, 5.53], [840.74, 2.27], [840.75, 0.22], [840.76, 10.05], [840.77, 14.84], [840.78, 9.29], [840.79, 28.34], [840.8, 7.82], [840.81, 0.55], [840.82, 0.13], [840.83, 2.23], [840.84, 5.24], [840.85, 2.29], [840.86, 1.38], [840.87, 10.79]], "timestamp": "2025-12-18T01:34:45.602419+00:00"}, {"symbol": "BNBUSDT", "bids": [[839.96, 0.02], [839.95, 0.02], [839.94, 5.35], [839.92, 0.01], [839.9, 0.29], [839.89, 0.47], [839.88, 2.28], [839.85, 3.43], [839.84, 1.56], [839.83, 6.6], [839.82, 5.42], [839.81, 19.29], [839.8, 0.6], [839.79, 0.01], [839.77, 0.02], [839.76, 9.64], [839.75, 8.84], [839.74, 17.88], [839.73, 5.54], [839.72, 2.55]], "asks": [[839.97, 31.68], [839.98, 10.12], [839.99, 0.29], [840.0, 3.3], [840.01, 1.65], [840.02, 0.11], [840.03, 2.35], [840.04, 6.87], [840.05, 2.34], [840.06, 2.29], [840.07, 1.79], [840.08, 2.28], [840.09, 0.67], [840.1, 1.02], [840.11, 1.08], [840.12, 9.25], [840.13, 28.0], [840.14, 0.03], [840.15, 0.02], [840.16, 15.48]], "timestamp": "2025-12-18T01:35:39.464572+00:00"}, {"symbol": "BNBUSDT", "bids": [[841.06, 43.93], [841.05, 11.48], [841.04, 0.14], [841.03, 2.31], [841.02, 7.04], [841.01, 4.45], [841.0, 16.32], [840.99, 21.55], [840.98, 7.99], [840.97, 10.88], [840.96, 9.23], [840.95, 3.9], [840.94, 17.09], [840.93, 5.21], [840.92, 10.31], [840.91, 2.42], [840.9, 8.95], [840.89, 6.57], [840.88, 0.31], [840.87, 3.85]], "asks": [[841.07, 0.56], [841.08, 0.06], [841.09, 0.03], [841.11, 0.45], [841.12, 3.24], [841.13, 0.09], [841.14, 0.03], [841.15, 2.36], [841.16, 0.02], [841.17, 0.09], [841.18, 2.28], [841.19, 2.17], [841.2, 1.78], [841.21, 2.34], [841.22, 2.37], [841.23, 1.24], [841.24, 3.61], [841.25, 5.97], [841.26, 9.96], [841.27, 21.42]], "timestamp": "2025-12-18T01:36:33.430008+00:00"}, {"symbol": "BNBUSDT", "bids": [[841.28, 21.31], [841.27, 0.04], [841.25, 2.93], [841.24, 2.22], [841.23, 10.2], [841.22, 3.92], [841.21, 0.27], [841.2, 6.62], [841.19, 2.25], [841.18, 0.05], [841.17, 0.75], [841.16, 2.22], [841.15, 1.66], [841.14, 7.61], [841.13, 7.0], [841.12, 6.15], [841.11, 0.13], [841.1, 6.0], [841.09, 7.04], [841.08, 18.13]], "asks": [[841.29, 10.07], [841.3, 0.03], [841.31, 1.21], [841.32, 0.02], [841.33, 0.02], [841.34, 5.06], [841.35, 1.15], [841.36, 3.59], [841.37, 1.44], [841.38, 0.03], [841.39, 15.42], [841.4, 0.35], [841.41, 0.39], [841.42, 0.22], [841.43, 2.73], [841.44, 8.35], [841.45, 1.5], [841.46, 6.22], [841.47, 3.89], [841.48, 30.89]], "timestamp": "2025-12-18T01:37:27.664482+00:00"}, {"symbol": "BNBUSDT", "bids": [[841.13, 5.3], [841.12, 0.03], [841.08, 0.01], [841.05, 2.58], [841.04, 5.19], [841.03, 2.44], [841.02, 0.35], [841.01, 1.12], [841.0, 16.88], [840.99, 2.0], [840.98, 2.34], [840.97, 0.79], [840.96, 4.19], [840.95, 2.49], [840.94, 6.36], [840.93, 4.68], [840.92, 15.33], [840.91, 8.49], [840.9, 12.8], [840.89, 26.78]], "asks": [[841.14, 40.02], [841.15, 24.73], [841.16, 0.01], [841.17, 2.73], [841.18, 0.03], [841.19, 0.04], [841.2, 4.07], [841.22, 0.01], [841.23, 3.53], [841.24, 4.73], [841.25, 9.98], [841.26, 0.27], [841.27, 3.19], [841.28, 8.12], [841.29, 4.39], [841.3, 15.47], [841.31, 1.27], [841.32, 20.03], [841.33, 0.77], [841.34, 1.42]], "timestamp": "2025-12-18T01:38:21.567135+00:00"}, {"symbol": "BNBUSDT", "bids": [[840.53, 3.84], [840.52, 0.04], [840.51, 5.36], [840.5, 1.44], [840.49, 0.05], [840.48, 0.64], [840.47, 18.98], [840.46, 0.07], [840.45, 0.39], [840.44, 5.03], [840.43, 2.4], [840.42, 0.03], [840.41, 0.02], [840.4, 7.08], [840.39, 5.42], [840.38, 10.74], [840.37, 5.31], [840.36, 5.54], [840.35, 5.25], [840.34, 7.52]], "asks": [[840.54, 58.32], [840.55, 39.0], [840.56, 39.78], [840.57, 17.09], [840.58, 0.03], [840.59, 11.79], [840.6, 18.32], [840.61, 17.56], [840.62, 22.15], [840.63, 7.24], [840.64, 0.02], [840.65, 2.65], [840.66, 0.69], [840.67, 0.24], [840.68, 1.62], [840.69, 3.31], [840.7, 3.95], [840.71, 1.6], [840.72, 12.36], [840.73, 1.5]], "timestamp": "2025-12-18T01:39:15.427913+00:00"}, {"symbol": "BNBUSDT", "bids": [[839.97, 7.35], [839.96, 0.01], [839.92, 0.2], [839.91, 0.02], [839.89, 1.44], [839.88, 1.69], [839.87, 1.28], [839.86, 9.02], [839.85, 0.05], [839.84, 0.11], [839.83, 2.73], [839.82, 3.98], [839.81, 5.04], [839.8, 6.71], [839.79, 0.02], [839.78, 3.67], [839.77, 0.48], [839.76, 9.31], [839.75, 3.08], [839.74, 13.41]], "asks": [[839.98, 34.06], [839.99, 11.8], [840.0, 11.1], [840.01, 8.01], [840.02, 7.8], [840.04, 0.14], [840.05, 3.59], [840.06, 14.03], [840.07, 0.62], [840.08, 6.05], [840.09, 0.03], [840.1, 1.25], [840.11, 2.53], [840.12, 4.88], [840.13, 11.76], [840.14, 0.32], [840.15, 0.7], [840.16, 0.01], [840.17, 0.83], [840.18, 1.79]], "timestamp": "2025-12-18T01:40:09.700211+00:00"}, {"symbol": "BNBUSDT", "bids": [[841.24, 45.73], [841.23, 0.02], [841.22, 3.23], [841.21, 2.82], [841.2, 14.15], [841.19, 17.51], [841.18, 2.27], [841.17, 8.68], [841.16, 13.26], [841.15, 10.5], [841.14, 17.27], [841.13, 0.19], [841.12, 1.61], [841.11, 1.88], [841.1, 7.92], [841.09, 0.04], [841.08, 8.75], [841.07, 5.32], [841.06, 3.57], [841.05, 12.06]], "asks": [[841.25, 3.61], [841.26, 0.04], [841.27, 0.02], [841.28, 0.01], [841.29, 0.81], [841.3, 0.59], [841.31, 0.01], [841.32, 0.14], [841.33, 0.21], [841.35, 0.03], [841.36, 0.13], [841.37, 0.02], [841.38, 4.55], [841.39, 0.62], [841.4, 0.07], [841.41, 2.96], [841.42, 3.9], [841.43, 2.92], [841.44, 8.91], [841.45, 0.39]], "timestamp": "2025-12-18T01:41:03.705653+00:00"}, {"symbol": "BNBUSDT", "bids": [[840.93, 8.84], [840.92, 37.3], [840.9, 0.01], [840.89, 0.09], [840.88, 2.31], [840.87, 0.03], [840.85, 0.14], [840.84, 6.69], [840.83, 3.83], [840.82, 15.06], [840.81, 2.53], [840.8, 15.85], [840.79, 13.17], [840.78, 5.15], [840.77, 5.99], [840.76, 12.4], [840.75, 0.05], [840.74, 7.74], [840.73, 8.9], [840.72, 12.84]], "asks": [[840.94, 14.29], [840.95, 0.03], [840.96, 13.27], [840.97, 0.01], [840.99, 11.63], [841.0, 19.76], [841.01, 13.04], [841.02, 8.14], [841.03, 10.46], [841.04, 2.81], [841.05, 10.59], [841.06, 0.25], [841.07, 0.01], [841.08, 7.67], [841.09, 11.51], [841.1, 0.12], [841.11, 1.23], [841.12, 0.17], [841.13, 0.29], [841.14, 2.3]], "timestamp": "2025-12-18T01:41:57.734307+00:00"}, {"symbol": "BNBUSDT", "bids": [[841.05, 20.22], [841.04, 0.03], [841.03, 2.54], [841.02, 0.02], [841.01, 0.04], [841.0, 2.28], [840.99, 0.01], [840.98, 0.01], [840.97, 1.0], [840.96, 7.06], [840.95, 1.63], [840.93, 0.26], [840.92, 3.1], [840.91, 5.85], [840.9, 0.22], [840.89, 4.09], [840.88, 2.52], [840.87, 14.19], [840.86, 29.0], [840.85, 23.69]], "asks": [[841.06, 1.44], [841.07, 0.03], [841.08, 0.04], [841.09, 0.03], [841.1, 0.4], [841.11, 2.32], [841.12, 3.42], [841.13, 6.36], [841.14, 8.5], [841.15, 2.55], [841.16, 1.66], [841.17, 2.1], [841.18, 4.16], [841.19, 2.51], [841.2, 10.19], [841.21, 0.15], [841.22, 0.61], [841.23, 0.02], [841.24, 3.59], [841.25, 4.17]], "timestamp": "2025-12-18T01:42:52.107973+00:00"}, {"symbol": "BNBUSDT", "bids": [[840.92, 47.64], [840.91, 0.05], [840.9, 0.07], [840.88, 0.35], [840.87, 0.12], [840.86, 2.68], [840.85, 0.61], [840.84, 2.64], [840.83, 5.55], [840.82, 0.66], [840.81, 1.68], [840.8, 4.64], [840.79, 0.77], [840.78, 16.39], [840.77, 2.36], [840.76, 11.5], [840.75, 13.61], [840.74, 15.66], [840.73, 5.57], [840.72, 8.97]], "asks": [[840.93, 4.16], [840.94, 0.03], [840.95, 3.16], [840.96, 0.03], [840.98, 1.14], [840.99, 8.22], [841.0, 14.78], [841.01, 10.44], [841.02, 9.17], [841.03, 1.83], [841.04, 1.68], [841.05, 1.15], [841.06, 7.32], [841.07, 0.53], [841.08, 1.19], [841.09, 0.04], [841.1, 1.77], [841.11, 0.66], [841.12, 3.0], [841.13, 0.59]], "timestamp": "2025-12-18T01:43:45.868524+00:00"}, {"symbol": "BNBUSDT", "bids": [[840.93, 30.1], [840.92, 34.32], [840.91, 0.02], [840.9, 0.01], [840.89, 0.04], [840.88, 2.32], [840.87, 3.29], [840.86, 7.35], [840.85, 0.13], [840.84, 12.98], [840.83, 4.87], [840.82, 2.54], [840.81, 3.91], [840.8, 7.71], [840.79, 0.03], [840.78, 2.1], [840.77, 5.62], [840.76, 23.71], [840.75, 5.8], [840.74, 34.89]], "asks": [[840.94, 2.54], [840.95, 0.02], [840.96, 0.01], [840.98, 0.41], [841.0, 3.18], [841.01, 5.95], [841.02, 15.34], [841.03, 0.14], [841.04, 7.4], [841.05, 0.24], [841.06, 9.72], [841.07, 8.14], [841.08, 0.66], [841.09, 2.32], [841.1, 0.02], [841.11, 0.01], [841.12, 1.56], [841.13, 2.45], [841.14, 6.58], [841.15, 0.02]], "timestamp": "2025-12-18T01:44:40.038146+00:00"}, {"symbol": "BNBUSDT", "bids": [[841.58, 38.16], [841.57, 5.93], [841.56, 5.81], [841.55, 0.14], [841.54, 11.68], [841.53, 12.15], [841.52, 10.56], [841.51, 10.09], [841.5, 22.4], [841.49, 18.22], [841.48, 13.61], [841.47, 8.74], [841.46, 30.64], [841.45, 4.59], [841.44, 0.03], [841.43, 5.79], [841.42, 13.15], [841.41, 10.33], [841.4, 9.64], [841.39, 2.27]], "asks": [[841.59, 10.49], [841.6, 0.09], [841.61, 0.01], [841.62, 0.6], [841.64, 1.54], [841.65, 1.31], [841.66, 0.85], [841.67, 2.23], [841.68, 0.07], [841.69, 1.62], [841.7, 0.24], [841.71, 3.69], [841.72, 4.11], [841.73, 0.06], [841.74, 0.04], [841.75, 0.95], [841.76, 0.68], [841.77, 2.5], [841.78, 4.96], [841.79, 4.07]], "timestamp": "2025-12-18T01:45:33.696920+00:00"}, {"symbol": "BNBUSDT", "bids": [[841.94, 18.83], [841.93, 1.35], [841.92, 0.98], [841.91, 0.06], [841.9, 4.98], [841.89, 2.44], [841.88, 0.02], [841.87, 3.13], [841.86, 7.65], [841.85, 9.74], [841.84, 4.7], [841.83, 11.11], [841.82, 1.06], [841.81, 2.12], [841.8, 0.16], [841.79, 4.2], [841.78, 10.9], [841.77, 0.03], [841.76, 6.77], [841.75, 6.33]], "asks": [[841.95, 13.33], [841.96, 3.86], [841.97, 2.58], [841.98, 0.17], [841.99, 0.74], [842.0, 22.57], [842.01, 1.41], [842.02, 5.49], [842.03, 0.05], [842.04, 4.4], [842.05, 5.0], [842.06, 0.33], [842.07, 0.63], [842.08, 5.82], [842.09, 4.14], [842.1, 1.71], [842.11, 7.92], [842.12, 3.87], [842.13, 4.68], [842.14, 10.77]], "timestamp": "2025-12-18T01:46:27.764249+00:00"}, {"symbol": "BNBUSDT", "bids": [[842.04, 94.25], [842.03, 20.61], [842.02, 2.57], [842.01, 9.11], [842.0, 14.29], [841.99, 9.13], [841.98, 4.82], [841.97, 2.55], [841.96, 5.96], [841.95, 8.39], [841.94, 16.77], [841.93, 0.23], [841.92, 0.03], [841.91, 6.07], [841.89, 2.37], [841.88, 5.8], [841.87, 6.54], [841.86, 11.08], [841.85, 5.24], [841.84, 19.45]], "asks": [[842.05, 4.38], [842.06, 1.42], [842.07, 0.01], [842.08, 0.32], [842.09, 0.03], [842.1, 0.02], [842.11, 0.03], [842.12, 0.32], [842.13, 0.11], [842.14, 0.01], [842.15, 0.19], [842.16, 2.62], [842.17, 2.7], [842.18, 0.4], [842.19, 0.13], [842.2, 6.71], [842.21, 0.33], [842.22, 2.38], [842.23, 2.78], [842.24, 0.28]], "timestamp": "2025-12-18T01:47:21.630357+00:00"}, {"symbol": "BNBUSDT", "bids": [[842.36, 33.33], [842.35, 2.73], [842.34, 9.72], [842.33, 7.84], [842.32, 0.24], [842.31, 9.83], [842.3, 5.53], [842.29, 9.16], [842.28, 10.83], [842.27, 0.22], [842.26, 0.02], [842.25, 4.04], [842.24, 5.71], [842.23, 2.64], [842.22, 8.68], [842.21, 12.11], [842.2, 13.26], [842.19, 23.19], [842.18, 7.91], [842.17, 11.64]], "asks": [[842.37, 0.84], [842.38, 0.01], [842.39, 0.01], [842.4, 0.1], [842.41, 0.3], [842.42, 0.1], [842.43, 0.69], [842.44, 0.03], [842.45, 0.5], [842.46, 0.19], [842.47, 0.28], [842.48, 3.87], [842.49, 1.42], [842.5, 3.35], [842.51, 0.17], [842.52, 3.1], [842.53, 4.94], [842.54, 1.77], [842.55, 3.07], [842.56, 8.42]], "timestamp": "2025-12-18T01:48:15.899621+00:00"}, {"symbol": "BNBUSDT", "bids": [[841.95, 3.99], [841.94, 0.02], [841.93, 0.02], [841.92, 0.05], [841.91, 0.03], [841.9, 0.03], [841.89, 0.04], [841.88, 1.03], [841.86, 1.51], [841.85, 2.49], [841.84, 4.08], [841.83, 2.43], [841.82, 4.75], [841.81, 7.85], [841.8, 9.93], [841.79, 6.42], [841.78, 0.51], [841.77, 20.79], [841.76, 5.27], [841.75, 1.64]], "asks": [[841.96, 59.27], [841.97, 17.1], [841.98, 0.01], [842.0, 10.67], [842.01, 20.2], [842.02, 30.73], [842.03, 10.2], [842.04, 19.9], [842.05, 19.05], [842.06, 0.12], [842.07, 0.03], [842.08, 11.68], [842.09, 5.68], [842.1, 12.11], [842.11, 1.57], [842.12, 6.05], [842.13, 2.67], [842.14, 5.49], [842.15, 2.01], [842.16, 7.54]], "timestamp": "2025-12-18T01:49:09.967450+00:00"}, {"symbol": "BNBUSDT", "bids": [[841.97, 2.46], [841.96, 0.02], [841.94, 0.02], [841.92, 1.04], [841.91, 0.01], [841.89, 0.03], [841.88, 1.61], [841.87, 2.24], [841.86, 1.3], [841.85, 3.44], [841.84, 14.21], [841.83, 3.59], [841.82, 1.56], [841.81, 13.63], [841.8, 7.06], [841.79, 2.78], [841.78, 2.77], [841.77, 8.11], [841.76, 3.94], [841.75, 4.85]], "asks": [[841.98, 20.88], [841.99, 0.04], [842.0, 2.57], [842.03, 2.31], [842.04, 0.03], [842.05, 1.65], [842.06, 0.02], [842.07, 0.24], [842.08, 6.86], [842.09, 0.95], [842.1, 1.15], [842.11, 0.63], [842.12, 13.85], [842.13, 2.45], [842.14, 0.04], [842.15, 0.45], [842.16, 0.03], [842.17, 2.8], [842.18, 4.57], [842.19, 18.94]], "timestamp": "2025-12-18T01:50:03.625438+00:00"}, {"symbol": "BNBUSDT", "bids": [[842.23, 20.51], [842.22, 4.17], [842.21, 0.02], [842.2, 10.47], [842.19, 6.13], [842.18, 9.77], [842.17, 6.24], [842.16, 9.48], [842.15, 9.37], [842.14, 8.36], [842.13, 4.43], [842.12, 9.17], [842.11, 2.04], [842.1, 3.15], [842.09, 10.42], [842.08, 3.84], [842.07, 11.17], [842.06, 6.77], [842.05, 5.14], [842.04, 6.61]], "asks": [[842.24, 9.34], [842.25, 0.03], [842.27, 0.08], [842.28, 1.32], [842.29, 2.76], [842.3, 0.21], [842.31, 4.07], [842.32, 4.24], [842.34, 2.58], [842.35, 2.58], [842.36, 12.32], [842.37, 1.37], [842.38, 0.11], [842.39, 1.69], [842.4, 2.35], [842.41, 1.98], [842.42, 1.84], [842.43, 8.27], [842.44, 8.28], [842.45, 2.46]], "timestamp": "2025-12-18T01:50:57.590879+00:00"}, {"symbol": "BNBUSDT", "bids": [[840.75, 2.82], [840.72, 0.02], [840.7, 0.43], [840.69, 0.01], [840.68, 2.84], [840.67, 0.02], [840.65, 3.46], [840.64, 1.56], [840.63, 0.25], [840.62, 1.33], [840.61, 2.17], [840.6, 2.67], [840.59, 3.63], [840.58, 5.66], [840.57, 3.51], [840.56, 5.77], [840.55, 4.37], [840.54, 7.78], [840.53, 7.66], [840.52, 6.68]], "asks": [[840.76, 13.03], [840.77, 0.04], [840.78, 4.01], [840.79, 9.33], [840.8, 0.47], [840.81, 0.71], [840.83, 0.34], [840.84, 6.12], [840.85, 7.02], [840.87, 8.33], [840.88, 8.72], [840.89, 2.77], [840.9, 0.58], [840.91, 4.2], [840.92, 11.28], [840.93, 16.1], [840.94, 2.58], [840.95, 9.69], [840.96, 16.25], [840.97, 20.7]], "timestamp": "2025-12-18T01:51:50.941490+00:00"}, {"symbol": "BNBUSDT", "bids": [[840.22, 2.4], [840.21, 0.05], [840.2, 0.01], [840.19, 5.35], [840.18, 0.01], [840.16, 0.04], [840.15, 0.04], [840.14, 1.74], [840.13, 2.44], [840.12, 3.92], [840.11, 0.3], [840.1, 0.22], [840.09, 0.01], [840.08, 7.47], [840.07, 1.21], [840.06, 10.77], [840.05, 0.78], [840.04, 12.68], [840.03, 3.54], [840.02, 0.7]], "asks": [[840.23, 19.35], [840.24, 5.79], [840.25, 0.23], [840.26, 0.22], [840.27, 3.73], [840.28, 2.83], [840.29, 11.84], [840.3, 4.35], [840.31, 0.03], [840.32, 0.01], [840.33, 0.62], [840.34, 0.01], [840.36, 1.7], [840.37, 2.39], [840.38, 3.49], [840.39, 0.25], [840.4, 0.86], [840.41, 3.85], [840.42, 5.23], [840.43, 8.24]], "timestamp": "2025-12-18T01:52:44.500831+00:00"}, {"symbol": "BNBUSDT", "bids": [[840.98, 20.42], [840.97, 0.01], [840.96, 1.94], [840.95, 11.47], [840.94, 1.92], [840.93, 5.7], [840.92, 3.41], [840.91, 2.72], [840.9, 7.59], [840.89, 10.86], [840.88, 6.02], [840.87, 0.51], [840.86, 15.39], [840.85, 9.54], [840.84, 2.8], [840.83, 0.37], [840.82, 0.42], [840.81, 2.82], [840.8, 4.77], [840.79, 13.78]], "asks": [[840.99, 2.11], [841.0, 0.01], [841.01, 0.05], [841.02, 0.35], [841.03, 1.39], [841.04, 9.33], [841.05, 6.64], [841.06, 7.69], [841.07, 1.66], [841.08, 0.84], [841.09, 1.72], [841.1, 1.81], [841.11, 1.57], [841.12, 0.51], [841.13, 0.14], [841.14, 3.89], [841.15, 0.52], [841.16, 1.78], [841.17, 3.23], [841.18, 7.42]], "timestamp": "2025-12-18T01:53:38.773999+00:00"}, {"symbol": "BNBUSDT", "bids": [[840.64, 19.91], [840.63, 0.02], [840.62, 2.0], [840.61, 0.02], [840.6, 0.02], [840.59, 4.02], [840.58, 3.59], [840.57, 2.88], [840.56, 11.07], [840.55, 4.59], [840.54, 9.45], [840.53, 2.94], [840.52, 12.11], [840.51, 10.52], [840.5, 9.46], [840.49, 4.81], [840.48, 27.67], [840.47, 9.52], [840.46, 5.99], [840.45, 11.17]], "asks": [[840.65, 0.79], [840.66, 0.73], [840.67, 0.72], [840.68, 0.25], [840.69, 0.04], [840.71, 0.02], [840.72, 0.03], [840.73, 0.02], [840.74, 1.16], [840.75, 0.13], [840.76, 2.79], [840.77, 1.45], [840.78, 4.48], [840.79, 3.28], [840.8, 3.33], [840.81, 1.45], [840.82, 0.02], [840.83, 3.86], [840.84, 5.18], [840.85, 0.04]], "timestamp": "2025-12-18T01:54:32.633597+00:00"}, {"symbol": "BNBUSDT", "bids": [[840.66, 20.02], [840.65, 0.04], [840.64, 2.11], [840.63, 0.02], [840.62, 4.17], [840.61, 0.02], [840.6, 3.95], [840.59, 9.84], [840.58, 11.84], [840.57, 3.05], [840.56, 6.54], [840.55, 9.73], [840.54, 8.45], [840.53, 5.46], [840.52, 8.34], [840.51, 8.07], [840.5, 4.27], [840.49, 8.22], [840.48, 17.83], [840.47, 3.13]], "asks": [[840.67, 1.87], [840.68, 0.03], [840.69, 0.02], [840.72, 1.29], [840.73, 5.51], [840.74, 0.01], [840.75, 0.56], [840.76, 0.39], [840.77, 2.65], [840.78, 9.35], [840.79, 7.88], [840.8, 0.8], [840.81, 1.7], [840.82, 3.83], [840.83, 0.11], [840.84, 0.11], [840.85, 1.56], [840.86, 2.4], [840.87, 0.12], [840.88, 2.28]], "timestamp": "2025-12-18T01:55:26.598102+00:00"}, {"symbol": "BNBUSDT", "bids": [[841.14, 45.56], [841.13, 5.36], [841.12, 0.01], [841.1, 6.89], [841.09, 19.64], [841.08, 12.96], [841.07, 8.14], [841.06, 6.4], [841.05, 3.15], [841.04, 8.26], [841.03, 9.32], [841.02, 6.76], [841.01, 17.7], [841.0, 11.2], [840.99, 8.12], [840.98, 6.37], [840.97, 0.17], [840.96, 1.33], [840.95, 1.91], [840.94, 2.26]], "asks": [[841.15, 0.65], [841.16, 7.03], [841.17, 2.62], [841.19, 0.78], [841.2, 0.07], [841.21, 2.25], [841.22, 0.48], [841.23, 2.26], [841.24, 1.59], [841.25, 0.02], [841.26, 0.05], [841.27, 0.56], [841.28, 8.54], [841.29, 2.2], [841.3, 5.0], [841.31, 14.59], [841.32, 24.02], [841.33, 6.84], [841.34, 0.01], [841.35, 5.17]], "timestamp": "2025-12-18T01:56:20.768297+00:00"}, {"symbol": "BNBUSDT", "bids": [[841.18, 13.41], [841.16, 2.17], [841.13, 2.31], [841.12, 3.43], [841.11, 18.02], [841.1, 13.73], [841.09, 13.33], [841.08, 12.29], [841.07, 7.77], [841.06, 8.35], [841.05, 0.01], [841.04, 5.65], [841.03, 2.71], [841.02, 9.7], [841.01, 3.61], [841.0, 32.83], [840.99, 11.15], [840.98, 7.24], [840.97, 9.69], [840.96, 46.97]], "asks": [[841.19, 7.73], [841.2, 0.02], [841.21, 0.05], [841.22, 0.01], [841.23, 0.03], [841.24, 2.39], [841.25, 6.68], [841.26, 1.29], [841.27, 6.52], [841.28, 4.06], [841.29, 5.37], [841.3, 4.67], [841.31, 0.17], [841.32, 5.14], [841.33, 1.59], [841.34, 3.31], [841.35, 1.7], [841.36, 5.07], [841.37, 4.5], [841.38, 2.14]], "timestamp": "2025-12-18T01:57:14.556811+00:00"}, {"symbol": "BNBUSDT", "bids": [[841.47, 37.55], [841.46, 11.47], [841.45, 26.11], [841.44, 18.87], [841.43, 8.15], [841.42, 7.92], [841.41, 2.46], [841.4, 8.92], [841.39, 20.32], [841.38, 8.14], [841.37, 1.15], [841.36, 6.57], [841.35, 0.15], [841.34, 0.14], [841.33, 3.29], [841.32, 0.56], [841.31, 4.94], [841.3, 6.81], [841.29, 12.5], [841.28, 3.06]], "asks": [[841.48, 3.03], [841.49, 0.15], [841.5, 0.01], [841.51, 0.29], [841.52, 0.06], [841.53, 0.24], [841.54, 0.01], [841.55, 6.6], [841.56, 1.71], [841.57, 0.02], [841.58, 8.3], [841.59, 0.31], [841.6, 2.44], [841.61, 0.07], [841.62, 1.18], [841.63, 3.1], [841.64, 5.35], [841.65, 4.6], [841.66, 2.37], [841.67, 11.01]], "timestamp": "2025-12-18T01:58:08.388583+00:00"}, {"symbol": "BNBUSDT", "bids": [[841.52, 4.07], [841.51, 0.02], [841.5, 0.01], [841.49, 0.04], [841.48, 0.02], [841.47, 6.5], [841.46, 4.4], [841.45, 2.36], [841.44, 1.37], [841.43, 3.63], [841.42, 2.29], [841.41, 4.54], [841.4, 1.52], [841.39, 9.44], [841.38, 0.02], [841.37, 0.13], [841.36, 12.36], [841.35, 3.61], [841.34, 4.64], [841.33, 16.47]], "asks": [[841.53, 17.04], [841.54, 4.94], [841.55, 4.54], [841.56, 0.01], [841.57, 1.85], [841.58, 5.3], [841.59, 2.34], [841.6, 5.47], [841.61, 7.12], [841.62, 20.64], [841.63, 2.82], [841.64, 0.69], [841.65, 0.07], [841.66, 0.02], [841.67, 0.17], [841.68, 0.03], [841.7, 2.28], [841.71, 0.67], [841.72, 0.07], [841.73, 2.03]], "timestamp": "2025-12-18T01:59:02.358258+00:00"}, {"symbol": "BNBUSDT", "bids": [[841.43, 19.42], [841.42, 5.4], [841.4, 0.32], [841.39, 7.82], [841.38, 7.8], [841.37, 0.61], [841.36, 1.03], [841.35, 0.07], [841.34, 5.08], [841.33, 7.84], [841.32, 12.77], [841.31, 16.66], [841.3, 32.69], [841.29, 11.69], [841.28, 9.93], [841.27, 7.82], [841.26, 0.01], [841.25, 2.31], [841.24, 0.59], [841.23, 0.07]], "asks": [[841.44, 8.57], [841.45, 0.07], [841.46, 0.02], [841.47, 0.21], [841.48, 1.04], [841.49, 1.78], [841.5, 1.68], [841.51, 6.79], [841.52, 4.89], [841.53, 17.09], [841.54, 0.54], [841.55, 0.31], [841.56, 6.82], [841.57, 5.12], [841.58, 23.55], [841.59, 8.12], [841.6, 4.11], [841.61, 4.85], [841.62, 14.11], [841.63, 0.01]], "timestamp": "2025-12-18T01:59:56.631532+00:00"}, {"symbol": "BNBUSDT", "bids": [[841.05, 7.88], [841.04, 0.64], [841.02, 0.03], [841.01, 1.03], [841.0, 0.04], [840.99, 9.72], [840.98, 0.02], [840.97, 0.39], [840.96, 46.74], [840.95, 2.81], [840.94, 1.24], [840.93, 0.06], [840.92, 1.23], [840.91, 2.29], [840.9, 0.03], [840.89, 0.02], [840.88, 5.87], [840.87, 0.09], [840.86, 6.0], [840.85, 30.74]], "asks": [[841.06, 18.22], [841.07, 9.67], [841.08, 2.31], [841.09, 12.17], [841.1, 0.02], [841.11, 0.01], [841.12, 6.6], [841.13, 26.24], [841.14, 0.8], [841.15, 2.29], [841.16, 28.23], [841.17, 3.0], [841.18, 6.28], [841.19, 17.17], [841.2, 9.91], [841.21, 9.02], [841.22, 6.83], [841.23, 36.62], [841.24, 2.41], [841.25, 7.94]], "timestamp": "2025-12-18T02:00:51.619490+00:00"}, {"symbol": "BNBUSDT", "bids": [[840.76, 8.0], [840.75, 23.71], [840.74, 0.02], [840.72, 0.01], [840.71, 5.22], [840.7, 6.2], [840.69, 7.16], [840.68, 7.48], [840.67, 3.66], [840.66, 2.35], [840.65, 0.06], [840.64, 0.02], [840.63, 2.04], [840.62, 3.29], [840.61, 3.29], [840.6, 3.57], [840.59, 0.01], [840.58, 0.43], [840.57, 2.27], [840.56, 13.74]], "asks": [[840.77, 14.19], [840.78, 7.36], [840.79, 3.35], [840.8, 14.2], [840.81, 0.09], [840.83, 6.64], [840.84, 29.31], [840.85, 1.85], [840.86, 2.41], [840.87, 22.71], [840.88, 11.61], [840.89, 2.47], [840.9, 6.83], [840.91, 0.68], [840.92, 2.95], [840.93, 7.22], [840.94, 19.07], [840.95, 16.83], [840.96, 13.38], [840.97, 11.17]], "timestamp": "2025-12-18T02:01:45.996467+00:00"}, {"symbol": "BNBUSDT", "bids": [[840.1, 49.76], [840.09, 7.58], [840.08, 7.86], [840.07, 13.1], [840.06, 0.04], [840.05, 5.57], [840.04, 8.57], [840.03, 4.98], [840.01, 2.6], [840.0, 4.52], [839.99, 12.95], [839.98, 5.33], [839.97, 5.47], [839.96, 5.18], [839.95, 0.29], [839.94, 8.73], [839.93, 2.68], [839.92, 2.42], [839.91, 4.55], [839.9, 14.89]], "asks": [[840.11, 0.23], [840.12, 0.11], [840.13, 0.02], [840.15, 0.01], [840.16, 0.01], [840.17, 0.02], [840.18, 1.07], [840.19, 0.58], [840.2, 9.35], [840.21, 14.91], [840.23, 3.01], [840.24, 17.93], [840.25, 2.13], [840.26, 10.3], [840.27, 2.26], [840.28, 1.45], [840.29, 9.06], [840.3, 13.5], [840.31, 2.57], [840.32, 1.98]], "timestamp": "2025-12-18T02:02:39.860254+00:00"}