[{"id": "788215546", "price": 835.05, "amount": 0.26, "side": "buy", "timestamp": 1766028981349}, {"id": "788215547", "price": 835.05, "amount": 7.5, "side": "buy", "timestamp": 1766028981632}, {"id": "788215548", "price": 835.04, "amount": 0.06, "side": "sell", "timestamp": 1766028982197}, {"id": "788215549", "price": 835.05, "amount": 12.24, "side": "buy", "timestamp": 1766028982341}, {"id": "788215550", "price": 835.04, "amount": 0.01, "side": "sell", "timestamp": 1766028982970}, {"id": "788215551", "price": 835.05, "amount": 0.59, "side": "buy", "timestamp": 1766028983065}, {"id": "788215552", "price": 835.04, "amount": 0.06, "side": "sell", "timestamp": 1766028983080}, {"id": "788215553", "price": 835.04, "amount": 0.07, "side": "sell", "timestamp": 1766028983214}, {"id": "788215554", "price": 835.05, "amount": 0.8, "side": "buy", "timestamp": 1766028983246}, {"id": "788215555", "price": 835.05, "amount": 0.01, "side": "buy", "timestamp": 1766028983465}, {"id": "788215556", "price": 835.05, "amount": 17.77, "side": "buy", "timestamp": 1766028983605}, {"id": "788215557", "price": 835.06, "amount": 1.99, "side": "buy", "timestamp": 1766028983659}, {"id": "788215558", "price": 835.09, "amount": 0.01, "side": "buy", "timestamp": 1766028984049}, {"id": "788215559", "price": 835.08, "amount": 0.06, "side": "sell", "timestamp": 1766028984114}, {"id": "788215560", "price": 835.08, "amount": 0.01, "side": "sell", "timestamp": 1766028984240}, {"id": "788215561", "price": 835.09, "amount": 4.01, "side": "buy", "timestamp": 1766028984371}, {"id": "788215562", "price": 835.12, "amount": 1.63, "side": "buy", "timestamp": 1766028984420}, {"id": "788215563", "price": 835.11, "amount": 0.02, "side": "sell", "timestamp": 1766028984465}, {"id": "788215564", "price": 835.12, "amount": 4.04, "side": "buy", "timestamp": 1766028984469}, {"id": "788215565", "price": 835.12, "amount": 0.09, "side": "sell", "timestamp": 1766028984593}, {"id": "788215566", "price": 835.13, "amount": 0.12, "side": "buy", "timestamp": 1766028985054}, {"id": "788215567", "price": 835.12, "amount": 0.06, "side": "sell", "timestamp": 1766028985154}, {"id": "788215568", "price": 835.13, "amount": 0.07, "side": "buy", "timestamp": 1766028985256}, {"id": "788215569", "price": 835.13, "amount": 0.05, "side": "buy", "timestamp": 1766028985494}, {"id": "788215570", "price": 835.12, "amount": 0.01, "side": "sell", "timestamp": 1766028985674}, {"id": "788215571", "price": 835.13, "amount": 0.68, "side": "buy", "timestamp": 1766028985935}, {"id": "788215572", "price": 835.12, "amount": 0.21, "side": "sell", "timestamp": 1766028986092}, {"id": "788215573", "price": 835.13, "amount": 6.1, "side": "buy", "timestamp": 1766028986423}, {"id": "788215574", "price": 835.14, "amount": 2.27, "side": "buy", "timestamp": 1766028986429}, {"id": "788215575", "price": 835.14, "amount": 0.03, "side": "sell", "timestamp": 1766028986876}, {"id": "788215576", "price": 835.15, "amount": 8.97, "side": "buy", "timestamp": 1766028987022}, {"id": "788215577", "price": 835.16, "amount": 0.02, "side": "sell", "timestamp": 1766028987093}, {"id": "788215578", "price": 835.17, "amount": 0.13, "side": "buy", "timestamp": 1766028987098}, {"id": "788215579", "price": 835.19, "amount": 0.28, "side": "buy", "timestamp": 1766028987162}, {"id": "788215580", "price": 835.2, "amount": 5.8, "side": "buy", "timestamp": 1766028987169}, {"id": "788215581", "price": 835.21, "amount": 0.02, "side": "buy", "timestamp": 1766028987171}, {"id": "788215582", "price": 835.23, "amount": 1.63, "side": "buy", "timestamp": 1766028987171}, {"id": "788215583", "price": 835.24, "amount": 0.01, "side": "buy", "timestamp": 1766028987171}, {"id": "788215584", "price": 835.26, "amount": 7.86, "side": "buy", "timestamp": 1766028987171}, {"id": "788215585", "price": 835.27, "amount": 0.34, "side": "buy", "timestamp": 1766028987171}, {"id": "788215586", "price": 835.28, "amount": 0.02, "side": "buy", "timestamp": 1766028987171}, {"id": "788215587", "price": 835.29, "amount": 0.04, "side": "buy", "timestamp": 1766028987171}, {"id": "788215588", "price": 835.29, "amount": 0.06, "side": "sell", "timestamp": 1766028987173}, {"id": "788215589", "price": 835.3, "amount": 2.84, "side": "buy", "timestamp": 1766028987173}, {"id": "788215590", "price": 835.31, "amount": 0.22, "side": "buy", "timestamp": 1766028987173}, {"id": "788215591", "price": 835.32, "amount": 2.22, "side": "buy", "timestamp": 1766028987177}, {"id": "788215592", "price": 835.33, "amount": 2.4, "side": "buy", "timestamp": 1766028987191}, {"id": "788215593", "price": 835.34, "amount": 4.79, "side": "buy", "timestamp": 1766028987194}, {"id": "788215594", "price": 835.35, "amount": 5.69, "side": "buy", "timestamp": 1766028987194}, {"id": "788215595", "price": 835.36, "amount": 0.04, "side": "buy", "timestamp": 1766028987194}, {"id": "788215890", "price": 835.59, "amount": 0.71, "side": "buy", "timestamp": 1766029027485}, {"id": "788215891", "price": 835.58, "amount": 0.05, "side": "sell", "timestamp": 1766029027620}, {"id": "788215892", "price": 835.59, "amount": 0.02, "side": "buy", "timestamp": 1766029027680}, {"id": "788215893", "price": 835.58, "amount": 0.01, "side": "sell", "timestamp": 1766029027812}, {"id": "788215894", "price": 835.59, "amount": 0.02, "side": "buy", "timestamp": 1766029028078}, {"id": "788215895", "price": 835.58, "amount": 0.06, "side": "sell", "timestamp": 1766029028190}, {"id": "788215896", "price": 835.59, "amount": 0.03, "side": "buy", "timestamp": 1766029028243}, {"id": "788215897", "price": 835.58, "amount": 0.04, "side": "sell", "timestamp": 1766029028280}, {"id": "788215898", "price": 835.59, "amount": 0.01, "side": "buy", "timestamp": 1766029028908}, {"id": "788215899", "price": 835.58, "amount": 0.13, "side": "sell", "timestamp": 1766029029101}, {"id": "788215900", "price": 835.59, "amount": 6.43, "side": "buy", "timestamp": 1766029029683}, {"id": "788215901", "price": 835.6, "amount": 0.01, "side": "buy", "timestamp": 1766029029794}, {"id": "788215902", "price": 835.61, "amount": 0.02, "side": "buy", "timestamp": 1766029029794}, {"id": "788215903", "price": 835.62, "amount": 0.61, "side": "buy", "timestamp": 1766029029794}, {"id": "788215904", "price": 835.63, "amount": 0.02, "side": "buy", "timestamp": 1766029029839}, {"id": "788215905", "price": 835.64, "amount": 0.03, "side": "buy", "timestamp": 1766029029884}, {"id": "788215906", "price": 835.65, "amount": 0.03, "side": "buy", "timestamp": 1766029029884}, {"id": "788215907", "price": 835.66, "amount": 0.01, "side": "buy", "timestamp": 1766029029884}, {"id": "788215908", "price": 835.67, "amount": 0.03, "side": "buy", "timestamp": 1766029029884}, {"id": "788215909", "price": 835.67, "amount": 0.06, "side": "sell", "timestamp": 1766029030021}, {"id": "788215910", "price": 835.68, "amount": 0.24, "side": "buy", "timestamp": 1766029030133}, {"id": "788215911", "price": 835.67, "amount": 0.14, "side": "sell", "timestamp": 1766029030203}, {"id": "788215912", "price": 835.67, "amount": 0.06, "side": "sell", "timestamp": 1766029031081}, {"id": "788215913", "price": 835.68, "amount": 0.01, "side": "buy", "timestamp": 1766029031664}, {"id": "788215914", "price": 835.67, "amount": 0.06, "side": "sell", "timestamp": 1766029032114}, {"id": "788215915", "price": 835.68, "amount": 0.02, "side": "buy", "timestamp": 1766029032117}, {"id": "788215916", "price": 835.67, "amount": 0.92, "side": "sell", "timestamp": 1766029032493}, {"id": "788215917", "price": 835.68, "amount": 0.03, "side": "buy", "timestamp": 1766029032744}, {"id": "788215918", "price": 835.68, "amount": 0.59, "side": "buy", "timestamp": 1766029032893}, {"id": "788215919", "price": 835.67, "amount": 0.02, "side": "sell", "timestamp": 1766029033027}, {"id": "788215920", "price": 835.67, "amount": 0.15, "side": "sell", "timestamp": 1766029033128}, {"id": "788215921", "price": 835.68, "amount": 2.53, "side": "buy", "timestamp": 1766029033539}, {"id": "788215922", "price": 835.67, "amount": 0.01, "side": "sell", "timestamp": 1766029033965}, {"id": "788215923", "price": 835.68, "amount": 2.55, "side": "buy", "timestamp": 1766029034128}, {"id": "788215924", "price": 835.67, "amount": 0.06, "side": "sell", "timestamp": 1766029034137}, {"id": "788215925", "price": 835.68, "amount": 4.51, "side": "buy", "timestamp": 1766029034537}, {"id": "788215926", "price": 835.67, "amount": 0.02, "side": "sell", "timestamp": 1766029034569}, {"id": "788215927", "price": 835.68, "amount": 1.46, "side": "buy", "timestamp": 1766029034685}, {"id": "788215928", "price": 835.68, "amount": 0.24, "side": "buy", "timestamp": 1766029034916}, {"id": "788215929", "price": 835.67, "amount": 0.06, "side": "sell", "timestamp": 1766029035162}, {"id": "788215930", "price": 835.68, "amount": 5.01, "side": "buy", "timestamp": 1766029035973}, {"id": "788215931", "price": 835.68, "amount": 0.02, "side": "sell", "timestamp": 1766029036080}, {"id": "788215932", "price": 835.69, "amount": 0.13, "side": "buy", "timestamp": 1766029036141}, {"id": "788215933", "price": 835.68, "amount": 0.06, "side": "sell", "timestamp": 1766029036186}, {"id": "788215934", "price": 835.68, "amount": 0.07, "side": "sell", "timestamp": 1766029036760}, {"id": "788215935", "price": 835.69, "amount": 0.6, "side": "buy", "timestamp": 1766029036900}, {"id": "788215936", "price": 835.68, "amount": 0.06, "side": "sell", "timestamp": 1766029037014}, {"id": "788215937", "price": 835.69, "amount": 2.01, "side": "buy", "timestamp": 1766029037014}, {"id": "788215938", "price": 835.68, "amount": 0.06, "side": "sell", "timestamp": 1766029038042}, {"id": "788215939", "price": 835.68, "amount": 0.08, "side": "sell", "timestamp": 1766029039070}, {"id": "788216133", "price": 835.87, "amount": 0.04, "side": "sell", "timestamp": 1766029081563}, {"id": "788216134", "price": 835.85, "amount": 0.02, "side": "sell", "timestamp": 1766029081563}, {"id": "788216135", "price": 835.84, "amount": 0.22, "side": "sell", "timestamp": 1766029081576}, {"id": "788216136", "price": 835.82, "amount": 0.18, "side": "sell", "timestamp": 1766029081621}, {"id": "788216137", "price": 835.82, "amount": 0.06, "side": "sell", "timestamp": 1766029082059}, {"id": "788216138", "price": 835.83, "amount": 0.24, "side": "buy", "timestamp": 1766029082446}, {"id": "788216139", "price": 835.82, "amount": 0.06, "side": "sell", "timestamp": 1766029082537}, {"id": "788216140", "price": 835.82, "amount": 0.09, "side": "sell", "timestamp": 1766029082743}, {"id": "788216141", "price": 835.82, "amount": 0.16, "side": "sell", "timestamp": 1766029082952}, {"id": "788216142", "price": 835.82, "amount": 0.06, "side": "sell", "timestamp": 1766029083095}, {"id": "788216143", "price": 835.82, "amount": 0.98, "side": "sell", "timestamp": 1766029083279}, {"id": "788216144", "price": 835.83, "amount": 0.08, "side": "buy", "timestamp": 1766029083491}, {"id": "788216145", "price": 835.82, "amount": 33.07, "side": "sell", "timestamp": 1766029083696}, {"id": "788216146", "price": 835.81, "amount": 0.16, "side": "sell", "timestamp": 1766029083697}, {"id": "788216147", "price": 835.8, "amount": 1.49, "side": "sell", "timestamp": 1766029083699}, {"id": "788216148", "price": 835.79, "amount": 0.31, "side": "sell", "timestamp": 1766029083699}, {"id": "788216149", "price": 835.77, "amount": 0.02, "side": "sell", "timestamp": 1766029083705}, {"id": "788216150", "price": 835.76, "amount": 0.01, "side": "sell", "timestamp": 1766029083710}, {"id": "788216151", "price": 835.77, "amount": 10.0, "side": "buy", "timestamp": 1766029083766}, {"id": "788216152", "price": 835.76, "amount": 0.08, "side": "sell", "timestamp": 1766029084066}, {"id": "788216153", "price": 835.76, "amount": 0.08, "side": "sell", "timestamp": 1766029084206}, {"id": "788216154", "price": 835.76, "amount": 0.01, "side": "sell", "timestamp": 1766029084460}, {"id": "788216155", "price": 835.76, "amount": 0.01, "side": "sell", "timestamp": 1766029084866}, {"id": "788216156", "price": 835.76, "amount": 0.07, "side": "sell", "timestamp": 1766029085195}, {"id": "788216157", "price": 835.76, "amount": 0.01, "side": "sell", "timestamp": 1766029085538}, {"id": "788216158", "price": 835.76, "amount": 0.17, "side": "sell", "timestamp": 1766029085774}, {"id": "788216159", "price": 835.77, "amount": 4.84, "side": "buy", "timestamp": 1766029085895}, {"id": "788216160", "price": 835.76, "amount": 0.06, "side": "sell", "timestamp": 1766029086030}, {"id": "788216161", "price": 835.76, "amount": 2.99, "side": "sell", "timestamp": 1766029086296}, {"id": "788216162", "price": 835.76, "amount": 0.01, "side": "sell", "timestamp": 1766029086735}, {"id": "788216163", "price": 835.77, "amount": 0.21, "side": "buy", "timestamp": 1766029086802}, {"id": "788216164", "price": 835.76, "amount": 0.08, "side": "sell", "timestamp": 1766029087064}, {"id": "788216165", "price": 835.76, "amount": 0.04, "side": "sell", "timestamp": 1766029087199}, {"id": "788216166", "price": 835.77, "amount": 0.13, "side": "buy", "timestamp": 1766029087353}, {"id": "788216167", "price": 835.77, "amount": 0.24, "side": "buy", "timestamp": 1766029087454}, {"id": "788216168", "price": 835.76, "amount": 0.06, "side": "sell", "timestamp": 1766029088110}, {"id": "788216169", "price": 835.77, "amount": 0.01, "side": "buy", "timestamp": 1766029088168}, {"id": "788216170", "price": 835.76, "amount": 0.06, "side": "sell", "timestamp": 1766029089171}, {"id": "788216171", "price": 835.76, "amount": 0.17, "side": "sell", "timestamp": 1766029089755}, {"id": "788216172", "price": 835.76, "amount": 1.02, "side": "sell", "timestamp": 1766029089903}, {"id": "788216173", "price": 835.76, "amount": 0.08, "side": "sell", "timestamp": 1766029090098}, {"id": "788216174", "price": 835.77, "amount": 18.17, "side": "buy", "timestamp": 1766029090438}, {"id": "788216175", "price": 835.77, "amount": 5.87, "side": "buy", "timestamp": 1766029090825}, {"id": "788216176", "price": 835.78, "amount": 0.01, "side": "buy", "timestamp": 1766029090827}, {"id": "788216177", "price": 835.79, "amount": 0.01, "side": "buy", "timestamp": 1766029090827}, {"id": "788216178", "price": 835.8, "amount": 2.43, "side": "buy", "timestamp": 1766029090827}, {"id": "788216179", "price": 835.81, "amount": 0.31, "side": "buy", "timestamp": 1766029090827}, {"id": "788216180", "price": 835.82, "amount": 2.59, "side": "buy", "timestamp": 1766029090827}, {"id": "788216181", "price": 835.83, "amount": 0.01, "side": "buy", "timestamp": 1766029090882}, {"id": "788216182", "price": 835.82, "amount": 0.06, "side": "sell", "timestamp": 1766029091066}, {"id": "788216359", "price": 836.05, "amount": 0.06, "side": "sell", "timestamp": 1766029133184}, {"id": "788216360", "price": 836.05, "amount": 0.01, "side": "sell", "timestamp": 1766029133836}, {"id": "788216361", "price": 836.06, "amount": 0.06, "side": "buy", "timestamp": 1766029134017}, {"id": "788216362", "price": 836.05, "amount": 0.06, "side": "sell", "timestamp": 1766029134197}, {"id": "788216363", "price": 836.06, "amount": 6.05, "side": "buy", "timestamp": 1766029134208}, {"id": "788216364", "price": 836.07, "amount": 0.14, "side": "buy", "timestamp": 1766029134216}, {"id": "788216365", "price": 836.08, "amount": 0.02, "side": "buy", "timestamp": 1766029134216}, {"id": "788216366", "price": 836.09, "amount": 0.01, "side": "buy", "timestamp": 1766029134216}, {"id": "788216367", "price": 836.1, "amount": 0.07, "side": "buy", "timestamp": 1766029134216}, {"id": "788216368", "price": 836.11, "amount": 0.68, "side": "buy", "timestamp": 1766029134216}, {"id": "788216369", "price": 836.12, "amount": 2.7, "side": "buy", "timestamp": 1766029134225}, {"id": "788216370", "price": 836.13, "amount": 5.76, "side": "buy", "timestamp": 1766029134228}, {"id": "788216371", "price": 836.14, "amount": 3.64, "side": "buy", "timestamp": 1766029134306}, {"id": "788216372", "price": 836.15, "amount": 0.12, "side": "buy", "timestamp": 1766029134307}, {"id": "788216373", "price": 836.16, "amount": 0.16, "side": "buy", "timestamp": 1766029134308}, {"id": "788216374", "price": 836.18, "amount": 0.12, "side": "buy", "timestamp": 1766029134392}, {"id": "788216375", "price": 836.19, "amount": 0.06, "side": "buy", "timestamp": 1766029134392}, {"id": "788216376", "price": 836.2, "amount": 0.92, "side": "buy", "timestamp": 1766029134392}, {"id": "788216377", "price": 836.21, "amount": 0.06, "side": "sell", "timestamp": 1766029135043}, {"id": "788216378", "price": 836.21, "amount": 0.02, "side": "sell", "timestamp": 1766029135186}, {"id": "788216379", "price": 836.21, "amount": 9.67, "side": "sell", "timestamp": 1766029135837}, {"id": "788216380", "price": 836.2, "amount": 0.1, "side": "sell", "timestamp": 1766029135859}, {"id": "788216381", "price": 836.16, "amount": 0.01, "side": "sell", "timestamp": 1766029135862}, {"id": "788216382", "price": 836.13, "amount": 0.06, "side": "sell", "timestamp": 1766029136068}, {"id": "788216383", "price": 836.14, "amount": 0.05, "side": "buy", "timestamp": 1766029136082}, {"id": "788216384", "price": 836.14, "amount": 0.24, "side": "buy", "timestamp": 1766029136275}, {"id": "788216385", "price": 836.14, "amount": 0.22, "side": "buy", "timestamp": 1766029136508}, {"id": "788216386", "price": 836.14, "amount": 0.01, "side": "buy", "timestamp": 1766029136993}, {"id": "788216387", "price": 836.13, "amount": 0.06, "side": "sell", "timestamp": 1766029137125}, {"id": "788216388", "price": 836.14, "amount": 0.38, "side": "buy", "timestamp": 1766029137143}, {"id": "788216389", "price": 836.14, "amount": 0.09, "side": "buy", "timestamp": 1766029137345}, {"id": "788216390", "price": 836.13, "amount": 4.51, "side": "sell", "timestamp": 1766029137474}, {"id": "788216391", "price": 836.13, "amount": 0.06, "side": "sell", "timestamp": 1766029137642}, {"id": "788216392", "price": 836.14, "amount": 0.04, "side": "buy", "timestamp": 1766029138001}, {"id": "788216393", "price": 836.13, "amount": 0.08, "side": "sell", "timestamp": 1766029138073}, {"id": "788216394", "price": 836.14, "amount": 1.3, "side": "buy", "timestamp": 1766029138307}, {"id": "788216395", "price": 836.13, "amount": 0.06, "side": "sell", "timestamp": 1766029139175}, {"id": "788216396", "price": 836.14, "amount": 0.01, "side": "buy", "timestamp": 1766029139672}, {"id": "788216397", "price": 836.13, "amount": 0.18, "side": "sell", "timestamp": 1766029139746}, {"id": "788216398", "price": 836.13, "amount": 0.06, "side": "sell", "timestamp": 1766029140188}, {"id": "788216399", "price": 836.14, "amount": 2.96, "side": "buy", "timestamp": 1766029140342}, {"id": "788216400", "price": 836.13, "amount": 0.09, "side": "sell", "timestamp": 1766029140747}, {"id": "788216401", "price": 836.13, "amount": 0.02, "side": "sell", "timestamp": 1766029141095}, {"id": "788216402", "price": 836.13, "amount": 0.06, "side": "sell", "timestamp": 1766029141215}, {"id": "788216403", "price": 836.14, "amount": 0.47, "side": "buy", "timestamp": 1766029141296}, {"id": "788216404", "price": 836.13, "amount": 0.01, "side": "sell", "timestamp": 1766029141820}, {"id": "788216405", "price": 836.13, "amount": 0.06, "side": "sell", "timestamp": 1766029142053}, {"id": "788216406", "price": 836.13, "amount": 0.06, "side": "sell", "timestamp": 1766029143066}, {"id": "788216407", "price": 836.14, "amount": 0.2, "side": "buy", "timestamp": 1766029143238}, {"id": "788216408", "price": 836.14, "amount": 0.13, "side": "buy", "timestamp": 1766029143494}, {"id": "788216670", "price": 836.69, "amount": 2.19, "side": "buy", "timestamp": 1766029189427}, {"id": "788216671", "price": 836.7, "amount": 0.01, "side": "buy", "timestamp": 1766029189427}, {"id": "788216672", "price": 836.71, "amount": 0.04, "side": "buy", "timestamp": 1766029189428}, {"id": "788216673", "price": 836.72, "amount": 3.25, "side": "buy", "timestamp": 1766029189428}, {"id": "788216674", "price": 836.73, "amount": 1.7, "side": "buy", "timestamp": 1766029189428}, {"id": "788216675", "price": 836.74, "amount": 3.36, "side": "buy", "timestamp": 1766029189428}, {"id": "788216676", "price": 836.75, "amount": 0.05, "side": "buy", "timestamp": 1766029189518}, {"id": "788216677", "price": 836.76, "amount": 0.08, "side": "buy", "timestamp": 1766029189518}, {"id": "788216678", "price": 836.77, "amount": 0.11, "side": "buy", "timestamp": 1766029189518}, {"id": "788216679", "price": 836.76, "amount": 0.01, "side": "sell", "timestamp": 1766029189552}, {"id": "788216680", "price": 836.76, "amount": 5.36, "side": "sell", "timestamp": 1766029189692}, {"id": "788216681", "price": 836.75, "amount": 0.88, "side": "sell", "timestamp": 1766029189696}, {"id": "788216682", "price": 836.74, "amount": 1.57, "side": "sell", "timestamp": 1766029189696}, {"id": "788216683", "price": 836.72, "amount": 0.01, "side": "sell", "timestamp": 1766029189701}, {"id": "788216684", "price": 836.66, "amount": 0.03, "side": "sell", "timestamp": 1766029189706}, {"id": "788216685", "price": 836.67, "amount": 0.01, "side": "buy", "timestamp": 1766029189884}, {"id": "788216686", "price": 836.66, "amount": 1.49, "side": "sell", "timestamp": 1766029190136}, {"id": "788216687", "price": 836.66, "amount": 0.1, "side": "sell", "timestamp": 1766029191141}, {"id": "788216688", "price": 836.67, "amount": 0.07, "side": "buy", "timestamp": 1766029191427}, {"id": "788216689", "price": 836.66, "amount": 11.38, "side": "sell", "timestamp": 1766029192159}, {"id": "788216690", "price": 836.64, "amount": 0.01, "side": "sell", "timestamp": 1766029192219}, {"id": "788216691", "price": 836.62, "amount": 0.01, "side": "sell", "timestamp": 1766029192219}, {"id": "788216692", "price": 836.61, "amount": 0.23, "side": "sell", "timestamp": 1766029192235}, {"id": "788216693", "price": 836.6, "amount": 0.15, "side": "sell", "timestamp": 1766029192247}, {"id": "788216694", "price": 836.61, "amount": 0.01, "side": "buy", "timestamp": 1766029192459}, {"id": "788216695", "price": 836.61, "amount": 0.13, "side": "buy", "timestamp": 1766029192692}, {"id": "788216696", "price": 836.61, "amount": 0.01, "side": "sell", "timestamp": 1766029192887}, {"id": "788216697", "price": 836.62, "amount": 0.03, "side": "buy", "timestamp": 1766029192890}, {"id": "788216698", "price": 836.64, "amount": 0.01, "side": "buy", "timestamp": 1766029192890}, {"id": "788216699", "price": 836.65, "amount": 0.02, "side": "buy", "timestamp": 1766029192890}, {"id": "788216700", "price": 836.68, "amount": 0.02, "side": "buy", "timestamp": 1766029192890}, {"id": "788216701", "price": 836.69, "amount": 0.03, "side": "buy", "timestamp": 1766029192890}, {"id": "788216702", "price": 836.7, "amount": 0.89, "side": "buy", "timestamp": 1766029192890}, {"id": "788216703", "price": 836.69, "amount": 0.22, "side": "sell", "timestamp": 1766029193167}, {"id": "788216704", "price": 836.69, "amount": 0.06, "side": "sell", "timestamp": 1766029193272}, {"id": "788216705", "price": 836.68, "amount": 0.01, "side": "sell", "timestamp": 1766029193272}, {"id": "788216706", "price": 836.66, "amount": 0.01, "side": "buy", "timestamp": 1766029193460}, {"id": "788216707", "price": 836.65, "amount": 0.06, "side": "sell", "timestamp": 1766029194202}, {"id": "788216708", "price": 836.66, "amount": 0.24, "side": "buy", "timestamp": 1766029194217}, {"id": "788216709", "price": 836.66, "amount": 0.71, "side": "buy", "timestamp": 1766029194706}, {"id": "788216710", "price": 836.66, "amount": 0.06, "side": "sell", "timestamp": 1766029195017}, {"id": "788216711", "price": 836.66, "amount": 0.04, "side": "sell", "timestamp": 1766029195139}, {"id": "788216712", "price": 836.67, "amount": 0.05, "side": "buy", "timestamp": 1766029195275}, {"id": "788216713", "price": 836.68, "amount": 0.01, "side": "buy", "timestamp": 1766029195529}, {"id": "788216714", "price": 836.67, "amount": 0.01, "side": "sell", "timestamp": 1766029195569}, {"id": "788216715", "price": 836.67, "amount": 0.01, "side": "sell", "timestamp": 1766029195842}, {"id": "788216716", "price": 836.67, "amount": 0.06, "side": "sell", "timestamp": 1766029196051}, {"id": "788216717", "price": 836.68, "amount": 0.03, "side": "buy", "timestamp": 1766029196169}, {"id": "788216718", "price": 836.68, "amount": 0.7, "side": "buy", "timestamp": 1766029196294}, {"id": "788216719", "price": 836.67, "amount": 0.01, "side": "sell", "timestamp": 1766029196308}, {"id": "788216933", "price": 837.37, "amount": 1.95, "side": "buy", "timestamp": 1766029237807}, {"id": "788216934", "price": 837.37, "amount": 0.06, "side": "sell", "timestamp": 1766029238062}, {"id": "788216935", "price": 837.38, "amount": 0.12, "side": "buy", "timestamp": 1766029238212}, {"id": "788216936", "price": 837.4, "amount": 0.39, "side": "buy", "timestamp": 1766029238212}, {"id": "788216937", "price": 837.42, "amount": 0.34, "side": "buy", "timestamp": 1766029238212}, {"id": "788216938", "price": 837.42, "amount": 0.07, "side": "sell", "timestamp": 1766029238525}, {"id": "788216939", "price": 837.42, "amount": 0.51, "side": "sell", "timestamp": 1766029238630}, {"id": "788216940", "price": 837.42, "amount": 0.06, "side": "sell", "timestamp": 1766029239088}, {"id": "788216941", "price": 837.42, "amount": 0.08, "side": "sell", "timestamp": 1766029240109}, {"id": "788216942", "price": 837.42, "amount": 0.06, "side": "sell", "timestamp": 1766029241143}, {"id": "788216943", "price": 837.42, "amount": 24.27, "side": "sell", "timestamp": 1766029241949}, {"id": "788216944", "price": 837.42, "amount": 0.01, "side": "sell", "timestamp": 1766029242118}, {"id": "788216945", "price": 837.43, "amount": 0.01, "side": "buy", "timestamp": 1766029242217}, {"id": "788216946", "price": 837.43, "amount": 4.05, "side": "buy", "timestamp": 1766029242483}, {"id": "788216947", "price": 837.43, "amount": 0.24, "side": "buy", "timestamp": 1766029242620}, {"id": "788216948", "price": 837.42, "amount": 0.02, "side": "sell", "timestamp": 1766029243125}, {"id": "788216949", "price": 837.43, "amount": 0.01, "side": "buy", "timestamp": 1766029243130}, {"id": "788216950", "price": 837.42, "amount": 0.06, "side": "sell", "timestamp": 1766029243178}, {"id": "788216951", "price": 837.42, "amount": 0.03, "side": "sell", "timestamp": 1766029243340}, {"id": "788216952", "price": 837.42, "amount": 0.01, "side": "sell", "timestamp": 1766029243607}, {"id": "788216953", "price": 837.42, "amount": 0.06, "side": "sell", "timestamp": 1766029244201}, {"id": "788216954", "price": 837.42, "amount": 0.06, "side": "sell", "timestamp": 1766029244327}, {"id": "788216955", "price": 837.43, "amount": 0.32, "side": "buy", "timestamp": 1766029244353}, {"id": "788216956", "price": 837.43, "amount": 0.06, "side": "sell", "timestamp": 1766029245055}, {"id": "788216957", "price": 837.43, "amount": 0.02, "side": "sell", "timestamp": 1766029245302}, {"id": "788216958", "price": 837.43, "amount": 3.56, "side": "sell", "timestamp": 1766029246084}, {"id": "788216959", "price": 837.44, "amount": 0.01, "side": "buy", "timestamp": 1766029246187}, {"id": "788216960", "price": 837.43, "amount": 0.09, "side": "sell", "timestamp": 1766029246438}, {"id": "788216961", "price": 837.43, "amount": 0.06, "side": "sell", "timestamp": 1766029247138}, {"id": "788216962", "price": 837.44, "amount": 5.08, "side": "buy", "timestamp": 1766029247174}, {"id": "788216963", "price": 837.45, "amount": 0.17, "side": "buy", "timestamp": 1766029247181}, {"id": "788216964", "price": 837.46, "amount": 0.01, "side": "buy", "timestamp": 1766029247181}, {"id": "788216965", "price": 837.46, "amount": 0.01, "side": "sell", "timestamp": 1766029247193}, {"id": "788216966", "price": 837.47, "amount": 0.1, "side": "buy", "timestamp": 1766029247232}, {"id": "788216967", "price": 837.47, "amount": 0.18, "side": "sell", "timestamp": 1766029247286}, {"id": "788216968", "price": 837.47, "amount": 0.02, "side": "sell", "timestamp": 1766029247583}, {"id": "788216969", "price": 837.48, "amount": 0.01, "side": "buy", "timestamp": 1766029247683}, {"id": "788216970", "price": 837.48, "amount": 0.24, "side": "buy", "timestamp": 1766029247877}, {"id": "788216971", "price": 837.48, "amount": 3.85, "side": "buy", "timestamp": 1766029248153}, {"id": "788216972", "price": 837.49, "amount": 4.35, "side": "buy", "timestamp": 1766029248156}, {"id": "788216973", "price": 837.5, "amount": 1.45, "side": "buy", "timestamp": 1766029248158}, {"id": "788216974", "price": 837.5, "amount": 12.6, "side": "sell", "timestamp": 1766029248179}, {"id": "788216975", "price": 837.5, "amount": 6.5, "side": "sell", "timestamp": 1766029248290}, {"id": "788216976", "price": 837.5, "amount": 3.25, "side": "sell", "timestamp": 1766029248391}, {"id": "788216977", "price": 837.5, "amount": 0.01, "side": "sell", "timestamp": 1766029248746}, {"id": "788216978", "price": 837.51, "amount": 0.23, "side": "buy", "timestamp": 1766029248924}, {"id": "788216979", "price": 837.52, "amount": 0.03, "side": "buy", "timestamp": 1766029248924}, {"id": "788216980", "price": 837.53, "amount": 0.11, "side": "buy", "timestamp": 1766029248924}, {"id": "788216981", "price": 837.52, "amount": 0.02, "side": "sell", "timestamp": 1766029249052}, {"id": "788216982", "price": 837.52, "amount": 0.06, "side": "sell", "timestamp": 1766029249200}, {"id": "788217253", "price": 837.2, "amount": 0.01, "side": "sell", "timestamp": 1766029290542}, {"id": "788217254", "price": 837.2, "amount": 0.95, "side": "sell", "timestamp": 1766029290875}, {"id": "788217255", "price": 837.21, "amount": 0.94, "side": "buy", "timestamp": 1766029290878}, {"id": "788217256", "price": 837.22, "amount": 0.61, "side": "buy", "timestamp": 1766029290880}, {"id": "788217257", "price": 837.24, "amount": 0.02, "side": "buy", "timestamp": 1766029290917}, {"id": "788217258", "price": 837.25, "amount": 0.03, "side": "buy", "timestamp": 1766029290917}, {"id": "788217259", "price": 837.25, "amount": 0.02, "side": "sell", "timestamp": 1766029291105}, {"id": "788217260", "price": 837.26, "amount": 0.89, "side": "buy", "timestamp": 1766029291126}, {"id": "788217261", "price": 837.25, "amount": 0.06, "side": "sell", "timestamp": 1766029291151}, {"id": "788217262", "price": 837.25, "amount": 0.02, "side": "sell", "timestamp": 1766029291325}, {"id": "788217263", "price": 837.26, "amount": 2.42, "side": "buy", "timestamp": 1766029291926}, {"id": "788217264", "price": 837.27, "amount": 0.07, "side": "buy", "timestamp": 1766029291926}, {"id": "788217265", "price": 837.28, "amount": 0.18, "side": "buy", "timestamp": 1766029291926}, {"id": "788217266", "price": 837.27, "amount": 0.52, "side": "sell", "timestamp": 1766029292016}, {"id": "788217267", "price": 837.28, "amount": 0.24, "side": "buy", "timestamp": 1766029292371}, {"id": "788217268", "price": 837.28, "amount": 0.56, "side": "buy", "timestamp": 1766029292590}, {"id": "788217269", "price": 837.27, "amount": 0.05, "side": "sell", "timestamp": 1766029292766}, {"id": "788217270", "price": 837.27, "amount": 0.07, "side": "sell", "timestamp": 1766029293104}, {"id": "788217271", "price": 837.27, "amount": 0.1, "side": "sell", "timestamp": 1766029294062}, {"id": "788217272", "price": 837.28, "amount": 0.04, "side": "buy", "timestamp": 1766029294204}, {"id": "788217273", "price": 837.28, "amount": 0.77, "side": "buy", "timestamp": 1766029294308}, {"id": "788217274", "price": 837.3, "amount": 0.04, "side": "buy", "timestamp": 1766029294308}, {"id": "788217275", "price": 837.29, "amount": 0.01, "side": "sell", "timestamp": 1766029294322}, {"id": "788217276", "price": 837.29, "amount": 0.1, "side": "sell", "timestamp": 1766029294506}, {"id": "788217277", "price": 837.29, "amount": 0.52, "side": "sell", "timestamp": 1766029294651}, {"id": "788217278", "price": 837.29, "amount": 0.09, "side": "sell", "timestamp": 1766029294818}, {"id": "788217279", "price": 837.29, "amount": 0.06, "side": "sell", "timestamp": 1766029295158}, {"id": "788217280", "price": 837.29, "amount": 0.54, "side": "sell", "timestamp": 1766029295469}, {"id": "788217281", "price": 837.3, "amount": 2.59, "side": "buy", "timestamp": 1766029295514}, {"id": "788217282", "price": 837.29, "amount": 0.03, "side": "sell", "timestamp": 1766029295557}, {"id": "788217283", "price": 837.3, "amount": 2.67, "side": "buy", "timestamp": 1766029296177}, {"id": "788217284", "price": 837.29, "amount": 0.06, "side": "sell", "timestamp": 1766029296177}, {"id": "788217285", "price": 837.32, "amount": 0.48, "side": "buy", "timestamp": 1766029296384}, {"id": "788217286", "price": 837.34, "amount": 0.03, "side": "buy", "timestamp": 1766029296384}, {"id": "788217287", "price": 837.36, "amount": 4.77, "side": "buy", "timestamp": 1766029296540}, {"id": "788217288", "price": 837.35, "amount": 0.08, "side": "sell", "timestamp": 1766029297082}, {"id": "788217289", "price": 837.36, "amount": 0.24, "side": "buy", "timestamp": 1766029297207}, {"id": "788217290", "price": 837.36, "amount": 0.02, "side": "buy", "timestamp": 1766029297530}, {"id": "788217291", "price": 837.35, "amount": 0.15, "side": "sell", "timestamp": 1766029298020}, {"id": "788217292", "price": 837.36, "amount": 1.4, "side": "buy", "timestamp": 1766029298725}, {"id": "788217293", "price": 837.36, "amount": 0.64, "side": "sell", "timestamp": 1766029298757}, {"id": "788217294", "price": 837.37, "amount": 0.61, "side": "buy", "timestamp": 1766029298990}, {"id": "788217295", "price": 837.37, "amount": 0.06, "side": "sell", "timestamp": 1766029299160}, {"id": "788217296", "price": 837.37, "amount": 0.02, "side": "sell", "timestamp": 1766029300051}, {"id": "788217297", "price": 837.37, "amount": 0.06, "side": "sell", "timestamp": 1766029300181}, {"id": "788217298", "price": 837.37, "amount": 0.01, "side": "sell", "timestamp": 1766029300771}, {"id": "788217299", "price": 837.38, "amount": 14.61, "side": "buy", "timestamp": 1766029300787}, {"id": "788217300", "price": 837.4, "amount": 0.96, "side": "buy", "timestamp": 1766029300820}, {"id": "788217301", "price": 837.41, "amount": 0.03, "side": "buy", "timestamp": 1766029300820}, {"id": "788217302", "price": 837.41, "amount": 0.06, "side": "sell", "timestamp": 1766029301145}, {"id": "788217561", "price": 837.24, "amount": 0.53, "side": "sell", "timestamp": 1766029345175}, {"id": "788217562", "price": 837.23, "amount": 0.03, "side": "sell", "timestamp": 1766029345175}, {"id": "788217563", "price": 837.22, "amount": 2.3, "side": "sell", "timestamp": 1766029345175}, {"id": "788217564", "price": 837.2, "amount": 0.07, "side": "sell", "timestamp": 1766029345181}, {"id": "788217565", "price": 837.19, "amount": 0.16, "side": "sell", "timestamp": 1766029345183}, {"id": "788217566", "price": 837.18, "amount": 0.01, "side": "sell", "timestamp": 1766029345183}, {"id": "788217567", "price": 837.17, "amount": 0.05, "side": "sell", "timestamp": 1766029345185}, {"id": "788217568", "price": 837.16, "amount": 0.01, "side": "sell", "timestamp": 1766029345185}, {"id": "788217569", "price": 837.15, "amount": 0.24, "side": "buy", "timestamp": 1766029345264}, {"id": "788217570", "price": 837.14, "amount": 0.06, "side": "sell", "timestamp": 1766029345304}, {"id": "788217571", "price": 837.14, "amount": 0.01, "side": "sell", "timestamp": 1766029345470}, {"id": "788217572", "price": 837.14, "amount": 0.4, "side": "sell", "timestamp": 1766029345592}, {"id": "788217573", "price": 837.15, "amount": 5.7, "side": "buy", "timestamp": 1766029345683}, {"id": "788217574", "price": 837.15, "amount": 0.01, "side": "buy", "timestamp": 1766029346055}, {"id": "788217575", "price": 837.14, "amount": 0.06, "side": "sell", "timestamp": 1766029346190}, {"id": "788217576", "price": 837.15, "amount": 0.17, "side": "buy", "timestamp": 1766029346692}, {"id": "788217577", "price": 837.14, "amount": 0.03, "side": "sell", "timestamp": 1766029346985}, {"id": "788217578", "price": 837.15, "amount": 3.18, "side": "buy", "timestamp": 1766029347081}, {"id": "788217579", "price": 837.14, "amount": 0.06, "side": "sell", "timestamp": 1766029347210}, {"id": "788217580", "price": 837.14, "amount": 2.62, "side": "sell", "timestamp": 1766029347315}, {"id": "788217581", "price": 837.15, "amount": 0.01, "side": "buy", "timestamp": 1766029347549}, {"id": "788217582", "price": 837.14, "amount": 0.03, "side": "sell", "timestamp": 1766029347611}, {"id": "788217583", "price": 837.15, "amount": 9.55, "side": "buy", "timestamp": 1766029347959}, {"id": "788217584", "price": 837.14, "amount": 0.1, "side": "sell", "timestamp": 1766029348018}, {"id": "788217585", "price": 837.14, "amount": 0.02, "side": "sell", "timestamp": 1766029348131}, {"id": "788217586", "price": 837.14, "amount": 0.02, "side": "sell", "timestamp": 1766029348410}, {"id": "788217587", "price": 837.14, "amount": 4.76, "side": "sell", "timestamp": 1766029348781}, {"id": "788217588", "price": 837.15, "amount": 0.03, "side": "buy", "timestamp": 1766029349011}, {"id": "788217589", "price": 837.14, "amount": 0.06, "side": "sell", "timestamp": 1766029349070}, {"id": "788217590", "price": 837.15, "amount": 1.1, "side": "buy", "timestamp": 1766029349601}, {"id": "788217591", "price": 837.15, "amount": 4.19, "side": "buy", "timestamp": 1766029349865}, {"id": "788217592", "price": 837.16, "amount": 0.33, "side": "buy", "timestamp": 1766029349865}, {"id": "788217593", "price": 837.18, "amount": 0.02, "side": "buy", "timestamp": 1766029349870}, {"id": "788217594", "price": 837.19, "amount": 0.01, "side": "sell", "timestamp": 1766029349894}, {"id": "788217595", "price": 837.2, "amount": 0.03, "side": "buy", "timestamp": 1766029349895}, {"id": "788217596", "price": 837.22, "amount": 0.02, "side": "buy", "timestamp": 1766029349896}, {"id": "788217597", "price": 837.23, "amount": 0.04, "side": "buy", "timestamp": 1766029349897}, {"id": "788217598", "price": 837.24, "amount": 0.03, "side": "buy", "timestamp": 1766029350009}, {"id": "788217599", "price": 837.26, "amount": 0.01, "side": "buy", "timestamp": 1766029350009}, {"id": "788217600", "price": 837.27, "amount": 0.01, "side": "buy", "timestamp": 1766029350009}, {"id": "788217601", "price": 837.28, "amount": 0.19, "side": "buy", "timestamp": 1766029350009}, {"id": "788217602", "price": 837.27, "amount": 0.06, "side": "sell", "timestamp": 1766029350135}, {"id": "788217603", "price": 837.28, "amount": 2.51, "side": "buy", "timestamp": 1766029350548}, {"id": "788217604", "price": 837.27, "amount": 0.03, "side": "sell", "timestamp": 1766029350718}, {"id": "788217605", "price": 837.27, "amount": 0.29, "side": "sell", "timestamp": 1766029350872}, {"id": "788217606", "price": 837.27, "amount": 0.08, "side": "sell", "timestamp": 1766029351151}, {"id": "788217607", "price": 837.27, "amount": 0.01, "side": "sell", "timestamp": 1766029351873}, {"id": "788217608", "price": 837.27, "amount": 0.1, "side": "sell", "timestamp": 1766029352191}, {"id": "788217609", "price": 837.28, "amount": 0.03, "side": "buy", "timestamp": 1766029352270}, {"id": "788217610", "price": 837.27, "amount": 0.06, "side": "sell", "timestamp": 1766029353200}, {"id": "788217778", "price": 837.29, "amount": 0.24, "side": "buy", "timestamp": 1766029394055}, {"id": "788217779", "price": 837.28, "amount": 0.06, "side": "sell", "timestamp": 1766029394069}, {"id": "788217780", "price": 837.29, "amount": 0.68, "side": "buy", "timestamp": 1766029394268}, {"id": "788217781", "price": 837.29, "amount": 0.01, "side": "buy", "timestamp": 1766029394558}, {"id": "788217782", "price": 837.29, "amount": 2.47, "side": "buy", "timestamp": 1766029395043}, {"id": "788217783", "price": 837.28, "amount": 0.06, "side": "sell", "timestamp": 1766029395107}, {"id": "788217784", "price": 837.29, "amount": 0.05, "side": "buy", "timestamp": 1766029395782}, {"id": "788217785", "price": 837.29, "amount": 0.44, "side": "buy", "timestamp": 1766029396016}, {"id": "788217786", "price": 837.28, "amount": 0.06, "side": "sell", "timestamp": 1766029396124}, {"id": "788217787", "price": 837.29, "amount": 0.01, "side": "buy", "timestamp": 1766029396147}, {"id": "788217788", "price": 837.28, "amount": 0.02, "side": "sell", "timestamp": 1766029396147}, {"id": "788217789", "price": 837.29, "amount": 1.31, "side": "buy", "timestamp": 1766029396321}, {"id": "788217790", "price": 837.28, "amount": 0.06, "side": "sell", "timestamp": 1766029397138}, {"id": "788217791", "price": 837.28, "amount": 0.08, "side": "sell", "timestamp": 1766029397920}, {"id": "788217792", "price": 837.28, "amount": 0.06, "side": "sell", "timestamp": 1766029398191}, {"id": "788217793", "price": 837.29, "amount": 0.02, "side": "buy", "timestamp": 1766029398407}, {"id": "788217794", "price": 837.28, "amount": 0.04, "side": "sell", "timestamp": 1766029398757}, {"id": "788217795", "price": 837.29, "amount": 0.24, "side": "buy", "timestamp": 1766029398880}, {"id": "788217796", "price": 837.28, "amount": 0.1, "side": "sell", "timestamp": 1766029399042}, {"id": "788217797", "price": 837.28, "amount": 0.02, "side": "sell", "timestamp": 1766029399161}, {"id": "788217798", "price": 837.29, "amount": 23.78, "side": "buy", "timestamp": 1766029399520}, {"id": "788217799", "price": 837.3, "amount": 1.09, "side": "buy", "timestamp": 1766029399522}, {"id": "788217800", "price": 837.31, "amount": 14.28, "side": "buy", "timestamp": 1766029399522}, {"id": "788217801", "price": 837.32, "amount": 9.96, "side": "buy", "timestamp": 1766029399523}, {"id": "788217802", "price": 837.33, "amount": 1.5, "side": "buy", "timestamp": 1766029399598}, {"id": "788217803", "price": 837.34, "amount": 2.44, "side": "buy", "timestamp": 1766029399598}, {"id": "788217804", "price": 837.35, "amount": 0.03, "side": "buy", "timestamp": 1766029399609}, {"id": "788217805", "price": 837.35, "amount": 0.03, "side": "sell", "timestamp": 1766029399789}, {"id": "788217806", "price": 837.36, "amount": 0.03, "side": "buy", "timestamp": 1766029399829}, {"id": "788217807", "price": 837.37, "amount": 0.01, "side": "buy", "timestamp": 1766029399829}, {"id": "788217808", "price": 837.38, "amount": 0.01, "side": "buy", "timestamp": 1766029399829}, {"id": "788217809", "price": 837.4, "amount": 0.36, "side": "buy", "timestamp": 1766029399879}, {"id": "788217810", "price": 837.39, "amount": 0.09, "side": "sell", "timestamp": 1766029400178}, {"id": "788217811", "price": 837.39, "amount": 0.01, "side": "sell", "timestamp": 1766029400601}, {"id": "788217812", "price": 837.4, "amount": 0.03, "side": "buy", "timestamp": 1766029400669}, {"id": "788217813", "price": 837.39, "amount": 0.01, "side": "sell", "timestamp": 1766029400936}, {"id": "788217814", "price": 837.39, "amount": 0.06, "side": "sell", "timestamp": 1766029401077}, {"id": "788217815", "price": 837.4, "amount": 0.08, "side": "buy", "timestamp": 1766029401319}, {"id": "788217816", "price": 837.39, "amount": 12.13, "side": "sell", "timestamp": 1766029401360}, {"id": "788217817", "price": 837.39, "amount": 0.18, "side": "sell", "timestamp": 1766029402127}, {"id": "788217818", "price": 837.4, "amount": 0.48, "side": "buy", "timestamp": 1766029402293}, {"id": "788217819", "price": 837.39, "amount": 0.07, "side": "sell", "timestamp": 1766029403157}, {"id": "788217820", "price": 837.4, "amount": 0.55, "side": "buy", "timestamp": 1766029403617}, {"id": "788217821", "price": 837.4, "amount": 0.33, "side": "buy", "timestamp": 1766029403800}, {"id": "788217822", "price": 837.39, "amount": 0.06, "side": "sell", "timestamp": 1766029404184}, {"id": "788217823", "price": 837.4, "amount": 0.09, "side": "buy", "timestamp": 1766029404326}, {"id": "788217824", "price": 837.4, "amount": 0.21, "side": "buy", "timestamp": 1766029404825}, {"id": "788217825", "price": 837.39, "amount": 0.1, "side": "sell", "timestamp": 1766029404989}, {"id": "788217826", "price": 837.4, "amount": 0.03, "side": "buy", "timestamp": 1766029405863}, {"id": "788217827", "price": 837.39, "amount": 0.06, "side": "sell", "timestamp": 1766029406048}, {"id": "788218089", "price": 836.91, "amount": 0.01, "side": "sell", "timestamp": 1766029444689}, {"id": "788218090", "price": 836.91, "amount": 0.06, "side": "sell", "timestamp": 1766029445114}, {"id": "788218091", "price": 836.92, "amount": 25.27, "side": "buy", "timestamp": 1766029445292}, {"id": "788218092", "price": 836.93, "amount": 3.26, "side": "buy", "timestamp": 1766029445332}, {"id": "788218093", "price": 836.95, "amount": 2.4, "side": "buy", "timestamp": 1766029445332}, {"id": "788218094", "price": 836.96, "amount": 2.69, "side": "buy", "timestamp": 1766029445333}, {"id": "788218095", "price": 836.97, "amount": 0.22, "side": "buy", "timestamp": 1766029445352}, {"id": "788218096", "price": 836.98, "amount": 2.96, "side": "buy", "timestamp": 1766029445352}, {"id": "788218097", "price": 836.99, "amount": 1.29, "side": "buy", "timestamp": 1766029445454}, {"id": "788218098", "price": 837.0, "amount": 0.03, "side": "buy", "timestamp": 1766029445454}, {"id": "788218099", "price": 837.01, "amount": 0.08, "side": "buy", "timestamp": 1766029445454}, {"id": "788218100", "price": 837.02, "amount": 0.03, "side": "buy", "timestamp": 1766029445454}, {"id": "788218101", "price": 837.03, "amount": 0.14, "side": "buy", "timestamp": 1766029445574}, {"id": "788218102", "price": 837.02, "amount": 0.06, "side": "sell", "timestamp": 1766029446146}, {"id": "788218103", "price": 837.03, "amount": 0.01, "side": "buy", "timestamp": 1766029446279}, {"id": "788218104", "price": 837.02, "amount": 0.38, "side": "sell", "timestamp": 1766029446915}, {"id": "788218105", "price": 837.02, "amount": 0.08, "side": "sell", "timestamp": 1766029447102}, {"id": "788218106", "price": 837.02, "amount": 0.98, "side": "sell", "timestamp": 1766029447205}, {"id": "788218107", "price": 837.03, "amount": 0.24, "side": "buy", "timestamp": 1766029447504}, {"id": "788218108", "price": 837.03, "amount": 2.0, "side": "buy", "timestamp": 1766029447730}, {"id": "788218109", "price": 837.03, "amount": 0.01, "side": "buy", "timestamp": 1766029448040}, {"id": "788218110", "price": 837.02, "amount": 0.06, "side": "sell", "timestamp": 1766029448171}, {"id": "788218111", "price": 837.02, "amount": 0.06, "side": "sell", "timestamp": 1766029449187}, {"id": "788218112", "price": 837.02, "amount": 0.05, "side": "sell", "timestamp": 1766029449539}, {"id": "788218113", "price": 837.02, "amount": 0.02, "side": "sell", "timestamp": 1766029449762}, {"id": "788218114", "price": 837.02, "amount": 0.08, "side": "sell", "timestamp": 1766029450035}, {"id": "788218115", "price": 837.03, "amount": 0.03, "side": "buy", "timestamp": 1766029450808}, {"id": "788218116", "price": 837.02, "amount": 0.06, "side": "sell", "timestamp": 1766029451155}, {"id": "788218117", "price": 837.02, "amount": 0.04, "side": "sell", "timestamp": 1766029451366}, {"id": "788218118", "price": 837.02, "amount": 2.97, "side": "sell", "timestamp": 1766029451669}, {"id": "788218119", "price": 837.02, "amount": 0.06, "side": "sell", "timestamp": 1766029452189}, {"id": "788218120", "price": 837.03, "amount": 0.24, "side": "buy", "timestamp": 1766029452480}, {"id": "788218121", "price": 837.02, "amount": 0.08, "side": "sell", "timestamp": 1766029452640}, {"id": "788218122", "price": 837.02, "amount": 0.06, "side": "sell", "timestamp": 1766029453019}, {"id": "788218123", "price": 837.02, "amount": 0.02, "side": "sell", "timestamp": 1766029453146}, {"id": "788218124", "price": 837.03, "amount": 0.07, "side": "buy", "timestamp": 1766029453593}, {"id": "788218125", "price": 837.02, "amount": 0.06, "side": "sell", "timestamp": 1766029454045}, {"id": "788218126", "price": 837.02, "amount": 0.06, "side": "sell", "timestamp": 1766029455083}, {"id": "788218127", "price": 837.03, "amount": 0.01, "side": "buy", "timestamp": 1766029455574}, {"id": "788218128", "price": 837.02, "amount": 0.1, "side": "sell", "timestamp": 1766029456014}, {"id": "788218129", "price": 837.03, "amount": 0.03, "side": "buy", "timestamp": 1766029456064}, {"id": "788218130", "price": 837.02, "amount": 0.06, "side": "sell", "timestamp": 1766029456169}, {"id": "788218131", "price": 837.02, "amount": 0.01, "side": "sell", "timestamp": 1766029456603}, {"id": "788218132", "price": 837.02, "amount": 0.06, "side": "sell", "timestamp": 1766029457057}, {"id": "788218133", "price": 837.03, "amount": 0.24, "side": "buy", "timestamp": 1766029457100}, {"id": "788218134", "price": 837.03, "amount": 0.55, "side": "buy", "timestamp": 1766029457264}, {"id": "788218135", "price": 837.03, "amount": 10.43, "side": "buy", "timestamp": 1766029457563}, {"id": "788218136", "price": 837.04, "amount": 0.12, "side": "buy", "timestamp": 1766029457604}, {"id": "788218137", "price": 837.05, "amount": 2.46, "side": "buy", "timestamp": 1766029457604}, {"id": "788218138", "price": 837.06, "amount": 0.46, "side": "buy", "timestamp": 1766029457617}, {"id": "788218250", "price": 837.01, "amount": 12.52, "side": "buy", "timestamp": 1766029498010}, {"id": "788218251", "price": 837.02, "amount": 0.36, "side": "buy", "timestamp": 1766029498010}, {"id": "788218252", "price": 837.03, "amount": 7.32, "side": "buy", "timestamp": 1766029498010}, {"id": "788218253", "price": 837.04, "amount": 10.85, "side": "buy", "timestamp": 1766029498010}, {"id": "788218254", "price": 837.05, "amount": 2.44, "side": "buy", "timestamp": 1766029498010}, {"id": "788218255", "price": 837.06, "amount": 5.93, "side": "buy", "timestamp": 1766029498010}, {"id": "788218256", "price": 837.07, "amount": 7.97, "side": "buy", "timestamp": 1766029498010}, {"id": "788218257", "price": 837.08, "amount": 12.34, "side": "buy", "timestamp": 1766029498010}, {"id": "788218258", "price": 837.04, "amount": 0.08, "side": "sell", "timestamp": 1766029498146}, {"id": "788218259", "price": 837.04, "amount": 4.52, "side": "sell", "timestamp": 1766029498258}, {"id": "788218260", "price": 837.04, "amount": 0.01, "side": "sell", "timestamp": 1766029498427}, {"id": "788218261", "price": 837.04, "amount": 0.06, "side": "sell", "timestamp": 1766029499007}, {"id": "788218262", "price": 837.05, "amount": 0.03, "side": "buy", "timestamp": 1766029499454}, {"id": "788218263", "price": 837.05, "amount": 0.01, "side": "buy", "timestamp": 1766029499667}, {"id": "788218264", "price": 837.05, "amount": 0.24, "side": "buy", "timestamp": 1766029500000}, {"id": "788218265", "price": 837.04, "amount": 0.06, "side": "sell", "timestamp": 1766029500055}, {"id": "788218266", "price": 837.05, "amount": 0.02, "side": "buy", "timestamp": 1766029500248}, {"id": "788218267", "price": 837.05, "amount": 0.01, "side": "buy", "timestamp": 1766029500380}, {"id": "788218268", "price": 837.04, "amount": 0.3, "side": "sell", "timestamp": 1766029500423}, {"id": "788218269", "price": 837.04, "amount": 0.06, "side": "sell", "timestamp": 1766029501063}, {"id": "788218270", "price": 837.05, "amount": 3.04, "side": "buy", "timestamp": 1766029501275}, {"id": "788218271", "price": 837.04, "amount": 0.3, "side": "sell", "timestamp": 1766029502594}, {"id": "788218272", "price": 837.04, "amount": 5.0, "side": "sell", "timestamp": 1766029503220}, {"id": "788218273", "price": 837.04, "amount": 3.61, "side": "sell", "timestamp": 1766029503350}, {"id": "788218274", "price": 837.05, "amount": 0.06, "side": "buy", "timestamp": 1766029503497}, {"id": "788218275", "price": 837.04, "amount": 0.15, "side": "sell", "timestamp": 1766029503508}, {"id": "788218276", "price": 837.04, "amount": 0.01, "side": "sell", "timestamp": 1766029503796}, {"id": "788218277", "price": 837.05, "amount": 0.5, "side": "buy", "timestamp": 1766029504571}, {"id": "788218278", "price": 837.04, "amount": 0.71, "side": "sell", "timestamp": 1766029504897}, {"id": "788218279", "price": 837.05, "amount": 0.24, "side": "buy", "timestamp": 1766029504957}, {"id": "788218280", "price": 837.04, "amount": 0.03, "side": "sell", "timestamp": 1766029505375}, {"id": "788218281", "price": 837.04, "amount": 0.16, "side": "sell", "timestamp": 1766029506044}, {"id": "788218282", "price": 837.04, "amount": 2.58, "side": "sell", "timestamp": 1766029506427}, {"id": "788218283", "price": 837.05, "amount": 0.74, "side": "buy", "timestamp": 1766029506465}, {"id": "788218284", "price": 837.04, "amount": 6.48, "side": "sell", "timestamp": 1766029506503}, {"id": "788218285", "price": 837.05, "amount": 0.07, "side": "buy", "timestamp": 1766029506599}, {"id": "788218286", "price": 837.04, "amount": 2.26, "side": "sell", "timestamp": 1766029506822}, {"id": "788218287", "price": 837.05, "amount": 0.01, "side": "buy", "timestamp": 1766029507081}, {"id": "788218288", "price": 837.04, "amount": 2.97, "side": "sell", "timestamp": 1766029507128}, {"id": "788218289", "price": 837.0, "amount": 0.01, "side": "sell", "timestamp": 1766029507308}, {"id": "788218290", "price": 837.01, "amount": 0.01, "side": "buy", "timestamp": 1766029507579}, {"id": "788218291", "price": 837.01, "amount": 0.12, "side": "buy", "timestamp": 1766029507920}, {"id": "788218292", "price": 837.0, "amount": 0.1, "side": "sell", "timestamp": 1766029508165}, {"id": "788218293", "price": 837.01, "amount": 0.01, "side": "buy", "timestamp": 1766029508241}, {"id": "788218294", "price": 837.0, "amount": 0.02, "side": "sell", "timestamp": 1766029508609}, {"id": "788218295", "price": 837.01, "amount": 0.26, "side": "buy", "timestamp": 1766029509436}, {"id": "788218296", "price": 837.01, "amount": 0.06, "side": "buy", "timestamp": 1766029509575}, {"id": "788218297", "price": 837.01, "amount": 0.24, "side": "buy", "timestamp": 1766029509697}, {"id": "788218298", "price": 837.01, "amount": 1.59, "side": "buy", "timestamp": 1766029509803}, {"id": "788218299", "price": 837.02, "amount": 0.02, "side": "buy", "timestamp": 1766029509803}, {"id": "788218447", "price": 837.08, "amount": 0.01, "side": "buy", "timestamp": 1766029555332}, {"id": "788218448", "price": 837.07, "amount": 0.01, "side": "sell", "timestamp": 1766029555678}, {"id": "788218449", "price": 837.08, "amount": 0.03, "side": "buy", "timestamp": 1766029556059}, {"id": "788218450", "price": 837.07, "amount": 0.06, "side": "sell", "timestamp": 1766029556172}, {"id": "788218451", "price": 837.07, "amount": 0.02, "side": "sell", "timestamp": 1766029556383}, {"id": "788218452", "price": 837.07, "amount": 1.28, "side": "sell", "timestamp": 1766029556571}, {"id": "788218453", "price": 837.08, "amount": 10.03, "side": "buy", "timestamp": 1766029556764}, {"id": "788218454", "price": 837.07, "amount": 60.42, "side": "sell", "timestamp": 1766029556790}, {"id": "788218455", "price": 837.06, "amount": 0.01, "side": "sell", "timestamp": 1766029556794}, {"id": "788218456", "price": 837.05, "amount": 80.0, "side": "sell", "timestamp": 1766029556794}, {"id": "788218457", "price": 837.04, "amount": 0.02, "side": "sell", "timestamp": 1766029556794}, {"id": "788218458", "price": 837.03, "amount": 0.04, "side": "sell", "timestamp": 1766029556794}, {"id": "788218459", "price": 837.02, "amount": 0.03, "side": "sell", "timestamp": 1766029556794}, {"id": "788218460", "price": 837.01, "amount": 0.01, "side": "sell", "timestamp": 1766029556794}, {"id": "788218461", "price": 837.0, "amount": 15.13, "side": "sell", "timestamp": 1766029556794}, {"id": "788218462", "price": 837.02, "amount": 0.01, "side": "sell", "timestamp": 1766029556797}, {"id": "788218463", "price": 837.0, "amount": 4.45, "side": "sell", "timestamp": 1766029556797}, {"id": "788218464", "price": 836.99, "amount": 0.02, "side": "sell", "timestamp": 1766029556797}, {"id": "788218465", "price": 836.98, "amount": 0.01, "side": "sell", "timestamp": 1766029556797}, {"id": "788218466", "price": 836.97, "amount": 0.02, "side": "sell", "timestamp": 1766029556797}, {"id": "788218467", "price": 836.96, "amount": 2.06, "side": "sell", "timestamp": 1766029556797}, {"id": "788218468", "price": 836.94, "amount": 0.28, "side": "sell", "timestamp": 1766029556798}, {"id": "788218469", "price": 836.92, "amount": 0.02, "side": "sell", "timestamp": 1766029556798}, {"id": "788218470", "price": 836.9, "amount": 0.05, "side": "sell", "timestamp": 1766029556802}, {"id": "788218471", "price": 836.88, "amount": 0.06, "side": "sell", "timestamp": 1766029556804}, {"id": "788218472", "price": 836.87, "amount": 0.84, "side": "sell", "timestamp": 1766029556822}, {"id": "788218473", "price": 836.86, "amount": 0.01, "side": "sell", "timestamp": 1766029556822}, {"id": "788218474", "price": 836.85, "amount": 0.02, "side": "sell", "timestamp": 1766029556822}, {"id": "788218475", "price": 836.84, "amount": 0.01, "side": "sell", "timestamp": 1766029556822}, {"id": "788218476", "price": 836.83, "amount": 0.02, "side": "sell", "timestamp": 1766029556822}, {"id": "788218477", "price": 836.82, "amount": 0.01, "side": "sell", "timestamp": 1766029556822}, {"id": "788218478", "price": 836.81, "amount": 0.04, "side": "sell", "timestamp": 1766029556822}, {"id": "788218479", "price": 836.82, "amount": 0.06, "side": "buy", "timestamp": 1766029556846}, {"id": "788218480", "price": 836.82, "amount": 0.29, "side": "buy", "timestamp": 1766029557101}, {"id": "788218481", "price": 836.81, "amount": 3.72, "side": "sell", "timestamp": 1766029557192}, {"id": "788218482", "price": 836.8, "amount": 0.05, "side": "sell", "timestamp": 1766029557847}, {"id": "788218483", "price": 836.8, "amount": 0.08, "side": "sell", "timestamp": 1766029558034}, {"id": "788218484", "price": 836.8, "amount": 0.07, "side": "sell", "timestamp": 1766029558993}, {"id": "788218485", "price": 836.8, "amount": 0.18, "side": "sell", "timestamp": 1766029559106}, {"id": "788218486", "price": 836.8, "amount": 0.01, "side": "sell", "timestamp": 1766029559325}, {"id": "788218487", "price": 836.81, "amount": 2.03, "side": "buy", "timestamp": 1766029559335}, {"id": "788218488", "price": 836.81, "amount": 0.44, "side": "buy", "timestamp": 1766029559744}, {"id": "788218489", "price": 836.81, "amount": 3.06, "side": "buy", "timestamp": 1766029559882}, {"id": "788218490", "price": 836.8, "amount": 0.06, "side": "sell", "timestamp": 1766029560117}, {"id": "788218491", "price": 836.8, "amount": 0.6, "side": "sell", "timestamp": 1766029560279}, {"id": "788218492", "price": 836.81, "amount": 2.25, "side": "buy", "timestamp": 1766029560480}, {"id": "788218493", "price": 836.8, "amount": 0.15, "side": "sell", "timestamp": 1766029560972}, {"id": "788218494", "price": 836.8, "amount": 1.51, "side": "sell", "timestamp": 1766029561108}, {"id": "788218495", "price": 836.8, "amount": 0.09, "side": "sell", "timestamp": 1766029561415}, {"id": "788218496", "price": 836.81, "amount": 0.11, "side": "buy", "timestamp": 1766029561750}, {"id": "788218684", "price": 837.0, "amount": 0.03, "side": "sell", "timestamp": 1766029604468}, {"id": "788218685", "price": 836.99, "amount": 0.02, "side": "sell", "timestamp": 1766029604470}, {"id": "788218686", "price": 836.98, "amount": 0.01, "side": "sell", "timestamp": 1766029604470}, {"id": "788218687", "price": 836.97, "amount": 0.04, "side": "sell", "timestamp": 1766029604470}, {"id": "788218688", "price": 836.96, "amount": 0.05, "side": "sell", "timestamp": 1766029604474}, {"id": "788218689", "price": 836.95, "amount": 0.22, "side": "sell", "timestamp": 1766029604476}, {"id": "788218690", "price": 836.94, "amount": 0.01, "side": "sell", "timestamp": 1766029604491}, {"id": "788218691", "price": 836.93, "amount": 0.67, "side": "sell", "timestamp": 1766029604502}, {"id": "788218692", "price": 836.92, "amount": 0.03, "side": "sell", "timestamp": 1766029604502}, {"id": "788218693", "price": 836.91, "amount": 0.02, "side": "sell", "timestamp": 1766029604502}, {"id": "788218694", "price": 836.9, "amount": 0.04, "side": "sell", "timestamp": 1766029604502}, {"id": "788218695", "price": 836.89, "amount": 0.2, "side": "sell", "timestamp": 1766029604502}, {"id": "788218696", "price": 836.89, "amount": 0.06, "side": "sell", "timestamp": 1766029605008}, {"id": "788218697", "price": 836.9, "amount": 0.02, "side": "buy", "timestamp": 1766029605332}, {"id": "788218698", "price": 836.89, "amount": 0.08, "side": "sell", "timestamp": 1766029605501}, {"id": "788218699", "price": 836.89, "amount": 0.08, "side": "sell", "timestamp": 1766029606070}, {"id": "788218700", "price": 836.9, "amount": 0.03, "side": "buy", "timestamp": 1766029606351}, {"id": "788218701", "price": 836.89, "amount": 0.25, "side": "sell", "timestamp": 1766029606430}, {"id": "788218702", "price": 836.9, "amount": 0.04, "side": "buy", "timestamp": 1766029606833}, {"id": "788218703", "price": 836.89, "amount": 0.06, "side": "sell", "timestamp": 1766029607086}, {"id": "788218704", "price": 836.89, "amount": 0.26, "side": "sell", "timestamp": 1766029607592}, {"id": "788218705", "price": 836.9, "amount": 0.01, "side": "buy", "timestamp": 1766029607662}, {"id": "788218706", "price": 836.89, "amount": 0.06, "side": "sell", "timestamp": 1766029608098}, {"id": "788218707", "price": 836.89, "amount": 0.02, "side": "sell", "timestamp": 1766029608482}, {"id": "788218708", "price": 836.89, "amount": 0.1, "side": "sell", "timestamp": 1766029609113}, {"id": "788218709", "price": 836.89, "amount": 0.01, "side": "sell", "timestamp": 1766029609244}, {"id": "788218710", "price": 836.9, "amount": 0.24, "side": "buy", "timestamp": 1766029609322}, {"id": "788218711", "price": 836.89, "amount": 0.17, "side": "sell", "timestamp": 1766029609419}, {"id": "788218712", "price": 836.89, "amount": 0.01, "side": "sell", "timestamp": 1766029609590}, {"id": "788218713", "price": 836.89, "amount": 0.29, "side": "sell", "timestamp": 1766029610145}, {"id": "788218714", "price": 836.89, "amount": 0.01, "side": "sell", "timestamp": 1766029610418}, {"id": "788218715", "price": 836.89, "amount": 0.06, "side": "sell", "timestamp": 1766029611179}, {"id": "788218716", "price": 836.9, "amount": 0.33, "side": "buy", "timestamp": 1766029611414}, {"id": "788218717", "price": 836.89, "amount": 0.01, "side": "sell", "timestamp": 1766029611414}, {"id": "788218718", "price": 836.89, "amount": 0.06, "side": "sell", "timestamp": 1766029612034}, {"id": "788218719", "price": 836.89, "amount": 0.02, "side": "sell", "timestamp": 1766029612198}, {"id": "788218720", "price": 836.9, "amount": 12.28, "side": "buy", "timestamp": 1766029612239}, {"id": "788218721", "price": 836.91, "amount": 0.01, "side": "buy", "timestamp": 1766029612239}, {"id": "788218722", "price": 836.92, "amount": 3.16, "side": "buy", "timestamp": 1766029612239}, {"id": "788218723", "price": 836.93, "amount": 8.17, "side": "buy", "timestamp": 1766029612239}, {"id": "788218724", "price": 836.94, "amount": 0.06, "side": "buy", "timestamp": 1766029612239}, {"id": "788218725", "price": 836.95, "amount": 5.88, "side": "buy", "timestamp": 1766029612239}, {"id": "788218726", "price": 836.94, "amount": 0.06, "side": "sell", "timestamp": 1766029613082}, {"id": "788218727", "price": 836.94, "amount": 0.02, "side": "sell", "timestamp": 1766029613490}, {"id": "788218728", "price": 836.94, "amount": 0.15, "side": "sell", "timestamp": 1766029613680}, {"id": "788218729", "price": 836.95, "amount": 0.03, "side": "buy", "timestamp": 1766029613734}, {"id": "788218730", "price": 836.96, "amount": 0.04, "side": "buy", "timestamp": 1766029613734}, {"id": "788218731", "price": 836.97, "amount": 0.06, "side": "sell", "timestamp": 1766029614104}, {"id": "788218732", "price": 836.98, "amount": 0.24, "side": "buy", "timestamp": 1766029614105}, {"id": "788218733", "price": 836.97, "amount": 0.02, "side": "sell", "timestamp": 1766029614170}, {"id": "788218893", "price": 836.88, "amount": 0.1, "side": "sell", "timestamp": 1766029652773}, {"id": "788218894", "price": 836.89, "amount": 0.24, "side": "buy", "timestamp": 1766029652845}, {"id": "788218895", "price": 836.88, "amount": 0.06, "side": "sell", "timestamp": 1766029653076}, {"id": "788218896", "price": 836.89, "amount": 6.77, "side": "buy", "timestamp": 1766029653794}, {"id": "788218897", "price": 836.88, "amount": 0.03, "side": "sell", "timestamp": 1766029653834}, {"id": "788218898", "price": 836.88, "amount": 0.08, "side": "sell", "timestamp": 1766029654113}, {"id": "788218899", "price": 836.88, "amount": 0.06, "side": "sell", "timestamp": 1766029655175}, {"id": "788218900", "price": 836.88, "amount": 0.06, "side": "sell", "timestamp": 1766029656015}, {"id": "788218901", "price": 836.88, "amount": 0.06, "side": "sell", "timestamp": 1766029657073}, {"id": "788218902", "price": 836.88, "amount": 0.02, "side": "sell", "timestamp": 1766029657174}, {"id": "788218903", "price": 836.89, "amount": 0.24, "side": "buy", "timestamp": 1766029657843}, {"id": "788218904", "price": 836.88, "amount": 0.06, "side": "sell", "timestamp": 1766029658154}, {"id": "788218905", "price": 836.89, "amount": 1.19, "side": "buy", "timestamp": 1766029658508}, {"id": "788218906", "price": 836.88, "amount": 0.27, "side": "sell", "timestamp": 1766029659043}, {"id": "788218907", "price": 836.88, "amount": 0.1, "side": "sell", "timestamp": 1766029659733}, {"id": "788218908", "price": 836.88, "amount": 0.08, "side": "sell", "timestamp": 1766029660112}, {"id": "788218909", "price": 836.88, "amount": 0.06, "side": "sell", "timestamp": 1766029661155}, {"id": "788218910", "price": 836.89, "amount": 0.3, "side": "buy", "timestamp": 1766029661306}, {"id": "788218911", "price": 836.89, "amount": 1.21, "side": "buy", "timestamp": 1766029661574}, {"id": "788218912", "price": 836.88, "amount": 0.01, "side": "sell", "timestamp": 1766029661757}, {"id": "788218913", "price": 836.88, "amount": 0.06, "side": "sell", "timestamp": 1766029662063}, {"id": "788218914", "price": 836.88, "amount": 0.13, "side": "sell", "timestamp": 1766029662183}, {"id": "788218915", "price": 836.89, "amount": 0.24, "side": "buy", "timestamp": 1766029662558}, {"id": "788218916", "price": 836.88, "amount": 0.72, "side": "sell", "timestamp": 1766029662572}, {"id": "788218917", "price": 836.88, "amount": 0.02, "side": "sell", "timestamp": 1766029663038}, {"id": "788218918", "price": 836.89, "amount": 0.05, "side": "buy", "timestamp": 1766029663086}, {"id": "788218919", "price": 836.88, "amount": 0.06, "side": "sell", "timestamp": 1766029663110}, {"id": "788218920", "price": 836.88, "amount": 0.09, "side": "sell", "timestamp": 1766029663673}, {"id": "788218921", "price": 836.88, "amount": 0.31, "side": "sell", "timestamp": 1766029663906}, {"id": "788218922", "price": 836.89, "amount": 0.2, "side": "buy", "timestamp": 1766029663939}, {"id": "788218923", "price": 836.88, "amount": 0.06, "side": "sell", "timestamp": 1766029664144}, {"id": "788218924", "price": 836.88, "amount": 0.01, "side": "sell", "timestamp": 1766029664354}, {"id": "788218925", "price": 836.88, "amount": 0.14, "side": "sell", "timestamp": 1766029664628}, {"id": "788218926", "price": 836.88, "amount": 0.06, "side": "sell", "timestamp": 1766029665165}, {"id": "788218927", "price": 836.89, "amount": 6.99, "side": "buy", "timestamp": 1766029665487}, {"id": "788218928", "price": 836.9, "amount": 0.05, "side": "buy", "timestamp": 1766029665487}, {"id": "788218929", "price": 836.91, "amount": 3.27, "side": "buy", "timestamp": 1766029665487}, {"id": "788218930", "price": 836.92, "amount": 0.01, "side": "buy", "timestamp": 1766029665487}, {"id": "788218931", "price": 836.93, "amount": 0.99, "side": "buy", "timestamp": 1766029665487}, {"id": "788218932", "price": 836.94, "amount": 1.58, "side": "buy", "timestamp": 1766029665487}, {"id": "788218933", "price": 836.91, "amount": 0.01, "side": "buy", "timestamp": 1766029665735}, {"id": "788218934", "price": 836.9, "amount": 0.02, "side": "sell", "timestamp": 1766029666068}, {"id": "788218935", "price": 836.9, "amount": 1.24, "side": "sell", "timestamp": 1766029666198}, {"id": "788218936", "price": 836.9, "amount": 0.08, "side": "sell", "timestamp": 1766029666387}, {"id": "788218937", "price": 836.91, "amount": 0.05, "side": "buy", "timestamp": 1766029666414}, {"id": "788218938", "price": 836.92, "amount": 0.01, "side": "buy", "timestamp": 1766029666414}, {"id": "788218939", "price": 836.94, "amount": 2.34, "side": "buy", "timestamp": 1766029666414}, {"id": "788218940", "price": 836.95, "amount": 1.85, "side": "buy", "timestamp": 1766029666414}, {"id": "788218941", "price": 836.96, "amount": 5.3, "side": "buy", "timestamp": 1766029666414}, {"id": "788218942", "price": 836.95, "amount": 0.06, "side": "sell", "timestamp": 1766029667006}, {"id": "788219056", "price": 836.77, "amount": 0.06, "side": "sell", "timestamp": 1766029697073}, {"id": "788219057", "price": 836.78, "amount": 0.97, "side": "buy", "timestamp": 1766029697117}, {"id": "788219058", "price": 836.78, "amount": 0.07, "side": "buy", "timestamp": 1766029697707}, {"id": "788219059", "price": 836.77, "amount": 0.15, "side": "sell", "timestamp": 1766029698117}, {"id": "788219060", "price": 836.77, "amount": 0.5, "side": "sell", "timestamp": 1766029698317}, {"id": "788219061", "price": 836.77, "amount": 0.08, "side": "sell", "timestamp": 1766029699033}, {"id": "788219062", "price": 836.78, "amount": 0.03, "side": "buy", "timestamp": 1766029699283}, {"id": "788219063", "price": 836.78, "amount": 0.07, "side": "buy", "timestamp": 1766029699641}, {"id": "788219064", "price": 836.77, "amount": 0.06, "side": "sell", "timestamp": 1766029700099}, {"id": "788219065", "price": 836.77, "amount": 0.07, "side": "sell", "timestamp": 1766029700577}, {"id": "788219066", "price": 836.77, "amount": 0.06, "side": "sell", "timestamp": 1766029701175}, {"id": "788219067", "price": 836.78, "amount": 0.24, "side": "buy", "timestamp": 1766029701570}, {"id": "788219068", "price": 836.77, "amount": 5.77, "side": "sell", "timestamp": 1766029701594}, {"id": "788219069", "price": 836.77, "amount": 5.36, "side": "sell", "timestamp": 1766029701783}, {"id": "788219070", "price": 836.75, "amount": 0.02, "side": "sell", "timestamp": 1766029701786}, {"id": "788219071", "price": 836.74, "amount": 0.17, "side": "buy", "timestamp": 1766029703909}, {"id": "788219072", "price": 836.74, "amount": 0.27, "side": "buy", "timestamp": 1766029704314}, {"id": "788219073", "price": 836.73, "amount": 0.01, "side": "sell", "timestamp": 1766029704370}, {"id": "788219074", "price": 836.74, "amount": 0.03, "side": "buy", "timestamp": 1766029704378}, {"id": "788219075", "price": 836.73, "amount": 0.01, "side": "sell", "timestamp": 1766029705288}, {"id": "788219076", "price": 836.73, "amount": 0.12, "side": "sell", "timestamp": 1766029705417}, {"id": "788219077", "price": 836.74, "amount": 0.01, "side": "buy", "timestamp": 1766029705807}, {"id": "788219078", "price": 836.73, "amount": 3.48, "side": "sell", "timestamp": 1766029705898}, {"id": "788219079", "price": 836.74, "amount": 0.24, "side": "buy", "timestamp": 1766029706425}, {"id": "788219080", "price": 836.74, "amount": 0.71, "side": "buy", "timestamp": 1766029706579}, {"id": "788219081", "price": 836.74, "amount": 0.07, "side": "buy", "timestamp": 1766029706812}, {"id": "788219082", "price": 836.73, "amount": 1.27, "side": "sell", "timestamp": 1766029706831}, {"id": "788219083", "price": 836.73, "amount": 9.13, "side": "sell", "timestamp": 1766029707612}, {"id": "788219084", "price": 836.74, "amount": 0.12, "side": "buy", "timestamp": 1766029708790}, {"id": "788219085", "price": 836.73, "amount": 0.23, "side": "sell", "timestamp": 1766029708879}, {"id": "788219086", "price": 836.74, "amount": 0.54, "side": "buy", "timestamp": 1766029708940}, {"id": "788219087", "price": 836.74, "amount": 0.11, "side": "buy", "timestamp": 1766029709382}, {"id": "788219088", "price": 836.74, "amount": 0.34, "side": "buy", "timestamp": 1766029709579}, {"id": "788219089", "price": 836.73, "amount": 0.01, "side": "sell", "timestamp": 1766029710031}, {"id": "788219090", "price": 836.73, "amount": 0.07, "side": "sell", "timestamp": 1766029710714}, {"id": "788219091", "price": 836.73, "amount": 0.01, "side": "sell", "timestamp": 1766029710923}, {"id": "788219092", "price": 836.74, "amount": 3.24, "side": "buy", "timestamp": 1766029711313}, {"id": "788219093", "price": 836.74, "amount": 0.16, "side": "buy", "timestamp": 1766029712182}, {"id": "788219094", "price": 836.74, "amount": 2.25, "side": "buy", "timestamp": 1766029712627}, {"id": "788219095", "price": 836.73, "amount": 0.01, "side": "sell", "timestamp": 1766029715010}, {"id": "788219096", "price": 836.74, "amount": 0.05, "side": "buy", "timestamp": 1766029715130}, {"id": "788219097", "price": 836.74, "amount": 0.01, "side": "buy", "timestamp": 1766029715255}, {"id": "788219098", "price": 836.74, "amount": 0.59, "side": "buy", "timestamp": 1766029715541}, {"id": "788219099", "price": 836.74, "amount": 0.23, "side": "buy", "timestamp": 1766029715661}, {"id": "788219100", "price": 836.74, "amount": 0.24, "side": "buy", "timestamp": 1766029716146}, {"id": "788219101", "price": 836.73, "amount": 0.01, "side": "sell", "timestamp": 1766029716730}, {"id": "788219102", "price": 836.73, "amount": 0.1, "side": "sell", "timestamp": 1766029717720}, {"id": "788219103", "price": 836.73, "amount": 2.28, "side": "sell", "timestamp": 1766029718994}, {"id": "788219104", "price": 836.73, "amount": 2.28, "side": "sell", "timestamp": 1766029719207}, {"id": "788219105", "price": 836.74, "amount": 0.25, "side": "buy", "timestamp": 1766029719208}, {"id": "788219154", "price": 836.7, "amount": 0.11, "side": "sell", "timestamp": 1766029743583}, {"id": "788219155", "price": 836.71, "amount": 0.04, "side": "buy", "timestamp": 1766029743682}, {"id": "788219156", "price": 836.7, "amount": 0.04, "side": "sell", "timestamp": 1766029744478}, {"id": "788219157", "price": 836.71, "amount": 0.19, "side": "buy", "timestamp": 1766029744550}, {"id": "788219158", "price": 836.71, "amount": 0.02, "side": "buy", "timestamp": 1766029745099}, {"id": "788219159", "price": 836.71, "amount": 0.02, "side": "buy", "timestamp": 1766029745546}, {"id": "788219160", "price": 836.71, "amount": 0.12, "side": "buy", "timestamp": 1766029745707}, {"id": "788219161", "price": 836.71, "amount": 2.49, "side": "buy", "timestamp": 1766029746458}, {"id": "788219162", "price": 836.7, "amount": 0.03, "side": "sell", "timestamp": 1766029746524}, {"id": "788219163", "price": 836.71, "amount": 0.27, "side": "buy", "timestamp": 1766029746674}, {"id": "788219164", "price": 836.71, "amount": 0.27, "side": "buy", "timestamp": 1766029747460}, {"id": "788219165", "price": 836.7, "amount": 0.01, "side": "sell", "timestamp": 1766029747816}, {"id": "788219166", "price": 836.71, "amount": 0.02, "side": "buy", "timestamp": 1766029748522}, {"id": "788219167", "price": 836.7, "amount": 1.58, "side": "sell", "timestamp": 1766029748999}, {"id": "788219168", "price": 836.7, "amount": 0.06, "side": "sell", "timestamp": 1766029749395}, {"id": "788219169", "price": 836.7, "amount": 0.02, "side": "sell", "timestamp": 1766029749786}, {"id": "788219170", "price": 836.7, "amount": 0.02, "side": "sell", "timestamp": 1766029750038}, {"id": "788219171", "price": 836.71, "amount": 0.78, "side": "buy", "timestamp": 1766029751533}, {"id": "788219172", "price": 836.71, "amount": 0.01, "side": "buy", "timestamp": 1766029751672}, {"id": "788219173", "price": 836.71, "amount": 2.0, "side": "buy", "timestamp": 1766029752245}, {"id": "788219174", "price": 836.71, "amount": 0.19, "side": "buy", "timestamp": 1766029754769}, {"id": "788219175", "price": 836.7, "amount": 0.08, "side": "sell", "timestamp": 1766029754909}, {"id": "788219176", "price": 836.7, "amount": 0.03, "side": "sell", "timestamp": 1766029755793}, {"id": "788219177", "price": 836.7, "amount": 0.01, "side": "sell", "timestamp": 1766029756179}, {"id": "788219178", "price": 836.71, "amount": 0.24, "side": "buy", "timestamp": 1766029756260}, {"id": "788219179", "price": 836.7, "amount": 0.72, "side": "sell", "timestamp": 1766029756328}, {"id": "788219180", "price": 836.7, "amount": 0.17, "side": "sell", "timestamp": 1766029756541}, {"id": "788219181", "price": 836.71, "amount": 0.17, "side": "buy", "timestamp": 1766029756998}, {"id": "788219182", "price": 836.71, "amount": 0.47, "side": "buy", "timestamp": 1766029758017}, {"id": "788219183", "price": 836.7, "amount": 0.08, "side": "sell", "timestamp": 1766029758210}, {"id": "788219184", "price": 836.7, "amount": 0.06, "side": "sell", "timestamp": 1766029759473}, {"id": "788219185", "price": 836.71, "amount": 0.03, "side": "buy", "timestamp": 1766029759878}, {"id": "788219186", "price": 836.7, "amount": 0.09, "side": "sell", "timestamp": 1766029760354}, {"id": "788219187", "price": 836.71, "amount": 0.22, "side": "buy", "timestamp": 1766029760485}, {"id": "788219188", "price": 836.7, "amount": 0.06, "side": "sell", "timestamp": 1766029761062}, {"id": "788219189", "price": 836.71, "amount": 0.24, "side": "buy", "timestamp": 1766029761410}, {"id": "788219190", "price": 836.71, "amount": 0.03, "side": "buy", "timestamp": 1766029761561}, {"id": "788219191", "price": 836.71, "amount": 0.05, "side": "buy", "timestamp": 1766029762181}, {"id": "788219192", "price": 836.71, "amount": 0.1, "side": "buy", "timestamp": 1766029764393}, {"id": "788219193", "price": 836.71, "amount": 0.05, "side": "buy", "timestamp": 1766029766042}, {"id": "788219194", "price": 836.7, "amount": 0.06, "side": "sell", "timestamp": 1766029766175}, {"id": "788219195", "price": 836.71, "amount": 0.01, "side": "buy", "timestamp": 1766029766482}, {"id": "788219196", "price": 836.71, "amount": 0.24, "side": "buy", "timestamp": 1766029766933}, {"id": "788219197", "price": 836.7, "amount": 0.01, "side": "sell", "timestamp": 1766029768158}, {"id": "788219198", "price": 836.7, "amount": 0.25, "side": "sell", "timestamp": 1766029768378}, {"id": "788219199", "price": 836.71, "amount": 6.16, "side": "buy", "timestamp": 1766029769281}, {"id": "788219200", "price": 836.7, "amount": 18.46, "side": "sell", "timestamp": 1766029770059}, {"id": "788219201", "price": 836.69, "amount": 0.24, "side": "sell", "timestamp": 1766029770062}, {"id": "788219202", "price": 836.68, "amount": 0.01, "side": "sell", "timestamp": 1766029770065}, {"id": "788219203", "price": 836.68, "amount": 0.33, "side": "buy", "timestamp": 1766029770681}, {"id": "788219503", "price": 836.43, "amount": 0.02, "side": "buy", "timestamp": 1766029811682}, {"id": "788219504", "price": 836.44, "amount": 15.46, "side": "buy", "timestamp": 1766029811682}, {"id": "788219505", "price": 836.45, "amount": 28.44, "side": "buy", "timestamp": 1766029811682}, {"id": "788219506", "price": 836.44, "amount": 0.06, "side": "sell", "timestamp": 1766029812044}, {"id": "788219507", "price": 836.44, "amount": 0.02, "side": "sell", "timestamp": 1766029812200}, {"id": "788219508", "price": 836.44, "amount": 0.06, "side": "sell", "timestamp": 1766029813092}, {"id": "788219509", "price": 836.45, "amount": 0.14, "side": "buy", "timestamp": 1766029813895}, {"id": "788219510", "price": 836.44, "amount": 0.06, "side": "sell", "timestamp": 1766029814145}, {"id": "788219511", "price": 836.44, "amount": 0.04, "side": "sell", "timestamp": 1766029814479}, {"id": "788219512", "price": 836.44, "amount": 0.64, "side": "sell", "timestamp": 1766029814582}, {"id": "788219513", "price": 836.44, "amount": 0.02, "side": "sell", "timestamp": 1766029815059}, {"id": "788219514", "price": 836.44, "amount": 0.06, "side": "sell", "timestamp": 1766029815189}, {"id": "788219515", "price": 836.44, "amount": 0.07, "side": "sell", "timestamp": 1766029815326}, {"id": "788219516", "price": 836.44, "amount": 0.05, "side": "sell", "timestamp": 1766029815975}, {"id": "788219517", "price": 836.44, "amount": 0.16, "side": "sell", "timestamp": 1766029816129}, {"id": "788219518", "price": 836.45, "amount": 0.24, "side": "buy", "timestamp": 1766029816432}, {"id": "788219519", "price": 836.44, "amount": 0.06, "side": "sell", "timestamp": 1766029817012}, {"id": "788219520", "price": 836.45, "amount": 0.01, "side": "buy", "timestamp": 1766029817172}, {"id": "788219521", "price": 836.44, "amount": 0.16, "side": "sell", "timestamp": 1766029818060}, {"id": "788219522", "price": 836.45, "amount": 0.11, "side": "buy", "timestamp": 1766029818546}, {"id": "788219523", "price": 836.45, "amount": 0.01, "side": "buy", "timestamp": 1766029818725}, {"id": "788219524", "price": 836.44, "amount": 0.06, "side": "sell", "timestamp": 1766029819089}, {"id": "788219525", "price": 836.45, "amount": 0.55, "side": "buy", "timestamp": 1766029819121}, {"id": "788219526", "price": 836.44, "amount": 0.05, "side": "sell", "timestamp": 1766029819428}, {"id": "788219527", "price": 836.44, "amount": 4.56, "side": "sell", "timestamp": 1766029819794}, {"id": "788219528", "price": 836.44, "amount": 0.06, "side": "sell", "timestamp": 1766029820120}, {"id": "788219529", "price": 836.44, "amount": 0.05, "side": "sell", "timestamp": 1766029820291}, {"id": "788219530", "price": 836.45, "amount": 7.53, "side": "buy", "timestamp": 1766029820361}, {"id": "788219531", "price": 836.46, "amount": 1.91, "side": "buy", "timestamp": 1766029820361}, {"id": "788219532", "price": 836.47, "amount": 5.52, "side": "buy", "timestamp": 1766029820361}, {"id": "788219533", "price": 836.48, "amount": 0.03, "side": "buy", "timestamp": 1766029820361}, {"id": "788219534", "price": 836.49, "amount": 0.22, "side": "buy", "timestamp": 1766029820361}, {"id": "788219535", "price": 836.5, "amount": 0.02, "side": "buy", "timestamp": 1766029820363}, {"id": "788219536", "price": 836.51, "amount": 9.47, "side": "buy", "timestamp": 1766029820363}, {"id": "788219537", "price": 836.52, "amount": 0.04, "side": "buy", "timestamp": 1766029820366}, {"id": "788219538", "price": 836.53, "amount": 1.74, "side": "buy", "timestamp": 1766029820366}, {"id": "788219539", "price": 836.54, "amount": 63.11, "side": "buy", "timestamp": 1766029820366}, {"id": "788219540", "price": 836.56, "amount": 0.02, "side": "buy", "timestamp": 1766029820516}, {"id": "788219541", "price": 836.57, "amount": 0.43, "side": "buy", "timestamp": 1766029820516}, {"id": "788219542", "price": 836.58, "amount": 0.01, "side": "buy", "timestamp": 1766029820516}, {"id": "788219543", "price": 836.59, "amount": 0.01, "side": "buy", "timestamp": 1766029820604}, {"id": "788219544", "price": 836.58, "amount": 0.08, "side": "sell", "timestamp": 1766029821121}, {"id": "788219545", "price": 836.59, "amount": 0.24, "side": "buy", "timestamp": 1766029821403}, {"id": "788219546", "price": 836.58, "amount": 0.06, "side": "sell", "timestamp": 1766029822183}, {"id": "788219547", "price": 836.59, "amount": 2.9, "side": "buy", "timestamp": 1766029822892}, {"id": "788219548", "price": 836.59, "amount": 0.01, "side": "sell", "timestamp": 1766029822944}, {"id": "788219549", "price": 836.59, "amount": 0.06, "side": "sell", "timestamp": 1766029823045}, {"id": "788219550", "price": 836.59, "amount": 1.84, "side": "sell", "timestamp": 1766029823492}, {"id": "788219551", "price": 836.6, "amount": 0.01, "side": "buy", "timestamp": 1766029823667}, {"id": "788219552", "price": 836.59, "amount": 0.08, "side": "sell", "timestamp": 1766029824161}, {"id": "788219704", "price": 836.96, "amount": 1.64, "side": "buy", "timestamp": 1766029864811}, {"id": "788219705", "price": 836.95, "amount": 0.06, "side": "sell", "timestamp": 1766029865097}, {"id": "788219706", "price": 836.96, "amount": 0.35, "side": "buy", "timestamp": 1766029865408}, {"id": "788219707", "price": 836.96, "amount": 1.9, "side": "buy", "timestamp": 1766029865580}, {"id": "788219708", "price": 836.95, "amount": 8.73, "side": "sell", "timestamp": 1766029865815}, {"id": "788219709", "price": 836.95, "amount": 0.08, "side": "sell", "timestamp": 1766029866122}, {"id": "788219710", "price": 836.95, "amount": 0.06, "side": "sell", "timestamp": 1766029867144}, {"id": "788219711", "price": 836.96, "amount": 0.15, "side": "buy", "timestamp": 1766029867454}, {"id": "788219712", "price": 836.95, "amount": 0.06, "side": "sell", "timestamp": 1766029868170}, {"id": "788219713", "price": 836.96, "amount": 0.13, "side": "buy", "timestamp": 1766029868216}, {"id": "788219714", "price": 836.95, "amount": 0.06, "side": "sell", "timestamp": 1766029869029}, {"id": "788219715", "price": 836.95, "amount": 0.02, "side": "sell", "timestamp": 1766029869162}, {"id": "788219716", "price": 836.96, "amount": 0.24, "side": "buy", "timestamp": 1766029869645}, {"id": "788219717", "price": 836.95, "amount": 0.55, "side": "sell", "timestamp": 1766029869678}, {"id": "788219718", "price": 836.96, "amount": 0.47, "side": "buy", "timestamp": 1766029869773}, {"id": "788219719", "price": 836.95, "amount": 0.02, "side": "sell", "timestamp": 1766029869922}, {"id": "788219720", "price": 836.96, "amount": 2.07, "side": "buy", "timestamp": 1766029870020}, {"id": "788219721", "price": 836.95, "amount": 0.06, "side": "sell", "timestamp": 1766029870052}, {"id": "788219722", "price": 836.96, "amount": 0.11, "side": "buy", "timestamp": 1766029870098}, {"id": "788219723", "price": 836.95, "amount": 19.13, "side": "sell", "timestamp": 1766029870730}, {"id": "788219724", "price": 836.94, "amount": 0.06, "side": "sell", "timestamp": 1766029870822}, {"id": "788219725", "price": 836.92, "amount": 0.09, "side": "sell", "timestamp": 1766029870838}, {"id": "788219726", "price": 836.91, "amount": 0.04, "side": "sell", "timestamp": 1766029870838}, {"id": "788219727", "price": 836.9, "amount": 1.04, "side": "sell", "timestamp": 1766029870838}, {"id": "788219728", "price": 836.89, "amount": 0.2, "side": "sell", "timestamp": 1766029870838}, {"id": "788219729", "price": 836.87, "amount": 0.06, "side": "sell", "timestamp": 1766029870856}, {"id": "788219730", "price": 836.86, "amount": 0.05, "side": "sell", "timestamp": 1766029870871}, {"id": "788219731", "price": 836.84, "amount": 0.09, "side": "sell", "timestamp": 1766029870871}, {"id": "788219732", "price": 836.83, "amount": 0.1, "side": "sell", "timestamp": 1766029870890}, {"id": "788219733", "price": 836.83, "amount": 4.33, "side": "buy", "timestamp": 1766029870963}, {"id": "788219734", "price": 836.82, "amount": 0.06, "side": "sell", "timestamp": 1766029871086}, {"id": "788219735", "price": 836.83, "amount": 0.06, "side": "buy", "timestamp": 1766029871346}, {"id": "788219736", "price": 836.82, "amount": 0.89, "side": "sell", "timestamp": 1766029871487}, {"id": "788219737", "price": 836.82, "amount": 15.65, "side": "sell", "timestamp": 1766029871633}, {"id": "788219738", "price": 836.81, "amount": 0.03, "side": "sell", "timestamp": 1766029871635}, {"id": "788219739", "price": 836.8, "amount": 0.08, "side": "sell", "timestamp": 1766029872093}, {"id": "788219740", "price": 836.81, "amount": 0.02, "side": "buy", "timestamp": 1766029872172}, {"id": "788219741", "price": 836.8, "amount": 0.2, "side": "sell", "timestamp": 1766029872354}, {"id": "788219742", "price": 836.8, "amount": 0.04, "side": "sell", "timestamp": 1766029872729}, {"id": "788219743", "price": 836.81, "amount": 0.12, "side": "buy", "timestamp": 1766029872955}, {"id": "788219744", "price": 836.8, "amount": 0.06, "side": "sell", "timestamp": 1766029873162}, {"id": "788219745", "price": 836.81, "amount": 0.59, "side": "buy", "timestamp": 1766029873346}, {"id": "788219746", "price": 836.81, "amount": 0.09, "side": "buy", "timestamp": 1766029873493}, {"id": "788219747", "price": 836.8, "amount": 0.05, "side": "sell", "timestamp": 1766029873539}, {"id": "788219748", "price": 836.8, "amount": 0.07, "side": "sell", "timestamp": 1766029874194}, {"id": "788219749", "price": 836.81, "amount": 0.24, "side": "buy", "timestamp": 1766029874456}, {"id": "788219750", "price": 836.8, "amount": 0.1, "side": "sell", "timestamp": 1766029875063}, {"id": "788219751", "price": 836.8, "amount": 1.22, "side": "sell", "timestamp": 1766029875419}, {"id": "788219752", "price": 836.8, "amount": 0.09, "side": "sell", "timestamp": 1766029875727}, {"id": "788219753", "price": 836.8, "amount": 0.06, "side": "sell", "timestamp": 1766029876119}, {"id": "788219883", "price": 837.04, "amount": 0.01, "side": "sell", "timestamp": 1766029913636}, {"id": "788219884", "price": 837.05, "amount": 0.24, "side": "buy", "timestamp": 1766029913726}, {"id": "788219885", "price": 837.05, "amount": 0.04, "side": "buy", "timestamp": 1766029913916}, {"id": "788219886", "price": 837.04, "amount": 0.08, "side": "sell", "timestamp": 1766029914067}, {"id": "788219887", "price": 837.04, "amount": 0.06, "side": "sell", "timestamp": 1766029915124}, {"id": "788219888", "price": 837.05, "amount": 0.1, "side": "buy", "timestamp": 1766029915294}, {"id": "788219889", "price": 837.04, "amount": 0.06, "side": "sell", "timestamp": 1766029916136}, {"id": "788219890", "price": 837.04, "amount": 2.33, "side": "sell", "timestamp": 1766029916353}, {"id": "788219891", "price": 837.05, "amount": 3.0, "side": "buy", "timestamp": 1766029916371}, {"id": "788219892", "price": 837.06, "amount": 0.43, "side": "buy", "timestamp": 1766029916371}, {"id": "788219893", "price": 837.05, "amount": 0.06, "side": "sell", "timestamp": 1766029917008}, {"id": "788219894", "price": 837.06, "amount": 0.01, "side": "buy", "timestamp": 1766029917150}, {"id": "788219895", "price": 837.05, "amount": 0.02, "side": "sell", "timestamp": 1766029917164}, {"id": "788219896", "price": 837.06, "amount": 0.18, "side": "buy", "timestamp": 1766029917203}, {"id": "788219897", "price": 837.05, "amount": 0.07, "side": "sell", "timestamp": 1766029918040}, {"id": "788219898", "price": 837.06, "amount": 0.24, "side": "buy", "timestamp": 1766029918671}, {"id": "788219899", "price": 837.06, "amount": 0.59, "side": "buy", "timestamp": 1766029919013}, {"id": "788219900", "price": 837.05, "amount": 0.06, "side": "sell", "timestamp": 1766029919053}, {"id": "788219901", "price": 837.05, "amount": 0.08, "side": "sell", "timestamp": 1766029920162}, {"id": "788219902", "price": 837.06, "amount": 12.2, "side": "buy", "timestamp": 1766029920490}, {"id": "788219903", "price": 837.07, "amount": 0.67, "side": "buy", "timestamp": 1766029920490}, {"id": "788219904", "price": 837.06, "amount": 0.06, "side": "sell", "timestamp": 1766029921197}, {"id": "788219905", "price": 837.06, "amount": 0.13, "side": "sell", "timestamp": 1766029922031}, {"id": "788219906", "price": 837.06, "amount": 0.02, "side": "sell", "timestamp": 1766029923029}, {"id": "788219907", "price": 837.06, "amount": 0.06, "side": "sell", "timestamp": 1766029923171}, {"id": "788219908", "price": 837.07, "amount": 0.24, "side": "buy", "timestamp": 1766029923264}, {"id": "788219909", "price": 837.06, "amount": 0.06, "side": "sell", "timestamp": 1766029923274}, {"id": "788219910", "price": 837.07, "amount": 0.02, "side": "buy", "timestamp": 1766029923896}, {"id": "788219911", "price": 837.06, "amount": 0.06, "side": "sell", "timestamp": 1766029924193}, {"id": "788219912", "price": 837.06, "amount": 0.03, "side": "sell", "timestamp": 1766029924709}, {"id": "788219913", "price": 837.06, "amount": 0.06, "side": "sell", "timestamp": 1766029925024}, {"id": "788219914", "price": 837.06, "amount": 0.03, "side": "sell", "timestamp": 1766029925331}, {"id": "788219915", "price": 837.07, "amount": 0.62, "side": "buy", "timestamp": 1766029926028}, {"id": "788219916", "price": 837.06, "amount": 0.08, "side": "sell", "timestamp": 1766029926049}, {"id": "788219917", "price": 837.06, "amount": 0.06, "side": "sell", "timestamp": 1766029927091}, {"id": "788219918", "price": 837.07, "amount": 3.32, "side": "buy", "timestamp": 1766029927614}, {"id": "788219919", "price": 837.08, "amount": 0.07, "side": "buy", "timestamp": 1766029927614}, {"id": "788219920", "price": 837.1, "amount": 0.15, "side": "buy", "timestamp": 1766029927614}, {"id": "788219921", "price": 837.11, "amount": 1.47, "side": "buy", "timestamp": 1766029927614}, {"id": "788219922", "price": 837.12, "amount": 4.96, "side": "buy", "timestamp": 1766029927614}, {"id": "788219923", "price": 837.13, "amount": 1.97, "side": "buy", "timestamp": 1766029927614}, {"id": "788219924", "price": 837.13, "amount": 5.19, "side": "buy", "timestamp": 1766029928017}, {"id": "788219925", "price": 837.12, "amount": 0.06, "side": "sell", "timestamp": 1766029928124}, {"id": "788219926", "price": 837.13, "amount": 0.04, "side": "buy", "timestamp": 1766029928226}, {"id": "788219927", "price": 837.14, "amount": 0.08, "side": "buy", "timestamp": 1766029928226}, {"id": "788219928", "price": 837.15, "amount": 0.02, "side": "buy", "timestamp": 1766029928226}, {"id": "788219929", "price": 837.16, "amount": 0.04, "side": "buy", "timestamp": 1766029928226}, {"id": "788219930", "price": 837.17, "amount": 0.03, "side": "buy", "timestamp": 1766029928226}, {"id": "788219931", "price": 837.18, "amount": 0.03, "side": "buy", "timestamp": 1766029928226}, {"id": "788219932", "price": 837.17, "amount": 0.01, "side": "sell", "timestamp": 1766029928234}, {"id": "788220081", "price": 837.06, "amount": 0.06, "side": "sell", "timestamp": 1766029970198}, {"id": "788220082", "price": 837.07, "amount": 0.01, "side": "buy", "timestamp": 1766029970330}, {"id": "788220083", "price": 837.06, "amount": 0.07, "side": "sell", "timestamp": 1766029970551}, {"id": "788220084", "price": 837.06, "amount": 0.06, "side": "sell", "timestamp": 1766029971016}, {"id": "788220085", "price": 837.07, "amount": 2.04, "side": "buy", "timestamp": 1766029971122}, {"id": "788220086", "price": 837.06, "amount": 1.78, "side": "sell", "timestamp": 1766029971202}, {"id": "788220087", "price": 837.07, "amount": 0.29, "side": "buy", "timestamp": 1766029971446}, {"id": "788220088", "price": 837.07, "amount": 0.19, "side": "buy", "timestamp": 1766029971894}, {"id": "788220089", "price": 837.06, "amount": 0.08, "side": "sell", "timestamp": 1766029972042}, {"id": "788220090", "price": 837.07, "amount": 0.24, "side": "buy", "timestamp": 1766029972645}, {"id": "788220091", "price": 837.06, "amount": 0.06, "side": "sell", "timestamp": 1766029973085}, {"id": "788220092", "price": 837.06, "amount": 4.0, "side": "sell", "timestamp": 1766029973211}, {"id": "788220093", "price": 837.07, "amount": 0.02, "side": "buy", "timestamp": 1766029973252}, {"id": "788220094", "price": 837.06, "amount": 0.01, "side": "sell", "timestamp": 1766029973434}, {"id": "788220095", "price": 837.07, "amount": 0.01, "side": "buy", "timestamp": 1766029973833}, {"id": "788220096", "price": 837.06, "amount": 0.02, "side": "sell", "timestamp": 1766029974035}, {"id": "788220097", "price": 837.06, "amount": 0.06, "side": "sell", "timestamp": 1766029974155}, {"id": "788220098", "price": 837.07, "amount": 0.01, "side": "buy", "timestamp": 1766029974332}, {"id": "788220099", "price": 837.06, "amount": 0.06, "side": "sell", "timestamp": 1766029975168}, {"id": "788220100", "price": 837.06, "amount": 0.03, "side": "sell", "timestamp": 1766029975909}, {"id": "788220101", "price": 837.06, "amount": 6.2, "side": "sell", "timestamp": 1766029976020}, {"id": "788220102", "price": 837.07, "amount": 0.01, "side": "buy", "timestamp": 1766029976066}, {"id": "788220103", "price": 837.06, "amount": 0.06, "side": "sell", "timestamp": 1766029976180}, {"id": "788220104", "price": 837.07, "amount": 0.12, "side": "buy", "timestamp": 1766029976314}, {"id": "788220105", "price": 837.06, "amount": 0.02, "side": "sell", "timestamp": 1766029977067}, {"id": "788220106", "price": 837.06, "amount": 0.06, "side": "sell", "timestamp": 1766029977207}, {"id": "788220107", "price": 837.07, "amount": 0.09, "side": "buy", "timestamp": 1766029977259}, {"id": "788220108", "price": 837.07, "amount": 0.24, "side": "buy", "timestamp": 1766029977364}, {"id": "788220109", "price": 837.06, "amount": 0.72, "side": "sell", "timestamp": 1766029977435}, {"id": "788220110", "price": 837.07, "amount": 0.26, "side": "buy", "timestamp": 1766029977589}, {"id": "788220111", "price": 837.06, "amount": 0.05, "side": "sell", "timestamp": 1766029977906}, {"id": "788220112", "price": 837.06, "amount": 0.06, "side": "sell", "timestamp": 1766029978020}, {"id": "788220113", "price": 837.07, "amount": 0.01, "side": "buy", "timestamp": 1766029978319}, {"id": "788220114", "price": 837.07, "amount": 0.01, "side": "buy", "timestamp": 1766029978658}, {"id": "788220115", "price": 837.06, "amount": 0.06, "side": "sell", "timestamp": 1766029979058}, {"id": "788220116", "price": 837.06, "amount": 16.08, "side": "sell", "timestamp": 1766029979619}, {"id": "788220117", "price": 837.05, "amount": 0.04, "side": "sell", "timestamp": 1766029979623}, {"id": "788220118", "price": 837.04, "amount": 0.4, "side": "sell", "timestamp": 1766029979624}, {"id": "788220119", "price": 837.03, "amount": 167.96, "side": "sell", "timestamp": 1766029979624}, {"id": "788220120", "price": 837.02, "amount": 0.02, "side": "sell", "timestamp": 1766029979626}, {"id": "788220121", "price": 837.01, "amount": 0.24, "side": "sell", "timestamp": 1766029979627}, {"id": "788220122", "price": 837.0, "amount": 6.06, "side": "sell", "timestamp": 1766029979627}, {"id": "788220123", "price": 836.98, "amount": 0.04, "side": "sell", "timestamp": 1766029979631}, {"id": "788220124", "price": 836.98, "amount": 0.01, "side": "buy", "timestamp": 1766029979808}, {"id": "788220125", "price": 836.97, "amount": 0.02, "side": "sell", "timestamp": 1766029979884}, {"id": "788220126", "price": 836.97, "amount": 0.62, "side": "sell", "timestamp": 1766029980101}, {"id": "788220127", "price": 836.96, "amount": 1.33, "side": "sell", "timestamp": 1766029980186}, {"id": "788220128", "price": 836.95, "amount": 0.02, "side": "sell", "timestamp": 1766029980199}, {"id": "788220129", "price": 836.94, "amount": 0.01, "side": "sell", "timestamp": 1766029980199}, {"id": "788220130", "price": 836.93, "amount": 0.03, "side": "buy", "timestamp": 1766029980235}]