[{"symbol": "SOLUSDT", "bids": [[132.37, 121.56], [132.36, 264.08], [132.35, 912.83], [132.34, 2013.66], [132.33, 838.94], [132.32, 1465.38], [132.31, 1872.75], [132.3, 1419.39], [132.29, 2563.81], [132.28, 1631.38], [132.27, 949.8], [132.26, 2001.96], [132.25, 1555.24], [132.24, 670.65], [132.23, 875.37], [132.22, 1127.26], [132.21, 2124.38], [132.2, 1233.23], [132.19, 3252.48], [132.18, 638.89]], "asks": [[132.38, 803.76], [132.39, 881.63], [132.4, 937.13], [132.41, 1499.64], [132.42, 1825.38], [132.43, 1698.57], [132.44, 939.62], [132.45, 1374.43], [132.46, 1269.47], [132.47, 1002.34], [132.48, 1805.58], [132.49, 1727.19], [132.5, 1267.12], [132.51, 1213.36], [132.52, 1961.0], [132.53, 1980.73], [132.54, 1522.98], [132.55, 3438.89], [132.56, 1447.03], [132.57, 1430.4]], "timestamp": "2025-12-15T08:39:45.363196+00:00"}, {"symbol": "SOLUSDT", "bids": [[132.37, 85.73], [132.36, 1024.56], [132.35, 1764.31], [132.34, 1778.3], [132.33, 840.77], [132.32, 1493.68], [132.31, 1996.33], [132.3, 2831.74], [132.29, 675.11], [132.28, 1980.82], [132.27, 702.92], [132.26, 1045.73], [132.25, 1821.76], [132.24, 1310.92], [132.23, 2535.11], [132.22, 1548.99], [132.21, 2133.44], [132.2, 1179.61], [132.19, 1559.75], [132.18, 643.1]], "asks": [[132.38, 707.26], [132.39, 772.99], [132.4, 637.73], [132.41, 1966.33], [132.42, 1306.45], [132.43, 2488.51], [132.44, 1364.97], [132.45, 1196.13], [132.46, 1677.92], [132.47, 1078.99], [132.48, 1239.15], [132.49, 1555.34], [132.5, 1479.86], [132.51, 1178.79], [132.52, 1612.24], [132.53, 602.12], [132.54, 1298.02], [132.55, 3570.56], [132.56, 758.68], [132.57, 2366.54]], "timestamp": "2025-12-15T08:40:39.148572+00:00"}, {"symbol": "SOLUSDT", "bids": [[132.45, 261.74], [132.44, 455.56], [132.43, 1610.2], [132.42, 1302.78], [132.41, 1105.83], [132.4, 990.51], [132.39, 1489.69], [132.38, 1727.49], [132.37, 1055.9], [132.36, 2970.64], [132.35, 1946.48], [132.34, 698.1], [132.33, 1951.4], [132.32, 760.16], [132.31, 1773.59], [132.3, 669.76], [132.29, 965.37], [132.28, 1888.17], [132.27, 2704.39], [132.26, 2422.68]], "asks": [[132.46, 732.18], [132.47, 879.64], [132.48, 906.39], [132.49, 1652.71], [132.5, 1505.43], [132.51, 1106.66], [132.52, 1784.98], [132.53, 927.56], [132.54, 1125.09], [132.55, 1548.01], [132.56, 834.18], [132.57, 2074.61], [132.58, 2844.45], [132.59, 921.11], [132.6, 1691.98], [132.61, 1526.27], [132.62, 1867.65], [132.63, 3509.18], [132.64, 1520.85], [132.65, 771.4]], "timestamp": "2025-12-15T08:41:33.806209+00:00"}, {"symbol": "SOLUSDT", "bids": [[132.41, 735.87], [132.4, 1808.82], [132.39, 420.65], [132.38, 868.87], [132.37, 957.86], [132.36, 1565.28], [132.35, 1803.09], [132.34, 950.16], [132.33, 3404.94], [132.32, 772.68], [132.31, 1785.37], [132.3, 1807.4], [132.29, 866.16], [132.28, 1662.2], [132.27, 653.6], [132.26, 1154.27], [132.25, 2256.19], [132.24, 2806.07], [132.23, 2272.29], [132.22, 1639.09]], "asks": [[132.42, 687.31], [132.43, 500.1], [132.44, 994.27], [132.45, 1252.34], [132.46, 1976.64], [132.47, 1218.06], [132.48, 1249.39], [132.49, 1750.49], [132.5, 811.79], [132.51, 1415.59], [132.52, 1428.0], [132.53, 713.14], [132.54, 1236.88], [132.55, 1931.69], [132.56, 700.96], [132.57, 1139.96], [132.58, 2746.4], [132.59, 4656.95], [132.6, 1666.44], [132.61, 1430.34]], "timestamp": "2025-12-15T08:42:27.771728+00:00"}, {"symbol": "SOLUSDT", "bids": [[132.45, 932.9], [132.44, 513.48], [132.43, 1352.15], [132.42, 1169.16], [132.41, 1487.81], [132.4, 1662.86], [132.39, 1374.28], [132.38, 1638.77], [132.37, 1598.03], [132.36, 3324.41], [132.35, 1656.39], [132.34, 825.47], [132.33, 1853.39], [132.32, 656.44], [132.31, 1970.83], [132.3, 818.35], [132.29, 952.75], [132.28, 3339.89], [132.27, 2020.43], [132.26, 1046.63]], "asks": [[132.46, 74.67], [132.47, 472.42], [132.48, 909.37], [132.49, 1820.44], [132.5, 1026.81], [132.51, 1703.24], [132.52, 1597.43], [132.53, 1097.86], [132.54, 1244.33], [132.55, 1309.82], [132.56, 744.52], [132.57, 1190.49], [132.58, 2603.95], [132.59, 1244.08], [132.6, 1675.87], [132.61, 1645.68], [132.62, 2630.44], [132.63, 2661.08], [132.64, 2011.94], [132.65, 847.16]], "timestamp": "2025-12-15T08:43:21.327391+00:00"}, {"symbol": "SOLUSDT", "bids": [[132.46, 1702.28], [132.45, 662.68], [132.44, 228.2], [132.43, 748.29], [132.42, 1388.3], [132.41, 1911.77], [132.4, 1857.57], [132.39, 1214.67], [132.38, 3433.44], [132.37, 1227.35], [132.36, 1896.82], [132.35, 1728.83], [132.34, 748.56], [132.33, 922.68], [132.32, 1351.86], [132.31, 3059.51], [132.3, 785.84], [132.29, 1120.14], [132.28, 3238.28], [132.27, 589.6]], "asks": [[132.47, 1027.01], [132.48, 868.99], [132.49, 635.41], [132.5, 1106.86], [132.51, 1461.21], [132.52, 1320.97], [132.53, 910.88], [132.54, 1376.44], [132.55, 1334.16], [132.56, 1071.71], [132.57, 1163.95], [132.58, 2277.76], [132.59, 1313.59], [132.6, 1305.21], [132.61, 2135.1], [132.62, 1863.9], [132.63, 1438.2], [132.64, 4006.57], [132.65, 890.09], [132.66, 1281.84]], "timestamp": "2025-12-15T08:44:14.782569+00:00"}, {"symbol": "SOLUSDT", "bids": [[132.45, 900.37], [132.44, 473.36], [132.43, 1005.52], [132.42, 1204.41], [132.41, 1539.48], [132.4, 1707.74], [132.39, 1109.55], [132.38, 1971.76], [132.37, 3237.8], [132.36, 912.77], [132.35, 1714.16], [132.34, 867.85], [132.33, 1953.04], [132.32, 1279.89], [132.31, 3371.46], [132.3, 596.38], [132.29, 1129.64], [132.28, 2378.67], [132.27, 2074.29], [132.26, 1099.55]], "asks": [[132.46, 172.0], [132.47, 603.8], [132.48, 559.79], [132.49, 1233.75], [132.5, 1554.24], [132.51, 1828.61], [132.52, 1540.98], [132.53, 866.12], [132.54, 1076.43], [132.55, 1514.56], [132.56, 1111.95], [132.57, 1148.06], [132.58, 2692.43], [132.59, 1519.47], [132.6, 1330.77], [132.61, 1515.9], [132.62, 961.39], [132.63, 3042.43], [132.64, 2294.67], [132.65, 2061.76]], "timestamp": "2025-12-15T08:45:08.746327+00:00"}, {"symbol": "SOLUSDT", "bids": [[132.48, 797.51], [132.47, 706.32], [132.46, 1396.13], [132.45, 1324.79], [132.44, 2775.98], [132.43, 1515.84], [132.42, 810.11], [132.41, 3865.11], [132.4, 1679.68], [132.39, 918.51], [132.38, 1396.48], [132.37, 1249.07], [132.36, 2095.51], [132.35, 1679.8], [132.34, 719.26], [132.33, 1135.22], [132.32, 1021.58], [132.31, 3330.77], [132.3, 599.76], [132.29, 1357.52]], "asks": [[132.49, 1068.1], [132.5, 552.64], [132.51, 1341.59], [132.52, 1210.33], [132.53, 1705.03], [132.54, 1604.51], [132.55, 1962.73], [132.56, 1246.65], [132.57, 1514.91], [132.58, 1736.91], [132.59, 2039.37], [132.6, 1439.8], [132.61, 1475.42], [132.62, 830.44], [132.63, 1329.36], [132.64, 2052.17], [132.65, 1497.02], [132.66, 4180.32], [132.67, 1158.24], [132.68, 1188.42]], "timestamp": "2025-12-15T08:46:02.402216+00:00"}, {"symbol": "SOLUSDT", "bids": [[132.43, 467.38], [132.42, 558.48], [132.41, 1135.65], [132.4, 1356.17], [132.39, 1488.01], [132.38, 1990.77], [132.37, 1031.98], [132.36, 1447.87], [132.35, 3603.62], [132.34, 759.1], [132.33, 1107.72], [132.32, 1719.73], [132.31, 1797.81], [132.3, 2077.33], [132.29, 1230.1], [132.28, 2281.1], [132.27, 2050.07], [132.26, 1051.08], [132.25, 1821.41], [132.24, 806.08]], "asks": [[132.44, 426.1], [132.45, 1013.22], [132.46, 1497.71], [132.47, 1181.84], [132.48, 2060.86], [132.49, 2312.43], [132.5, 1619.27], [132.51, 2035.8], [132.52, 1597.71], [132.53, 1030.34], [132.54, 1229.65], [132.55, 1573.92], [132.56, 1289.56], [132.57, 1262.04], [132.58, 2050.84], [132.59, 1693.66], [132.6, 1254.55], [132.61, 1902.58], [132.62, 2755.86], [132.63, 1281.47]], "timestamp": "2025-12-15T08:46:56.267238+00:00"}, {"symbol": "SOLUSDT", "bids": [[132.37, 429.93], [132.36, 534.92], [132.35, 1248.36], [132.34, 1569.11], [132.33, 1227.83], [132.32, 1429.49], [132.31, 1954.09], [132.3, 1220.87], [132.29, 1323.11], [132.28, 4422.76], [132.27, 3256.32], [132.26, 1085.03], [132.25, 1908.26], [132.24, 1026.47], [132.23, 675.08], [132.22, 1710.74], [132.21, 1319.27], [132.2, 3192.68], [132.19, 926.89], [132.18, 526.2]], "asks": [[132.38, 531.85], [132.39, 790.28], [132.4, 1151.66], [132.41, 724.74], [132.42, 1089.24], [132.43, 3428.0], [132.44, 1633.85], [132.45, 1405.53], [132.46, 1455.26], [132.47, 992.86], [132.48, 1025.77], [132.49, 1302.68], [132.5, 977.03], [132.51, 1036.85], [132.52, 2284.03], [132.53, 681.86], [132.54, 1264.68], [132.55, 3361.58], [132.56, 1341.93], [132.57, 1932.44]], "timestamp": "2025-12-15T08:47:49.822758+00:00"}, {"symbol": "SOLUSDT", "bids": [[132.29, 336.15], [132.28, 524.2], [132.27, 1105.05], [132.26, 1326.4], [132.25, 1978.82], [132.24, 771.63], [132.23, 1081.03], [132.22, 1564.86], [132.21, 2649.66], [132.2, 918.73], [132.19, 1103.93], [132.18, 2625.82], [132.17, 2379.36], [132.16, 992.09], [132.15, 2335.53], [132.14, 1221.4], [132.13, 1224.19], [132.12, 1524.14], [132.11, 807.61], [132.1, 986.04]], "asks": [[132.3, 663.94], [132.31, 1041.87], [132.32, 1405.6], [132.33, 1318.7], [132.34, 1142.44], [132.35, 1522.44], [132.36, 2696.17], [132.37, 941.14], [132.38, 1195.3], [132.39, 1705.32], [132.4, 772.43], [132.41, 709.63], [132.42, 1352.77], [132.43, 2098.13], [132.44, 1379.98], [132.45, 1264.63], [132.46, 1802.57], [132.47, 2647.11], [132.48, 3070.0], [132.49, 1375.06]], "timestamp": "2025-12-15T08:48:43.584355+00:00"}, {"symbol": "SOLUSDT", "bids": [[132.29, 699.41], [132.28, 630.65], [132.27, 918.06], [132.26, 1226.45], [132.25, 1924.42], [132.24, 1093.91], [132.23, 1005.17], [132.22, 1937.73], [132.21, 2475.41], [132.2, 919.18], [132.19, 1071.86], [132.18, 2368.84], [132.17, 770.75], [132.16, 878.57], [132.15, 2225.52], [132.14, 1702.99], [132.13, 1215.69], [132.12, 3032.69], [132.11, 750.85], [132.1, 952.96]], "asks": [[132.3, 1751.92], [132.31, 752.25], [132.32, 1407.59], [132.33, 1813.37], [132.34, 922.28], [132.35, 1123.88], [132.36, 2740.83], [132.37, 1230.25], [132.38, 1388.92], [132.39, 1600.01], [132.4, 1072.31], [132.41, 757.67], [132.42, 1475.67], [132.43, 2064.87], [132.44, 1306.66], [132.45, 1490.46], [132.46, 3255.83], [132.47, 2850.5], [132.48, 1745.72], [132.49, 1575.74]], "timestamp": "2025-12-15T08:49:37.037127+00:00"}, {"symbol": "SOLUSDT", "bids": [[132.33, 367.57], [132.32, 516.17], [132.31, 1207.56], [132.3, 1360.46], [132.29, 1895.31], [132.28, 1449.65], [132.27, 1341.89], [132.26, 1469.76], [132.25, 1852.21], [132.24, 2809.4], [132.23, 1116.73], [132.22, 1500.6], [132.21, 1653.56], [132.2, 1023.27], [132.19, 960.59], [132.18, 1911.01], [132.17, 2448.55], [132.16, 1010.32], [132.15, 2493.17], [132.14, 1175.32]], "asks": [[132.34, 819.0], [132.35, 1253.13], [132.36, 1579.76], [132.37, 1510.47], [132.38, 1499.85], [132.39, 2727.72], [132.4, 1357.87], [132.41, 886.41], [132.42, 1414.47], [132.43, 1811.32], [132.44, 988.53], [132.45, 1290.64], [132.46, 2260.82], [132.47, 788.15], [132.48, 1480.92], [132.49, 1627.79], [132.5, 2555.23], [132.51, 3508.32], [132.52, 2192.3], [132.53, 731.93]], "timestamp": "2025-12-15T08:50:30.900349+00:00"}, {"symbol": "SOLUSDT", "bids": [[132.36, 345.98], [132.35, 331.13], [132.34, 978.57], [132.33, 1458.67], [132.32, 1381.09], [132.31, 1960.58], [132.3, 1795.96], [132.29, 2134.67], [132.28, 1380.72], [132.27, 3616.93], [132.26, 1160.15], [132.25, 1555.26], [132.24, 880.8], [132.23, 1221.45], [132.22, 1479.45], [132.21, 1037.82], [132.2, 2735.82], [132.19, 2340.91], [132.18, 1857.85], [132.17, 1406.71]], "asks": [[132.37, 872.71], [132.38, 998.87], [132.39, 1707.41], [132.4, 1291.61], [132.41, 1572.69], [132.42, 1316.69], [132.43, 2352.76], [132.44, 1252.67], [132.45, 1568.05], [132.46, 1968.67], [132.47, 739.39], [132.48, 996.74], [132.49, 1712.33], [132.5, 1037.94], [132.51, 1431.88], [132.52, 1567.28], [132.53, 1102.94], [132.54, 3152.9], [132.55, 2531.04], [132.56, 1682.79]], "timestamp": "2025-12-15T08:51:24.558375+00:00"}, {"symbol": "SOLUSDT", "bids": [[132.3, 974.01], [132.29, 470.2], [132.28, 601.53], [132.27, 1166.94], [132.26, 1145.55], [132.25, 1746.19], [132.24, 1050.44], [132.23, 1277.16], [132.22, 3278.46], [132.21, 779.66], [132.2, 1157.28], [132.19, 2021.5], [132.18, 1467.99], [132.17, 785.23], [132.16, 726.96], [132.15, 1503.61], [132.14, 4468.64], [132.13, 956.76], [132.12, 1650.32], [132.11, 760.46]], "asks": [[132.31, 403.38], [132.32, 1075.9], [132.33, 1063.9], [132.34, 1529.96], [132.35, 1332.06], [132.36, 1672.83], [132.37, 2342.33], [132.38, 994.43], [132.39, 1492.27], [132.4, 1427.9], [132.41, 783.87], [132.42, 1228.42], [132.43, 1565.55], [132.44, 1363.07], [132.45, 1862.94], [132.46, 2162.1], [132.47, 1074.64], [132.48, 4014.07], [132.49, 1677.23], [132.5, 1111.02]], "timestamp": "2025-12-15T08:52:18.319405+00:00"}, {"symbol": "SOLUSDT", "bids": [[132.27, 358.47], [132.26, 258.97], [132.25, 866.47], [132.24, 718.24], [132.23, 1174.81], [132.22, 1539.62], [132.21, 1000.52], [132.2, 1312.53], [132.19, 2886.2], [132.18, 1483.75], [132.17, 774.83], [132.16, 1031.71], [132.15, 2133.29], [132.14, 1693.89], [132.13, 2160.7], [132.12, 1082.97], [132.11, 711.76], [132.1, 1018.14], [132.09, 2510.7], [132.08, 1798.82]], "asks": [[132.28, 535.75], [132.29, 1687.12], [132.3, 2686.44], [132.31, 1798.01], [132.32, 1256.44], [132.33, 2283.68], [132.34, 2348.2], [132.35, 1470.29], [132.36, 1377.38], [132.37, 1762.11], [132.38, 903.27], [132.39, 1698.16], [132.4, 1557.53], [132.41, 974.29], [132.42, 1208.3], [132.43, 1838.35], [132.44, 1976.39], [132.45, 3436.34], [132.46, 1954.73], [132.47, 917.19]], "timestamp": "2025-12-15T08:53:12.301916+00:00"}, {"symbol": "SOLUSDT", "bids": [[132.24, 425.57], [132.23, 524.8], [132.22, 754.84], [132.21, 1482.6], [132.2, 1145.91], [132.19, 1069.97], [132.18, 1760.05], [132.17, 1042.92], [132.16, 2761.78], [132.15, 1719.31], [132.14, 1260.05], [132.13, 967.87], [132.12, 1130.01], [132.11, 1182.86], [132.1, 1066.68], [132.09, 2411.99], [132.08, 2137.6], [132.07, 2559.17], [132.06, 1394.1], [132.05, 1044.44]], "asks": [[132.25, 558.59], [132.26, 1352.93], [132.27, 936.13], [132.28, 1535.68], [132.29, 1487.88], [132.3, 3281.02], [132.31, 1609.4], [132.32, 1083.52], [132.33, 1876.57], [132.34, 1406.26], [132.35, 1405.73], [132.36, 1206.29], [132.37, 1793.52], [132.38, 1341.42], [132.39, 1422.13], [132.4, 2259.48], [132.41, 2097.97], [132.42, 3184.22], [132.43, 1463.3], [132.44, 1646.77]], "timestamp": "2025-12-15T08:54:05.841304+00:00"}, {"symbol": "SOLUSDT", "bids": [[132.23, 251.85], [132.22, 376.26], [132.21, 754.4], [132.2, 922.65], [132.19, 1073.0], [132.18, 1777.37], [132.17, 891.19], [132.16, 910.76], [132.15, 2526.31], [132.14, 1217.42], [132.13, 1037.4], [132.12, 1037.47], [132.11, 1276.32], [132.1, 1424.21], [132.09, 3933.31], [132.08, 1629.25], [132.07, 1247.79], [132.06, 1305.05], [132.05, 1093.15], [132.04, 839.59]], "asks": [[132.24, 1412.76], [132.25, 1717.87], [132.26, 909.58], [132.27, 1538.67], [132.28, 2086.5], [132.29, 1195.71], [132.3, 3239.7], [132.31, 1696.62], [132.32, 1137.12], [132.33, 1927.64], [132.34, 1301.97], [132.35, 1424.43], [132.36, 1178.4], [132.37, 2109.39], [132.38, 1561.1], [132.39, 1270.18], [132.4, 2116.04], [132.41, 4136.61], [132.42, 1095.74], [132.43, 1485.2]], "timestamp": "2025-12-15T08:54:59.805669+00:00"}, {"symbol": "SOLUSDT", "bids": [[132.26, 652.46], [132.25, 256.44], [132.24, 908.75], [132.23, 1546.61], [132.22, 1489.24], [132.21, 1706.28], [132.2, 1345.36], [132.19, 1281.53], [132.18, 1687.15], [132.17, 3035.82], [132.16, 1734.88], [132.15, 995.19], [132.14, 1326.83], [132.13, 1022.29], [132.12, 1632.24], [132.11, 3008.71], [132.1, 1016.45], [132.09, 2271.57], [132.08, 1395.85], [132.07, 1139.17]], "asks": [[132.27, 1141.23], [132.28, 794.12], [132.29, 1422.37], [132.3, 2101.36], [132.31, 2208.95], [132.32, 751.91], [132.33, 1871.2], [132.34, 1350.18], [132.35, 1542.34], [132.36, 1374.52], [132.37, 1971.68], [132.38, 1385.84], [132.39, 1262.7], [132.4, 1841.28], [132.41, 1139.58], [132.42, 1302.58], [132.43, 1653.86], [132.44, 3453.77], [132.45, 997.32], [132.46, 1718.52]], "timestamp": "2025-12-15T08:55:53.156872+00:00"}, {"symbol": "SOLUSDT", "bids": [[132.31, 810.62], [132.3, 825.19], [132.29, 1251.35], [132.28, 1274.43], [132.27, 2536.77], [132.26, 1568.45], [132.25, 1021.62], [132.24, 2295.4], [132.23, 3667.21], [132.22, 801.76], [132.21, 1604.0], [132.2, 2560.78], [132.19, 919.61], [132.18, 1900.71], [132.17, 867.2], [132.16, 1012.11], [132.15, 2662.06], [132.14, 1628.65], [132.13, 2634.22], [132.12, 1307.25]], "asks": [[132.32, 421.58], [132.33, 738.8], [132.34, 442.52], [132.35, 661.14], [132.36, 1351.1], [132.37, 1717.46], [132.38, 1755.3], [132.39, 1375.61], [132.4, 2036.26], [132.41, 977.23], [132.42, 1160.14], [132.43, 1449.71], [132.44, 1235.65], [132.45, 2804.34], [132.46, 1532.6], [132.47, 1312.96], [132.48, 1294.99], [132.49, 3593.05], [132.5, 2244.28], [132.51, 1216.92]], "timestamp": "2025-12-15T08:56:47.122240+00:00"}, {"symbol": "SOLUSDT", "bids": [[132.32, 955.34], [132.31, 851.7], [132.3, 1247.08], [132.29, 1733.08], [132.28, 2530.88], [132.27, 2228.88], [132.26, 1609.45], [132.25, 1146.43], [132.24, 4215.97], [132.23, 617.31], [132.22, 775.81], [132.21, 1669.36], [132.2, 2247.19], [132.19, 944.54], [132.18, 1809.47], [132.17, 787.46], [132.16, 1188.77], [132.15, 2626.27], [132.14, 1494.16], [132.13, 2630.67]], "asks": [[132.33, 176.03], [132.34, 140.88], [132.35, 784.27], [132.36, 692.92], [132.37, 1872.62], [132.38, 1589.89], [132.39, 1379.95], [132.4, 1741.75], [132.41, 1057.34], [132.42, 1306.96], [132.43, 1448.7], [132.44, 1018.24], [132.45, 1361.76], [132.46, 1848.54], [132.47, 1465.83], [132.48, 1499.77], [132.49, 3060.37], [132.5, 3890.97], [132.51, 1175.23], [132.52, 1535.14]], "timestamp": "2025-12-15T08:57:40.733009+00:00"}, {"symbol": "SOLUSDT", "bids": [[132.31, 1391.66], [132.3, 681.17], [132.29, 679.09], [132.28, 1065.28], [132.27, 2069.25], [132.26, 1681.01], [132.25, 968.86], [132.24, 2519.5], [132.23, 2749.15], [132.22, 761.92], [132.21, 1842.66], [132.2, 2180.67], [132.19, 971.97], [132.18, 1782.8], [132.17, 887.76], [132.16, 943.62], [132.15, 1100.25], [132.14, 1724.25], [132.13, 4070.34], [132.12, 1331.61]], "asks": [[132.32, 372.27], [132.33, 392.45], [132.34, 755.07], [132.35, 1244.53], [132.36, 1482.83], [132.37, 1790.46], [132.38, 1201.99], [132.39, 1411.32], [132.4, 1818.22], [132.41, 1135.65], [132.42, 1858.06], [132.43, 1369.61], [132.44, 1128.79], [132.45, 1423.34], [132.46, 1331.7], [132.47, 1076.51], [132.48, 1385.72], [132.49, 4619.26], [132.5, 1984.14], [132.51, 1167.01]], "timestamp": "2025-12-15T08:58:34.540626+00:00"}, {"symbol": "SOLUSDT", "bids": [[132.31, 1040.25], [132.3, 745.02], [132.29, 950.14], [132.28, 980.89], [132.27, 1805.77], [132.26, 1983.38], [132.25, 867.14], [132.24, 2393.45], [132.23, 2694.96], [132.22, 769.47], [132.21, 1606.17], [132.2, 2203.02], [132.19, 997.22], [132.18, 1867.95], [132.17, 2676.28], [132.16, 2441.75], [132.15, 943.16], [132.14, 1320.84], [132.13, 1060.65], [132.12, 1305.23]], "asks": [[132.32, 237.95], [132.33, 472.99], [132.34, 767.09], [132.35, 1026.39], [132.36, 1270.82], [132.37, 1979.94], [132.38, 1438.95], [132.39, 1408.48], [132.4, 1711.41], [132.41, 878.09], [132.42, 1422.55], [132.43, 1440.35], [132.44, 1318.5], [132.45, 2293.31], [132.46, 1269.37], [132.47, 949.73], [132.48, 1328.63], [132.49, 4364.18], [132.5, 1954.27], [132.51, 1340.15]], "timestamp": "2025-12-15T08:59:28.096662+00:00"}, {"symbol": "SOLUSDT", "bids": [[132.34, 385.33], [132.33, 778.09], [132.32, 825.06], [132.31, 815.19], [132.3, 802.72], [132.29, 881.2], [132.28, 1324.01], [132.27, 2038.49], [132.26, 1850.6], [132.25, 2610.31], [132.24, 1751.06], [132.23, 705.42], [132.22, 992.22], [132.21, 2571.08], [132.2, 1491.19], [132.19, 962.29], [132.18, 1838.28], [132.17, 2333.56], [132.16, 2693.17], [132.15, 1198.31]], "asks": [[132.35, 933.6], [132.36, 1164.8], [132.37, 1426.44], [132.38, 1029.73], [132.39, 1680.87], [132.4, 1881.18], [132.41, 941.77], [132.42, 1323.05], [132.43, 1554.7], [132.44, 973.52], [132.45, 1892.92], [132.46, 1240.98], [132.47, 694.49], [132.48, 1013.57], [132.49, 1349.29], [132.5, 1266.58], [132.51, 1382.5], [132.52, 4700.14], [132.53, 1977.69], [132.54, 1167.1]], "timestamp": "2025-12-15T09:00:21.652774+00:00"}, {"symbol": "SOLUSDT", "bids": [[132.28, 794.69], [132.27, 692.18], [132.26, 877.91], [132.25, 600.2], [132.24, 2020.78], [132.23, 831.11], [132.22, 1040.44], [132.21, 1636.42], [132.2, 1133.54], [132.19, 3108.75], [132.18, 1683.8], [132.17, 1305.78], [132.16, 3896.21], [132.15, 1024.55], [132.14, 1429.13], [132.13, 928.55], [132.12, 1126.98], [132.11, 1511.67], [132.1, 973.19], [132.09, 1125.02]], "asks": [[132.29, 455.0], [132.3, 1243.78], [132.31, 1273.29], [132.32, 906.17], [132.33, 1287.96], [132.34, 2159.6], [132.35, 939.52], [132.36, 1436.25], [132.37, 1794.57], [132.38, 709.48], [132.39, 1376.49], [132.4, 1724.1], [132.41, 879.59], [132.42, 1517.11], [132.43, 2518.21], [132.44, 919.89], [132.45, 1213.63], [132.46, 3169.04], [132.47, 1161.92], [132.48, 3381.8]], "timestamp": "2025-12-15T09:01:15.617541+00:00"}, {"symbol": "SOLUSDT", "bids": [[132.31, 1649.88], [132.3, 1337.3], [132.29, 838.48], [132.28, 2065.03], [132.27, 2779.86], [132.26, 1178.72], [132.25, 1482.55], [132.24, 966.07], [132.23, 1137.73], [132.22, 3221.98], [132.21, 1031.39], [132.2, 1394.23], [132.19, 1722.96], [132.18, 2113.7], [132.17, 977.48], [132.16, 1193.19], [132.15, 3019.89], [132.14, 550.7], [132.13, 927.85], [132.12, 3355.36]], "asks": [[132.32, 31.92], [132.33, 176.11], [132.34, 954.69], [132.35, 932.34], [132.36, 2378.06], [132.37, 1316.54], [132.38, 1008.21], [132.39, 1921.97], [132.4, 1456.22], [132.41, 902.83], [132.42, 1568.27], [132.43, 1624.69], [132.44, 1695.03], [132.45, 2035.96], [132.46, 688.56], [132.47, 1572.32], [132.48, 2108.02], [132.49, 2512.46], [132.5, 1461.05], [132.51, 991.45]], "timestamp": "2025-12-15T09:02:09.071593+00:00"}, {"symbol": "SOLUSDT", "bids": [[132.4, 236.29], [132.39, 289.57], [132.38, 923.76], [132.37, 698.93], [132.36, 1239.78], [132.35, 1791.77], [132.34, 2402.14], [132.33, 2938.69], [132.32, 1636.6], [132.31, 3887.46], [132.3, 1779.25], [132.29, 854.68], [132.28, 1485.42], [132.27, 743.01], [132.26, 1187.11], [132.25, 1089.76], [132.24, 1149.86], [132.23, 2452.82], [132.22, 1171.43], [132.21, 788.6]], "asks": [[132.41, 1473.57], [132.42, 843.34], [132.43, 1221.52], [132.44, 1034.97], [132.45, 1739.98], [132.46, 1251.86], [132.47, 1677.55], [132.48, 1157.73], [132.49, 1752.72], [132.5, 1288.64], [132.51, 793.79], [132.52, 1468.6], [132.53, 888.36], [132.54, 1229.08], [132.55, 1207.46], [132.56, 1218.33], [132.57, 2547.02], [132.58, 881.91], [132.59, 2490.54], [132.6, 1027.61]], "timestamp": "2025-12-15T09:03:02.627321+00:00"}, {"symbol": "SOLUSDT", "bids": [[132.34, 962.76], [132.33, 893.76], [132.32, 1153.81], [132.31, 841.62], [132.3, 1175.38], [132.29, 1057.25], [132.28, 1251.53], [132.27, 1197.36], [132.26, 1309.63], [132.25, 3161.19], [132.24, 905.64], [132.23, 954.01], [132.22, 1293.96], [132.21, 1949.53], [132.2, 1322.97], [132.19, 1538.43], [132.18, 1262.43], [132.17, 772.28], [132.16, 1586.74], [132.15, 3423.44]], "asks": [[132.35, 427.62], [132.36, 890.34], [132.37, 1203.44], [132.38, 1020.0], [132.39, 1999.08], [132.4, 2711.68], [132.41, 1231.26], [132.42, 1019.85], [132.43, 1485.8], [132.44, 803.48], [132.45, 1726.46], [132.46, 1214.71], [132.47, 1144.92], [132.48, 2417.12], [132.49, 1735.82], [132.5, 2157.75], [132.51, 1444.7], [132.52, 4157.63], [132.53, 843.87], [132.54, 1291.8]], "timestamp": "2025-12-15T09:03:56.490342+00:00"}, {"symbol": "SOLUSDT", "bids": [[132.44, 643.06], [132.43, 582.92], [132.42, 723.11], [132.41, 1003.82], [132.4, 1281.0], [132.39, 1429.09], [132.38, 2240.32], [132.37, 1325.95], [132.36, 3266.7], [132.35, 1258.64], [132.34, 2131.87], [132.33, 846.25], [132.32, 1313.54], [132.31, 615.29], [132.3, 979.16], [132.29, 769.21], [132.28, 1624.37], [132.27, 2558.93], [132.26, 3064.32], [132.25, 1098.33]], "asks": [[132.45, 579.69], [132.46, 1052.81], [132.47, 755.27], [132.48, 1154.35], [132.49, 1572.83], [132.5, 1934.35], [132.51, 1542.07], [132.52, 1364.78], [132.53, 903.35], [132.54, 906.71], [132.55, 1263.91], [132.56, 784.19], [132.57, 1358.22], [132.58, 812.63], [132.59, 1248.67], [132.6, 1868.22], [132.61, 1201.74], [132.62, 3359.04], [132.63, 1129.43], [132.64, 910.88]], "timestamp": "2025-12-15T09:04:50.660609+00:00"}, {"symbol": "SOLUSDT", "bids": [[132.45, 373.93], [132.44, 1131.5], [132.43, 2320.16], [132.42, 1298.32], [132.41, 1055.94], [132.4, 1409.07], [132.39, 1215.8], [132.38, 1264.52], [132.37, 1255.23], [132.36, 2910.2], [132.35, 1158.58], [132.34, 1089.29], [132.33, 2335.0], [132.32, 1415.42], [132.31, 502.45], [132.3, 1061.64], [132.29, 2257.54], [132.28, 1426.53], [132.27, 2866.1], [132.26, 1008.56]], "asks": [[132.46, 837.58], [132.47, 460.04], [132.48, 806.44], [132.49, 1450.88], [132.5, 1966.79], [132.51, 1954.35], [132.52, 1227.62], [132.53, 1919.67], [132.54, 803.51], [132.55, 1061.51], [132.56, 1756.18], [132.57, 929.28], [132.58, 1340.0], [132.59, 2123.55], [132.6, 1020.43], [132.61, 1298.72], [132.62, 3399.84], [132.63, 3760.45], [132.64, 1497.62], [132.65, 2186.35]], "timestamp": "2025-12-15T09:05:44.625903+00:00"}, {"symbol": "SOLUSDT", "bids": [[132.45, 308.15], [132.44, 624.83], [132.43, 327.44], [132.42, 1016.7], [132.41, 1692.64], [132.4, 1813.5], [132.39, 1346.3], [132.38, 1510.34], [132.37, 1013.43], [132.36, 3064.28], [132.35, 1275.4], [132.34, 948.21], [132.33, 2118.4], [132.32, 1598.4], [132.31, 513.81], [132.3, 1150.8], [132.29, 2197.09], [132.28, 1418.31], [132.27, 2864.62], [132.26, 967.01]], "asks": [[132.46, 874.19], [132.47, 683.75], [132.48, 1085.31], [132.49, 1243.19], [132.5, 2399.11], [132.51, 2042.89], [132.52, 1221.75], [132.53, 1737.41], [132.54, 861.31], [132.55, 1129.96], [132.56, 1780.75], [132.57, 1101.92], [132.58, 1333.98], [132.59, 1549.14], [132.6, 1171.69], [132.61, 929.55], [132.62, 1970.86], [132.63, 3716.06], [132.64, 2678.07], [132.65, 2225.77]], "timestamp": "2025-12-15T09:06:38.284382+00:00"}, {"symbol": "SOLUSDT", "bids": [[132.49, 410.67], [132.48, 194.87], [132.47, 621.59], [132.46, 925.3], [132.45, 2003.57], [132.44, 820.47], [132.43, 951.71], [132.42, 1309.65], [132.41, 1557.1], [132.4, 2226.71], [132.39, 2621.09], [132.38, 1255.96], [132.37, 1050.25], [132.36, 1218.63], [132.35, 2740.36], [132.34, 1070.77], [132.33, 2498.83], [132.32, 1661.47], [132.31, 3201.79], [132.3, 729.39]], "asks": [[132.5, 1280.41], [132.51, 1491.36], [132.52, 1276.45], [132.53, 1582.8], [132.54, 1386.8], [132.55, 1481.36], [132.56, 1865.19], [132.57, 1088.71], [132.58, 1146.27], [132.59, 1792.11], [132.6, 1320.92], [132.61, 1292.5], [132.62, 2085.36], [132.63, 943.38], [132.64, 810.89], [132.65, 1884.35], [132.66, 2313.64], [132.67, 3364.68], [132.68, 1621.83], [132.69, 1323.98]], "timestamp": "2025-12-15T09:07:31.868401+00:00"}, {"symbol": "SOLUSDT", "bids": [[132.43, 1616.49], [132.42, 1943.41], [132.41, 688.47], [132.4, 1091.68], [132.39, 1346.71], [132.38, 1454.7], [132.37, 1322.86], [132.36, 1308.8], [132.35, 3128.5], [132.34, 820.86], [132.33, 1229.02], [132.32, 3185.44], [132.31, 1645.42], [132.3, 612.65], [132.29, 1936.64], [132.28, 2148.92], [132.27, 842.25], [132.26, 1616.14], [132.25, 675.12], [132.24, 643.96]], "asks": [[132.44, 38.72], [132.45, 313.64], [132.46, 796.22], [132.47, 1471.12], [132.48, 1424.49], [132.49, 1498.78], [132.5, 1877.66], [132.51, 1272.57], [132.52, 1623.72], [132.53, 2078.44], [132.54, 853.7], [132.55, 1325.28], [132.56, 1708.87], [132.57, 1374.4], [132.58, 1075.32], [132.59, 2185.32], [132.6, 958.93], [132.61, 1447.51], [132.62, 3518.54], [132.63, 3107.58]], "timestamp": "2025-12-15T09:08:25.440314+00:00"}, {"symbol": "SOLUSDT", "bids": [[132.42, 1521.23], [132.41, 1268.91], [132.4, 1004.61], [132.39, 1357.04], [132.38, 1460.81], [132.37, 1097.87], [132.36, 1396.44], [132.35, 1581.15], [132.34, 2614.41], [132.33, 1059.25], [132.32, 1363.57], [132.31, 772.39], [132.3, 834.45], [132.29, 2579.22], [132.28, 546.52], [132.27, 890.54], [132.26, 1545.42], [132.25, 756.44], [132.24, 2533.31], [132.23, 2315.07]], "asks": [[132.43, 443.95], [132.44, 169.77], [132.45, 753.2], [132.46, 847.57], [132.47, 2106.73], [132.48, 1229.8], [132.49, 1305.4], [132.5, 1926.53], [132.51, 843.65], [132.52, 1263.73], [132.53, 1705.24], [132.54, 875.04], [132.55, 1643.27], [132.56, 1257.45], [132.57, 1083.62], [132.58, 1874.28], [132.59, 3191.57], [132.6, 2955.75], [132.61, 1420.72], [132.62, 1672.25]], "timestamp": "2025-12-15T09:09:19.258627+00:00"}, {"symbol": "SOLUSDT", "bids": [[132.44, 343.54], [132.43, 570.9], [132.42, 1036.99], [132.41, 1063.79], [132.4, 1458.58], [132.39, 2314.28], [132.38, 1141.94], [132.37, 921.64], [132.36, 1907.43], [132.35, 4336.52], [132.34, 733.65], [132.33, 1200.06], [132.32, 1332.43], [132.31, 1013.18], [132.3, 679.54], [132.29, 1638.81], [132.28, 962.57], [132.27, 3841.11], [132.26, 1977.27], [132.25, 582.81]], "asks": [[132.45, 1071.12], [132.46, 804.16], [132.47, 716.09], [132.48, 849.49], [132.49, 1340.47], [132.5, 2100.77], [132.51, 1126.92], [132.52, 1394.4], [132.53, 1578.75], [132.54, 736.95], [132.55, 1081.34], [132.56, 1522.56], [132.57, 913.27], [132.58, 1357.39], [132.59, 1687.5], [132.6, 1160.67], [132.61, 3018.1], [132.62, 3747.51], [132.63, 950.94], [132.64, 757.61]], "timestamp": "2025-12-15T09:10:12.727551+00:00"}, {"symbol": "SOLUSDT", "bids": [[132.29, 1588.17], [132.28, 966.84], [132.27, 1362.41], [132.26, 1989.56], [132.25, 1772.36], [132.24, 1268.13], [132.23, 1329.0], [132.22, 1625.32], [132.21, 1354.3], [132.2, 3157.69], [132.19, 1362.53], [132.18, 2630.22], [132.17, 1161.07], [132.16, 745.61], [132.15, 968.6], [132.14, 1180.68], [132.13, 543.31], [132.12, 1386.94], [132.11, 3663.1], [132.1, 935.9]], "asks": [[132.3, 435.24], [132.31, 406.31], [132.32, 551.05], [132.33, 863.07], [132.34, 1576.04], [132.35, 1406.18], [132.36, 1748.42], [132.37, 1142.26], [132.38, 1085.73], [132.39, 1271.15], [132.4, 932.54], [132.41, 1108.92], [132.42, 1545.08], [132.43, 727.19], [132.44, 781.91], [132.45, 955.56], [132.46, 2245.66], [132.47, 4777.38], [132.48, 1001.56], [132.49, 1709.35]], "timestamp": "2025-12-15T09:11:06.780274+00:00"}, {"symbol": "SOLUSDT", "bids": [[132.19, 205.39], [132.18, 788.93], [132.17, 570.46], [132.16, 1157.82], [132.15, 2095.48], [132.14, 1313.24], [132.13, 932.3], [132.12, 1487.55], [132.11, 3215.54], [132.1, 1081.92], [132.09, 1927.58], [132.08, 1914.01], [132.07, 2441.31], [132.06, 720.5], [132.05, 2204.25], [132.04, 847.66], [132.03, 655.85], [132.02, 1551.0], [132.01, 1055.63], [132.0, 1475.98]], "asks": [[132.2, 1054.88], [132.21, 562.12], [132.22, 903.2], [132.23, 1013.93], [132.24, 2207.5], [132.25, 1597.56], [132.26, 1392.77], [132.27, 2480.79], [132.28, 1289.74], [132.29, 2031.79], [132.3, 1680.87], [132.31, 1004.62], [132.32, 1560.33], [132.33, 1742.76], [132.34, 1478.55], [132.35, 554.32], [132.36, 1992.19], [132.37, 3106.49], [132.38, 856.42], [132.39, 2243.13]], "timestamp": "2025-12-15T09:12:00.540493+00:00"}, {"symbol": "SOLUSDT", "bids": [[132.12, 213.16], [132.11, 425.04], [132.1, 912.37], [132.09, 1101.81], [132.08, 2696.78], [132.07, 2036.56], [132.06, 965.55], [132.05, 1549.42], [132.04, 1191.33], [132.03, 3902.37], [132.02, 1394.99], [132.01, 976.42], [132.0, 1379.85], [131.99, 1280.17], [131.98, 1108.77], [131.97, 2606.47], [131.96, 802.71], [131.95, 1251.77], [131.94, 1773.74], [131.93, 2130.43]], "asks": [[132.13, 1144.86], [132.14, 1931.68], [132.15, 1709.0], [132.16, 1370.4], [132.17, 2189.21], [132.18, 1832.52], [132.19, 1082.71], [132.2, 1195.43], [132.21, 1495.6], [132.22, 982.16], [132.23, 1266.86], [132.24, 1750.62], [132.25, 1205.64], [132.26, 1045.39], [132.27, 1492.16], [132.28, 1509.74], [132.29, 1291.44], [132.3, 4602.71], [132.31, 994.55], [132.32, 1989.5]], "timestamp": "2025-12-15T09:12:54.334899+00:00"}, {"symbol": "SOLUSDT", "bids": [[132.12, 566.77], [132.11, 1579.07], [132.1, 1345.8], [132.09, 1026.72], [132.08, 1948.6], [132.07, 1177.09], [132.06, 1223.51], [132.05, 1790.13], [132.04, 2921.44], [132.03, 1020.27], [132.02, 1461.56], [132.01, 1032.15], [132.0, 2395.59], [131.99, 1196.71], [131.98, 1066.54], [131.97, 2949.37], [131.96, 1080.39], [131.95, 2742.59], [131.94, 1523.62], [131.93, 549.22]], "asks": [[132.13, 403.54], [132.14, 1012.86], [132.15, 1740.37], [132.16, 1090.14], [132.17, 1415.26], [132.18, 2209.69], [132.19, 1299.4], [132.2, 1429.34], [132.21, 1958.46], [132.22, 682.02], [132.23, 1068.12], [132.24, 1728.06], [132.25, 1372.52], [132.26, 990.27], [132.27, 1563.97], [132.28, 1196.52], [132.29, 1313.29], [132.3, 4540.27], [132.31, 897.89], [132.32, 2001.07]], "timestamp": "2025-12-15T09:13:47.959947+00:00"}, {"symbol": "SOLUSDT", "bids": [[132.21, 458.85], [132.2, 430.85], [132.19, 856.9], [132.18, 1442.81], [132.17, 1432.08], [132.16, 1334.82], [132.15, 2216.2], [132.14, 1719.49], [132.13, 1284.39], [132.12, 3100.63], [132.11, 1485.03], [132.1, 924.95], [132.09, 1669.12], [132.08, 1646.13], [132.07, 814.81], [132.06, 1038.16], [132.05, 3117.77], [132.04, 1097.68], [132.03, 1215.25], [132.02, 1763.53]], "asks": [[132.22, 816.1], [132.23, 1137.93], [132.24, 1554.42], [132.25, 1143.09], [132.26, 1418.03], [132.27, 1795.73], [132.28, 919.56], [132.29, 1248.65], [132.3, 1708.62], [132.31, 740.91], [132.32, 1255.7], [132.33, 1506.07], [132.34, 836.05], [132.35, 1782.17], [132.36, 1607.27], [132.37, 1014.69], [132.38, 1981.21], [132.39, 2483.21], [132.4, 1580.9], [132.41, 1232.44]], "timestamp": "2025-12-15T09:14:41.281366+00:00"}, {"symbol": "SOLUSDT", "bids": [[132.25, 276.91], [132.24, 1159.06], [132.23, 2154.36], [132.22, 635.03], [132.21, 2055.21], [132.2, 725.67], [132.19, 1451.67], [132.18, 2014.78], [132.17, 1306.81], [132.16, 1216.24], [132.15, 4405.14], [132.14, 789.34], [132.13, 816.5], [132.12, 907.32], [132.11, 1663.33], [132.1, 1521.09], [132.09, 3737.84], [132.08, 1427.83], [132.07, 1034.18], [132.06, 832.91]], "asks": [[132.26, 1671.5], [132.27, 1072.37], [132.28, 660.11], [132.29, 1064.53], [132.3, 1407.83], [132.31, 1338.14], [132.32, 1898.68], [132.33, 1419.81], [132.34, 1128.75], [132.35, 1200.1], [132.36, 1531.77], [132.37, 889.52], [132.38, 588.77], [132.39, 1720.93], [132.4, 1679.32], [132.41, 2472.38], [132.42, 912.45], [132.43, 2753.01], [132.44, 952.23], [132.45, 1315.02]], "timestamp": "2025-12-15T09:15:34.661882+00:00"}, {"symbol": "SOLUSDT", "bids": [[132.22, 279.05], [132.21, 588.75], [132.2, 1420.97], [132.19, 732.12], [132.18, 1632.29], [132.17, 971.0], [132.16, 923.24], [132.15, 1414.5], [132.14, 1250.1], [132.13, 2520.4], [132.12, 1774.33], [132.11, 1591.39], [132.1, 876.02], [132.09, 719.79], [132.08, 1815.88], [132.07, 1041.71], [132.06, 2365.61], [132.05, 2897.75], [132.04, 943.23], [132.03, 1254.35]], "asks": [[132.23, 972.49], [132.24, 1018.03], [132.25, 706.8], [132.26, 1031.49], [132.27, 2577.46], [132.28, 1483.9], [132.29, 1442.21], [132.3, 1833.66], [132.31, 917.23], [132.32, 1046.8], [132.33, 1355.7], [132.34, 1300.26], [132.35, 906.65], [132.36, 1656.57], [132.37, 1449.04], [132.38, 833.18], [132.39, 1882.37], [132.4, 3085.31], [132.41, 2653.98], [132.42, 590.26]], "timestamp": "2025-12-15T09:16:28.745269+00:00"}, {"symbol": "SOLUSDT", "bids": [[132.19, 700.2], [132.18, 611.5], [132.17, 554.57], [132.16, 862.99], [132.15, 1205.39], [132.14, 1478.58], [132.13, 923.49], [132.12, 1061.83], [132.11, 1615.91], [132.1, 2696.0], [132.09, 849.59], [132.08, 2402.99], [132.07, 925.45], [132.06, 912.15], [132.05, 2820.3], [132.04, 2839.63], [132.03, 894.84], [132.02, 1544.58], [132.01, 893.87], [132.0, 1320.01]], "asks": [[132.2, 326.79], [132.21, 913.47], [132.22, 1409.75], [132.23, 1507.63], [132.24, 2205.04], [132.25, 1508.18], [132.26, 1369.07], [132.27, 2642.01], [132.28, 1133.17], [132.29, 1045.22], [132.3, 2127.1], [132.31, 1446.1], [132.32, 1154.03], [132.33, 1390.59], [132.34, 1183.49], [132.35, 1134.62], [132.36, 1972.86], [132.37, 3753.03], [132.38, 970.79], [132.39, 3088.15]], "timestamp": "2025-12-15T09:17:22.592580+00:00"}, {"symbol": "SOLUSDT", "bids": [[132.21, 264.11], [132.2, 537.97], [132.19, 536.47], [132.18, 970.42], [132.17, 1287.73], [132.16, 733.91], [132.15, 1156.06], [132.14, 1590.41], [132.13, 1904.47], [132.12, 2614.44], [132.11, 1439.91], [132.1, 963.89], [132.09, 972.12], [132.08, 1626.91], [132.07, 2544.35], [132.06, 795.27], [132.05, 1490.19], [132.04, 799.17], [132.03, 1117.2], [132.02, 1509.63]], "asks": [[132.22, 1563.27], [132.23, 1227.47], [132.24, 703.37], [132.25, 1037.7], [132.26, 1650.5], [132.27, 1857.36], [132.28, 1143.25], [132.29, 1511.25], [132.3, 1730.53], [132.31, 938.19], [132.32, 889.28], [132.33, 1646.19], [132.34, 1162.53], [132.35, 1199.06], [132.36, 1744.4], [132.37, 1586.79], [132.38, 1161.84], [132.39, 4523.84], [132.4, 1141.05], [132.41, 961.73]], "timestamp": "2025-12-15T09:18:16.353373+00:00"}, {"symbol": "SOLUSDT", "bids": [[132.15, 471.15], [132.14, 665.61], [132.13, 1106.98], [132.12, 1957.11], [132.11, 864.22], [132.1, 864.56], [132.09, 1194.67], [132.08, 1862.93], [132.07, 1305.57], [132.06, 2530.66], [132.05, 1459.92], [132.04, 1193.55], [132.03, 1990.08], [132.02, 1907.8], [132.01, 904.56], [132.0, 1521.47], [131.99, 2629.61], [131.98, 952.7], [131.97, 2613.18], [131.96, 1129.96]], "asks": [[132.16, 549.83], [132.17, 765.21], [132.18, 1447.49], [132.19, 1219.15], [132.2, 2918.97], [132.21, 1939.9], [132.22, 1273.42], [132.23, 1190.91], [132.24, 1767.53], [132.25, 1024.14], [132.26, 1003.09], [132.27, 1813.23], [132.28, 1292.62], [132.29, 2008.45], [132.3, 1353.38], [132.31, 905.4], [132.32, 1065.6], [132.33, 1689.37], [132.34, 3284.6], [132.35, 2139.37]], "timestamp": "2025-12-15T09:19:09.909554+00:00"}, {"symbol": "SOLUSDT", "bids": [[132.15, 688.04], [132.14, 653.79], [132.13, 786.87], [132.12, 1160.45], [132.11, 1595.7], [132.1, 929.73], [132.09, 1118.41], [132.08, 1743.67], [132.07, 1132.46], [132.06, 2476.15], [132.05, 1411.41], [132.04, 1338.48], [132.03, 1819.61], [132.02, 1783.02], [132.01, 1268.17], [132.0, 1673.36], [131.99, 2817.21], [131.98, 942.29], [131.97, 2517.17], [131.96, 1108.89]], "asks": [[132.16, 348.37], [132.17, 603.64], [132.18, 1419.09], [132.19, 1002.11], [132.2, 2660.12], [132.21, 2069.96], [132.22, 1606.98], [132.23, 996.38], [132.24, 1652.26], [132.25, 806.33], [132.26, 770.95], [132.27, 1858.44], [132.28, 964.93], [132.29, 843.57], [132.3, 1840.08], [132.31, 926.26], [132.32, 1251.62], [132.33, 2912.84], [132.34, 3807.2], [132.35, 1541.93]], "timestamp": "2025-12-15T09:20:03.776352+00:00"}, {"symbol": "SOLUSDT", "bids": [[132.15, 448.38], [132.14, 573.18], [132.13, 416.1], [132.12, 816.44], [132.11, 1092.47], [132.1, 1189.7], [132.09, 1349.04], [132.08, 1626.57], [132.07, 1385.44], [132.06, 2627.76], [132.05, 3003.45], [132.04, 2129.53], [132.03, 1023.52], [132.02, 1859.29], [132.01, 1286.37], [132.0, 2911.1], [131.99, 1367.12], [131.98, 1263.48], [131.97, 967.16], [131.96, 1035.58]], "asks": [[132.16, 618.59], [132.17, 703.9], [132.18, 1357.95], [132.19, 1544.57], [132.2, 2140.88], [132.21, 2356.1], [132.22, 881.89], [132.23, 1161.84], [132.24, 1905.7], [132.25, 1128.33], [132.26, 1105.2], [132.27, 1853.87], [132.28, 957.29], [132.29, 756.68], [132.3, 1598.86], [132.31, 1453.97], [132.32, 1542.09], [132.33, 2830.61], [132.34, 3673.2], [132.35, 1178.91]], "timestamp": "2025-12-15T09:20:57.432106+00:00"}, {"symbol": "SOLUSDT", "bids": [[132.16, 1082.32], [132.15, 248.16], [132.14, 769.14], [132.13, 612.42], [132.12, 1042.77], [132.11, 1594.4], [132.1, 964.55], [132.09, 1247.07], [132.08, 1686.82], [132.07, 2888.53], [132.06, 550.56], [132.05, 1471.6], [132.04, 2317.69], [132.03, 1072.79], [132.02, 1884.03], [132.01, 1410.02], [132.0, 2881.58], [131.99, 2704.12], [131.98, 1346.82], [131.97, 993.19]], "asks": [[132.17, 971.1], [132.18, 1456.3], [132.19, 1041.04], [132.2, 1564.32], [132.21, 2042.47], [132.22, 1232.76], [132.23, 1551.02], [132.24, 2128.14], [132.25, 1049.64], [132.26, 1279.53], [132.27, 1923.57], [132.28, 1620.55], [132.29, 963.86], [132.3, 1885.37], [132.31, 986.8], [132.32, 1257.17], [132.33, 2961.07], [132.34, 3896.71], [132.35, 1002.24], [132.36, 2300.66]], "timestamp": "2025-12-15T09:21:51.090626+00:00"}, {"symbol": "SOLUSDT", "bids": [[132.17, 1103.78], [132.16, 595.36], [132.15, 1148.06], [132.14, 970.21], [132.13, 1009.13], [132.12, 1206.65], [132.11, 1467.44], [132.1, 1139.25], [132.09, 1363.18], [132.08, 3215.62], [132.07, 2031.01], [132.06, 932.87], [132.05, 1276.34], [132.04, 1153.6], [132.03, 1238.05], [132.02, 1802.76], [132.01, 2752.62], [132.0, 2892.63], [131.99, 1290.5], [131.98, 1263.88]], "asks": [[132.18, 379.88], [132.19, 603.5], [132.2, 1283.15], [132.21, 1515.65], [132.22, 1657.83], [132.23, 1516.49], [132.24, 2436.49], [132.25, 1315.14], [132.26, 2043.57], [132.27, 1701.14], [132.28, 1044.37], [132.29, 1616.68], [132.3, 1755.49], [132.31, 1364.57], [132.32, 1417.36], [132.33, 1591.39], [132.34, 3309.71], [132.35, 2921.31], [132.36, 1985.07], [132.37, 729.94]], "timestamp": "2025-12-15T09:22:44.850438+00:00"}, {"symbol": "SOLUSDT", "bids": [[132.13, 526.66], [132.12, 493.54], [132.11, 976.78], [132.1, 1576.34], [132.09, 1390.94], [132.08, 1447.71], [132.07, 844.46], [132.06, 909.23], [132.05, 1256.89], [132.04, 3039.0], [132.03, 1249.81], [132.02, 2346.09], [132.01, 1066.53], [132.0, 2344.17], [131.99, 2736.53], [131.98, 659.94], [131.97, 1039.27], [131.96, 3147.18], [131.95, 817.37], [131.94, 1074.35]], "asks": [[132.14, 789.7], [132.15, 1011.48], [132.16, 827.01], [132.17, 688.03], [132.18, 2353.77], [132.19, 2351.12], [132.2, 1360.4], [132.21, 1768.69], [132.22, 1155.5], [132.23, 896.66], [132.24, 1548.13], [132.25, 960.94], [132.26, 1465.4], [132.27, 2024.73], [132.28, 916.59], [132.29, 1247.31], [132.3, 2058.96], [132.31, 4309.17], [132.32, 1204.95], [132.33, 1361.67]], "timestamp": "2025-12-15T09:23:38.508118+00:00"}, {"symbol": "SOLUSDT", "bids": [[132.24, 865.08], [132.23, 649.91], [132.22, 1278.01], [132.21, 1819.46], [132.2, 1200.41], [132.19, 967.6], [132.18, 1141.13], [132.17, 1847.21], [132.16, 1560.03], [132.15, 2947.7], [132.14, 2431.72], [132.13, 678.68], [132.12, 896.02], [132.11, 1615.58], [132.1, 892.11], [132.09, 876.6], [132.08, 3196.06], [132.07, 2360.01], [132.06, 1015.22], [132.05, 1617.43]], "asks": [[132.25, 352.02], [132.26, 561.66], [132.27, 1374.26], [132.28, 1446.52], [132.29, 1913.99], [132.3, 1885.48], [132.31, 1130.57], [132.32, 1594.7], [132.33, 1474.54], [132.34, 1291.01], [132.35, 1414.89], [132.36, 1583.42], [132.37, 1527.32], [132.38, 1203.3], [132.39, 1709.34], [132.4, 1276.65], [132.41, 1457.32], [132.42, 2660.33], [132.43, 1543.24], [132.44, 1184.76]], "timestamp": "2025-12-15T09:24:32.166402+00:00"}, {"symbol": "SOLUSDT", "bids": [[132.36, 303.77], [132.35, 609.13], [132.34, 1128.64], [132.33, 2136.19], [132.32, 2099.47], [132.31, 2373.51], [132.3, 1656.12], [132.29, 3081.78], [132.28, 2551.49], [132.27, 1302.32], [132.26, 1777.08], [132.25, 3352.02], [132.24, 2279.39], [132.23, 1118.38], [132.22, 987.36], [132.21, 1329.79], [132.2, 2842.68], [132.19, 674.14], [132.18, 1028.02], [132.17, 1941.98]], "asks": [[132.37, 619.63], [132.38, 1013.54], [132.39, 1824.87], [132.4, 993.18], [132.41, 1760.16], [132.42, 1668.62], [132.43, 1631.12], [132.44, 1486.8], [132.45, 2213.48], [132.46, 3167.28], [132.47, 1164.68], [132.48, 2511.65], [132.49, 3594.56], [132.5, 1009.5], [132.51, 1212.67], [132.52, 1479.8], [132.53, 1233.82], [132.54, 1665.31], [132.55, 3319.32], [132.56, 890.23]], "timestamp": "2025-12-15T09:25:26.029676+00:00"}, {"symbol": "SOLUSDT", "bids": [[132.43, 1099.84], [132.42, 1331.15], [132.41, 1242.3], [132.4, 2042.1], [132.39, 1850.85], [132.38, 2487.55], [132.37, 2328.45], [132.36, 2070.69], [132.35, 1555.44], [132.34, 1919.47], [132.33, 3577.72], [132.32, 1665.35], [132.31, 2004.08], [132.3, 946.46], [132.29, 1579.0], [132.28, 1042.88], [132.27, 818.66], [132.26, 1251.27], [132.25, 1357.23], [132.24, 2895.5]], "asks": [[132.44, 548.45], [132.45, 745.57], [132.46, 1234.11], [132.47, 1134.46], [132.48, 1811.23], [132.49, 2109.19], [132.5, 1477.86], [132.51, 1829.81], [132.52, 3291.4], [132.53, 815.94], [132.54, 1425.81], [132.55, 1261.37], [132.56, 1088.31], [132.57, 2851.88], [132.58, 1778.06], [132.59, 940.99], [132.6, 1767.13], [132.61, 651.89], [132.62, 956.73], [132.63, 1097.36]], "timestamp": "2025-12-15T09:26:19.931919+00:00"}, {"symbol": "SOLUSDT", "bids": [[132.53, 876.83], [132.52, 1237.28], [132.51, 564.66], [132.5, 1589.69], [132.49, 1871.77], [132.48, 2023.34], [132.47, 630.81], [132.46, 1037.16], [132.45, 1535.25], [132.44, 3351.35], [132.43, 1342.77], [132.42, 2330.91], [132.41, 1192.97], [132.4, 2882.15], [132.39, 854.49], [132.38, 1287.04], [132.37, 1213.65], [132.36, 2491.79], [132.35, 1562.86], [132.34, 3181.15]], "asks": [[132.54, 2114.02], [132.55, 1205.87], [132.56, 2081.81], [132.57, 1034.63], [132.58, 1375.93], [132.59, 2246.06], [132.6, 1428.92], [132.61, 1104.38], [132.62, 2882.27], [132.63, 1411.47], [132.64, 779.15], [132.65, 1495.91], [132.66, 1424.32], [132.67, 1450.26], [132.68, 2714.45], [132.69, 1167.65], [132.7, 816.15], [132.71, 763.74], [132.72, 1458.02], [132.73, 753.92]], "timestamp": "2025-12-15T09:27:13.961217+00:00"}, {"symbol": "SOLUSDT", "bids": [[132.53, 1396.97], [132.52, 541.08], [132.51, 473.52], [132.5, 1305.42], [132.49, 1612.02], [132.48, 1715.73], [132.47, 811.49], [132.46, 1406.7], [132.45, 3435.06], [132.44, 892.97], [132.43, 1191.33], [132.42, 2053.39], [132.41, 852.76], [132.4, 1331.02], [132.39, 882.63], [132.38, 2689.49], [132.37, 1098.16], [132.36, 2616.08], [132.35, 1227.47], [132.34, 982.31]], "asks": [[132.54, 782.63], [132.55, 1442.85], [132.56, 964.7], [132.57, 1456.7], [132.58, 1579.96], [132.59, 1827.46], [132.6, 3677.23], [132.61, 1150.53], [132.62, 3810.63], [132.63, 1653.18], [132.64, 975.09], [132.65, 1654.09], [132.66, 1608.97], [132.67, 1354.7], [132.68, 1584.21], [132.69, 1454.93], [132.7, 1759.96], [132.71, 779.66], [132.72, 1744.9], [132.73, 813.96]], "timestamp": "2025-12-15T09:28:07.824556+00:00"}, {"symbol": "SOLUSDT", "bids": [[132.45, 2478.66], [132.44, 2286.46], [132.43, 3373.47], [132.42, 1235.81], [132.41, 1182.74], [132.4, 1397.62], [132.39, 727.31], [132.38, 1312.49], [132.37, 3070.18], [132.36, 1064.9], [132.35, 1954.07], [132.34, 594.82], [132.33, 1114.03], [132.32, 1314.13], [132.31, 714.0], [132.3, 1170.09], [132.29, 3125.42], [132.28, 722.15], [132.27, 553.14], [132.26, 845.18]], "asks": [[132.46, 368.83], [132.47, 219.82], [132.48, 617.92], [132.49, 1862.06], [132.5, 1311.71], [132.51, 1841.94], [132.52, 1299.76], [132.53, 1243.88], [132.54, 1203.75], [132.55, 1022.16], [132.56, 3395.53], [132.57, 2101.15], [132.58, 713.93], [132.59, 1304.61], [132.6, 2434.83], [132.61, 876.61], [132.62, 1173.11], [132.63, 2061.35], [132.64, 2657.0], [132.65, 1520.66]], "timestamp": "2025-12-15T09:29:01.686675+00:00"}, {"symbol": "SOLUSDT", "bids": [[132.46, 173.24], [132.45, 419.67], [132.44, 1744.86], [132.43, 2757.13], [132.42, 2031.51], [132.41, 3726.2], [132.4, 1361.51], [132.39, 997.0], [132.38, 1201.3], [132.37, 706.3], [132.36, 764.2], [132.35, 1421.09], [132.34, 1637.48], [132.33, 2566.54], [132.32, 2841.4], [132.31, 651.52], [132.3, 706.13], [132.29, 1202.68], [132.28, 858.3], [132.27, 507.99]], "asks": [[132.47, 1584.82], [132.48, 1311.14], [132.49, 1568.54], [132.5, 929.39], [132.51, 1904.14], [132.52, 1517.24], [132.53, 1866.42], [132.54, 1474.34], [132.55, 1401.78], [132.56, 1854.13], [132.57, 4048.7], [132.58, 1295.01], [132.59, 1385.72], [132.6, 2457.14], [132.61, 1235.7], [132.62, 1511.69], [132.63, 1481.62], [132.64, 1913.42], [132.65, 1462.03], [132.66, 1588.36]], "timestamp": "2025-12-15T09:29:55.345074+00:00"}, {"symbol": "SOLUSDT", "bids": [[132.37, 749.36], [132.36, 1073.57], [132.35, 1256.76], [132.34, 1169.88], [132.33, 1217.0], [132.32, 1425.54], [132.31, 1066.8], [132.3, 1116.97], [132.29, 3094.88], [132.28, 1049.04], [132.27, 1421.45], [132.26, 1276.94], [132.25, 1395.74], [132.24, 2248.32], [132.23, 1441.63], [132.22, 2143.38], [132.21, 1210.94], [132.2, 2892.42], [132.19, 603.81], [132.18, 740.83]], "asks": [[132.38, 308.1], [132.39, 333.58], [132.4, 1013.74], [132.41, 908.13], [132.42, 1562.63], [132.43, 2172.93], [132.44, 2059.42], [132.45, 1118.02], [132.46, 1010.14], [132.47, 2127.3], [132.48, 3371.93], [132.49, 901.66], [132.5, 1129.5], [132.51, 1537.65], [132.52, 1423.38], [132.53, 1178.39], [132.54, 1296.81], [132.55, 851.4], [132.56, 1244.45], [132.57, 1936.55]], "timestamp": "2025-12-15T09:30:49.207994+00:00"}, {"symbol": "SOLUSDT", "bids": [[132.48, 1324.87], [132.47, 1239.77], [132.46, 980.36], [132.45, 1396.61], [132.44, 1209.64], [132.43, 1702.29], [132.42, 1155.15], [132.41, 1220.14], [132.4, 1691.08], [132.39, 3696.12], [132.38, 563.47], [132.37, 981.84], [132.36, 2278.95], [132.35, 1368.37], [132.34, 559.88], [132.33, 1369.22], [132.32, 2893.17], [132.31, 1018.27], [132.3, 1032.59], [132.29, 1623.17]], "asks": [[132.49, 590.57], [132.5, 453.87], [132.51, 727.58], [132.52, 1182.23], [132.53, 1556.09], [132.54, 1645.09], [132.55, 1939.58], [132.56, 1421.49], [132.57, 1575.75], [132.58, 1508.3], [132.59, 3634.01], [132.6, 3279.02], [132.61, 1973.48], [132.62, 975.43], [132.63, 646.24], [132.64, 950.14], [132.65, 1078.76], [132.66, 975.83], [132.67, 1311.91], [132.68, 1192.32]], "timestamp": "2025-12-15T09:31:42.661487+00:00"}, {"symbol": "SOLUSDT", "bids": [[132.57, 758.02], [132.56, 684.8], [132.55, 543.13], [132.54, 988.14], [132.53, 1778.3], [132.52, 1893.83], [132.51, 2166.7], [132.5, 1349.53], [132.49, 1490.13], [132.48, 3059.17], [132.47, 835.19], [132.46, 1140.8], [132.45, 1581.81], [132.44, 1529.42], [132.43, 1557.26], [132.42, 840.82], [132.41, 983.39], [132.4, 2846.75], [132.39, 2406.56], [132.38, 864.97]], "asks": [[132.58, 453.33], [132.59, 617.24], [132.6, 1255.38], [132.61, 979.33], [132.62, 2089.14], [132.63, 2364.74], [132.64, 1627.26], [132.65, 1703.03], [132.66, 1427.72], [132.67, 1555.14], [132.68, 4259.87], [132.69, 1037.31], [132.7, 1319.7], [132.71, 1448.87], [132.72, 1456.13], [132.73, 864.14], [132.74, 1317.82], [132.75, 2385.91], [132.76, 1119.58], [132.77, 739.26]], "timestamp": "2025-12-15T09:32:36.217559+00:00"}, {"symbol": "SOLUSDT", "bids": [[132.5, 698.2], [132.49, 1441.98], [132.48, 1102.04], [132.47, 1052.23], [132.46, 1367.97], [132.45, 1006.37], [132.44, 1075.88], [132.43, 1805.28], [132.42, 2567.92], [132.41, 675.8], [132.4, 1364.69], [132.39, 1960.83], [132.38, 756.28], [132.37, 772.91], [132.36, 1457.92], [132.35, 1579.23], [132.34, 2498.13], [132.33, 2505.35], [132.32, 1776.34], [132.31, 839.09]], "asks": [[132.51, 846.24], [132.52, 1039.36], [132.53, 698.05], [132.54, 652.02], [132.55, 1029.12], [132.56, 2823.44], [132.57, 1414.69], [132.58, 1203.01], [132.59, 1861.73], [132.6, 2326.41], [132.61, 2953.28], [132.62, 1346.86], [132.63, 1473.94], [132.64, 1564.75], [132.65, 1594.86], [132.66, 1496.09], [132.67, 2370.91], [132.68, 1235.79], [132.69, 1918.59], [132.7, 1472.81]], "timestamp": "2025-12-15T09:33:29.978305+00:00"}, {"symbol": "SOLUSDT", "bids": [[132.48, 657.21], [132.47, 921.69], [132.46, 1121.97], [132.45, 1354.07], [132.44, 1776.46], [132.43, 1425.27], [132.42, 971.83], [132.41, 948.75], [132.4, 1658.69], [132.39, 3084.28], [132.38, 781.39], [132.37, 1865.22], [132.36, 1113.03], [132.35, 1426.14], [132.34, 867.82], [132.33, 1290.14], [132.32, 4470.4], [132.31, 711.33], [132.3, 737.39], [132.29, 1291.64]], "asks": [[132.49, 432.36], [132.5, 785.64], [132.51, 503.93], [132.52, 1328.86], [132.53, 3166.55], [132.54, 1163.94], [132.55, 1454.31], [132.56, 2501.41], [132.57, 913.61], [132.58, 1255.28], [132.59, 4033.01], [132.6, 2170.51], [132.61, 1465.71], [132.62, 2484.41], [132.63, 1664.81], [132.64, 939.31], [132.65, 1398.04], [132.66, 1672.13], [132.67, 1002.48], [132.68, 1821.72]], "timestamp": "2025-12-15T09:34:23.636827+00:00"}, {"symbol": "SOLUSDT", "bids": [[132.44, 278.36], [132.43, 951.23], [132.42, 1313.99], [132.41, 734.1], [132.4, 970.45], [132.39, 1240.93], [132.38, 1240.5], [132.37, 954.13], [132.36, 1702.46], [132.35, 3333.73], [132.34, 1791.25], [132.33, 1107.23], [132.32, 2907.5], [132.31, 1028.32], [132.3, 1015.73], [132.29, 1124.87], [132.28, 956.87], [132.27, 2272.1], [132.26, 1157.11], [132.25, 931.51]], "asks": [[132.45, 699.87], [132.46, 509.67], [132.47, 803.71], [132.48, 982.07], [132.49, 1220.36], [132.5, 2872.45], [132.51, 1458.19], [132.52, 1908.98], [132.53, 2332.48], [132.54, 1176.57], [132.55, 3151.92], [132.56, 2144.3], [132.57, 900.0], [132.58, 1688.13], [132.59, 1455.8], [132.6, 2005.85], [132.61, 556.37], [132.62, 1170.63], [132.63, 1568.25], [132.64, 1515.36]], "timestamp": "2025-12-15T09:35:17.602064+00:00"}, {"symbol": "SOLUSDT", "bids": [[132.47, 1290.62], [132.46, 1676.07], [132.45, 894.34], [132.44, 1378.09], [132.43, 1371.49], [132.42, 1287.08], [132.41, 1678.51], [132.4, 1065.88], [132.39, 3253.34], [132.38, 1498.12], [132.37, 1800.21], [132.36, 1303.56], [132.35, 1562.71], [132.34, 593.96], [132.33, 989.6], [132.32, 1910.25], [132.31, 3969.3], [132.3, 962.44], [132.29, 1237.12], [132.28, 950.95]], "asks": [[132.48, 169.32], [132.49, 558.09], [132.5, 1025.21], [132.51, 669.97], [132.52, 1706.74], [132.53, 2302.54], [132.54, 1203.67], [132.55, 1432.76], [132.56, 1849.84], [132.57, 877.73], [132.58, 3644.78], [132.59, 1748.37], [132.6, 2753.57], [132.61, 2185.88], [132.62, 959.67], [132.63, 1594.82], [132.64, 1557.75], [132.65, 1405.22], [132.66, 1631.94], [132.67, 1426.55]], "timestamp": "2025-12-15T09:36:11.056456+00:00"}, {"symbol": "SOLUSDT", "bids": [[132.48, 425.94], [132.47, 354.05], [132.46, 1647.5], [132.45, 1061.25], [132.44, 1234.99], [132.43, 1203.86], [132.42, 1234.17], [132.41, 1680.42], [132.4, 2247.92], [132.39, 3297.86], [132.38, 1405.49], [132.37, 794.25], [132.36, 1573.71], [132.35, 3331.23], [132.34, 2381.45], [132.33, 1019.61], [132.32, 1339.57], [132.31, 984.17], [132.3, 831.15], [132.29, 1291.04]], "asks": [[132.49, 1012.36], [132.5, 941.83], [132.51, 771.49], [132.52, 999.36], [132.53, 1906.53], [132.54, 1207.87], [132.55, 1546.92], [132.56, 2033.79], [132.57, 1052.52], [132.58, 3078.66], [132.59, 1859.45], [132.6, 2252.96], [132.61, 973.18], [132.62, 1485.15], [132.63, 1470.28], [132.64, 663.41], [132.65, 1603.66], [132.66, 2931.83], [132.67, 1792.26], [132.68, 1058.36]], "timestamp": "2025-12-15T09:37:04.509163+00:00"}, {"symbol": "SOLUSDT", "bids": [[132.39, 793.54], [132.38, 692.22], [132.37, 863.81], [132.36, 1288.81], [132.35, 1450.31], [132.34, 1068.96], [132.33, 1210.57], [132.32, 1603.09], [132.31, 2865.55], [132.3, 839.9], [132.29, 1273.56], [132.28, 1937.08], [132.27, 699.85], [132.26, 1525.03], [132.25, 2664.85], [132.24, 1027.47], [132.23, 2140.14], [132.22, 762.22], [132.21, 645.94], [132.2, 895.52]], "asks": [[132.4, 463.72], [132.41, 927.96], [132.42, 742.61], [132.43, 1359.96], [132.44, 2161.48], [132.45, 1876.66], [132.46, 1697.3], [132.47, 2268.55], [132.48, 1616.88], [132.49, 2152.11], [132.5, 4223.21], [132.51, 1142.18], [132.52, 1360.22], [132.53, 2087.28], [132.54, 612.74], [132.55, 1075.74], [132.56, 1870.93], [132.57, 503.04], [132.58, 1143.37], [132.59, 3688.8]], "timestamp": "2025-12-15T09:37:58.576923+00:00"}, {"symbol": "SOLUSDT", "bids": [[132.43, 1074.05], [132.42, 1373.68], [132.41, 2216.79], [132.4, 851.85], [132.39, 1301.16], [132.38, 1652.47], [132.37, 1135.18], [132.36, 3741.06], [132.35, 1412.32], [132.34, 789.36], [132.33, 1033.8], [132.32, 1504.79], [132.31, 2005.72], [132.3, 977.77], [132.29, 1451.46], [132.28, 854.87], [132.27, 559.77], [132.26, 1802.15], [132.25, 4306.2], [132.24, 883.49]], "asks": [[132.44, 520.57], [132.45, 732.64], [132.46, 1608.49], [132.47, 2063.16], [132.48, 1899.29], [132.49, 2149.92], [132.5, 2167.35], [132.51, 1260.37], [132.52, 1638.44], [132.53, 2755.11], [132.54, 3452.05], [132.55, 1318.91], [132.56, 2036.88], [132.57, 1285.73], [132.58, 1137.73], [132.59, 2848.66], [132.6, 2044.98], [132.61, 1023.78], [132.62, 2367.13], [132.63, 1589.18]], "timestamp": "2025-12-15T09:38:52.132551+00:00"}, {"symbol": "SOLUSDT", "bids": [[132.43, 342.13], [132.42, 267.53], [132.41, 707.92], [132.4, 713.1], [132.39, 1175.9], [132.38, 1674.37], [132.37, 806.66], [132.36, 1408.52], [132.35, 1491.84], [132.34, 3036.42], [132.33, 1841.25], [132.32, 1391.07], [132.31, 1005.55], [132.3, 946.03], [132.29, 1293.84], [132.28, 1081.6], [132.27, 610.08], [132.26, 1562.53], [132.25, 4058.37], [132.24, 1275.31]], "asks": [[132.44, 1234.63], [132.45, 1472.26], [132.46, 1651.46], [132.47, 2460.57], [132.48, 1628.51], [132.49, 1393.54], [132.5, 2851.43], [132.51, 1002.21], [132.52, 2141.11], [132.53, 2063.4], [132.54, 3283.35], [132.55, 1182.49], [132.56, 1743.32], [132.57, 1005.5], [132.58, 1371.37], [132.59, 3125.36], [132.6, 1946.94], [132.61, 843.4], [132.62, 2371.42], [132.63, 1768.16]], "timestamp": "2025-12-15T09:39:46.302892+00:00"}, {"symbol": "SOLUSDT", "bids": [[132.48, 1066.0], [132.47, 806.15], [132.46, 744.04], [132.45, 1447.21], [132.44, 2195.36], [132.43, 1875.45], [132.42, 1520.88], [132.41, 1703.64], [132.4, 3309.19], [132.39, 1848.22], [132.38, 1427.45], [132.37, 622.19], [132.36, 1208.8], [132.35, 1421.63], [132.34, 2624.96], [132.33, 1258.35], [132.32, 2832.33], [132.31, 871.27], [132.3, 993.08], [132.29, 1136.09]], "asks": [[132.49, 41.65], [132.5, 641.18], [132.51, 673.78], [132.52, 1569.98], [132.53, 1947.54], [132.54, 1700.37], [132.55, 1877.47], [132.56, 1803.12], [132.57, 1198.43], [132.58, 1707.04], [132.59, 3929.09], [132.6, 2163.09], [132.61, 925.66], [132.62, 1588.48], [132.63, 1376.04], [132.64, 1187.71], [132.65, 2485.33], [132.66, 1757.93], [132.67, 1842.09], [132.68, 966.85]], "timestamp": "2025-12-15T09:40:40.166566+00:00"}, {"symbol": "SOLUSDT", "bids": [[132.48, 445.46], [132.47, 676.97], [132.46, 1362.17], [132.45, 1376.29], [132.44, 2369.7], [132.43, 1779.63], [132.42, 1258.76], [132.41, 1256.03], [132.4, 1574.35], [132.39, 3481.34], [132.38, 2289.39], [132.37, 487.61], [132.36, 1217.66], [132.35, 1246.57], [132.34, 809.81], [132.33, 1065.25], [132.32, 2987.47], [132.31, 1105.83], [132.3, 2844.31], [132.29, 1347.95]], "asks": [[132.49, 475.65], [132.5, 707.22], [132.51, 912.25], [132.52, 1499.03], [132.53, 2157.35], [132.54, 1657.82], [132.55, 1571.54], [132.56, 2432.96], [132.57, 1137.77], [132.58, 4070.16], [132.59, 1991.66], [132.6, 2018.31], [132.61, 881.05], [132.62, 1790.06], [132.63, 1333.14], [132.64, 1056.88], [132.65, 1289.16], [132.66, 1892.16], [132.67, 2994.78], [132.68, 892.15]], "timestamp": "2025-12-15T09:41:33.721943+00:00"}, {"symbol": "SOLUSDT", "bids": [[132.45, 333.86], [132.44, 623.48], [132.43, 1275.32], [132.42, 1301.6], [132.41, 2172.04], [132.4, 1912.73], [132.39, 1480.0], [132.38, 1967.1], [132.37, 846.35], [132.36, 1704.11], [132.35, 3723.39], [132.34, 1952.77], [132.33, 1164.77], [132.32, 3014.36], [132.31, 1335.97], [132.3, 1094.2], [132.29, 1321.52], [132.28, 2565.92], [132.27, 692.1], [132.26, 725.41]], "asks": [[132.46, 704.89], [132.47, 1194.86], [132.48, 2379.16], [132.49, 955.61], [132.5, 1828.66], [132.51, 1486.35], [132.52, 2147.74], [132.53, 2368.06], [132.54, 3283.44], [132.55, 1004.41], [132.56, 1530.37], [132.57, 1157.55], [132.58, 952.02], [132.59, 1683.04], [132.6, 2006.37], [132.61, 1406.67], [132.62, 1090.5], [132.63, 1597.22], [132.64, 1675.23], [132.65, 1498.53]], "timestamp": "2025-12-15T09:42:27.585648+00:00"}, {"symbol": "SOLUSDT", "bids": [[132.49, 484.91], [132.48, 257.5], [132.47, 1642.11], [132.46, 827.16], [132.45, 2192.24], [132.44, 2542.44], [132.43, 1035.91], [132.42, 1541.56], [132.41, 1198.77], [132.4, 1159.44], [132.39, 2867.54], [132.38, 1756.78], [132.37, 1486.27], [132.36, 1122.37], [132.35, 1207.03], [132.34, 838.44], [132.33, 658.23], [132.32, 4195.77], [132.31, 763.33], [132.3, 1047.0]], "asks": [[132.5, 979.9], [132.51, 726.07], [132.52, 1941.57], [132.53, 1861.1], [132.54, 843.55], [132.55, 3209.82], [132.56, 2335.14], [132.57, 549.02], [132.58, 479.62], [132.59, 1370.0], [132.6, 2251.37], [132.61, 993.98], [132.62, 874.62], [132.63, 1354.17], [132.64, 2719.78], [132.65, 1052.15], [132.66, 1534.41], [132.67, 827.04], [132.68, 1029.37], [132.69, 1249.19]], "timestamp": "2025-12-15T09:43:21.387185+00:00"}, {"symbol": "SOLUSDT", "bids": [[132.48, 235.01], [132.47, 781.37], [132.46, 1144.24], [132.45, 1691.57], [132.44, 2170.98], [132.43, 1066.02], [132.42, 1717.25], [132.41, 1494.92], [132.4, 1386.71], [132.39, 1195.62], [132.38, 3997.56], [132.37, 1677.14], [132.36, 1298.79], [132.35, 1521.18], [132.34, 849.69], [132.33, 986.49], [132.32, 3222.34], [132.31, 2446.91], [132.3, 1483.72], [132.29, 1161.66]], "asks": [[132.49, 1207.87], [132.5, 1100.4], [132.51, 670.86], [132.52, 1380.19], [132.53, 1684.24], [132.54, 1026.35], [132.55, 2521.1], [132.56, 3666.54], [132.57, 571.61], [132.58, 724.76], [132.59, 1891.72], [132.6, 1971.54], [132.61, 1071.84], [132.62, 1883.23], [132.63, 1420.11], [132.64, 673.76], [132.65, 1468.08], [132.66, 2717.61], [132.67, 1283.03], [132.68, 1916.19]], "timestamp": "2025-12-15T09:44:14.799921+00:00"}, {"symbol": "SOLUSDT", "bids": [[132.46, 441.3], [132.45, 297.73], [132.44, 922.94], [132.43, 1301.13], [132.42, 2485.57], [132.41, 1403.19], [132.4, 1275.5], [132.39, 1308.19], [132.38, 1523.55], [132.37, 1337.86], [132.36, 4593.35], [132.35, 1282.47], [132.34, 887.34], [132.33, 1157.66], [132.32, 2173.96], [132.31, 4005.12], [132.3, 1035.31], [132.29, 1020.05], [132.28, 810.04], [132.27, 665.57]], "asks": [[132.47, 973.21], [132.48, 948.42], [132.49, 1435.46], [132.5, 1589.2], [132.51, 1731.09], [132.52, 2428.47], [132.53, 1530.27], [132.54, 767.83], [132.55, 1368.62], [132.56, 3596.91], [132.57, 773.16], [132.58, 678.84], [132.59, 1807.68], [132.6, 1846.68], [132.61, 1082.55], [132.62, 1702.22], [132.63, 2537.75], [132.64, 908.46], [132.65, 1383.25], [132.66, 1570.09]], "timestamp": "2025-12-15T09:45:08.389134+00:00"}, {"symbol": "SOLUSDT", "bids": [[132.52, 123.47], [132.51, 467.42], [132.5, 812.56], [132.49, 1469.04], [132.48, 1724.14], [132.47, 2258.07], [132.46, 1533.77], [132.45, 1287.69], [132.44, 1825.49], [132.43, 1450.25], [132.42, 3930.29], [132.41, 2545.39], [132.4, 1046.3], [132.39, 1143.7], [132.38, 1286.06], [132.37, 1002.34], [132.36, 2695.77], [132.35, 1293.85], [132.34, 717.79], [132.33, 1110.25]], "asks": [[132.53, 762.11], [132.54, 1329.36], [132.55, 844.41], [132.56, 1701.97], [132.57, 1773.22], [132.58, 1465.34], [132.59, 1691.89], [132.6, 1794.34], [132.61, 1344.79], [132.62, 2868.43], [132.63, 1356.43], [132.64, 884.87], [132.65, 1914.0], [132.66, 1431.58], [132.67, 1137.82], [132.68, 1470.35], [132.69, 2958.95], [132.7, 1098.29], [132.71, 1154.21], [132.72, 1857.33]], "timestamp": "2025-12-15T09:46:02.628002+00:00"}, {"symbol": "SOLUSDT", "bids": [[132.43, 985.2], [132.42, 955.22], [132.41, 1519.24], [132.4, 1122.82], [132.39, 2149.28], [132.38, 1581.4], [132.37, 802.98], [132.36, 1612.72], [132.35, 3552.52], [132.34, 1148.62], [132.33, 2094.78], [132.32, 3125.25], [132.31, 1358.51], [132.3, 1024.34], [132.29, 1669.35], [132.28, 2576.48], [132.27, 638.47], [132.26, 636.9], [132.25, 951.4], [132.24, 1063.74]], "asks": [[132.44, 154.06], [132.45, 256.46], [132.46, 919.38], [132.47, 1960.05], [132.48, 1337.37], [132.49, 2973.93], [132.5, 3237.81], [132.51, 1085.88], [132.52, 992.33], [132.53, 2477.91], [132.54, 2786.58], [132.55, 756.23], [132.56, 2028.95], [132.57, 625.33], [132.58, 1038.07], [132.59, 2027.65], [132.6, 2163.0], [132.61, 1041.55], [132.62, 1068.97], [132.63, 2520.56]], "timestamp": "2025-12-15T09:46:55.996766+00:00"}, {"symbol": "SOLUSDT", "bids": [[132.46, 1039.13], [132.45, 859.47], [132.44, 1164.45], [132.43, 1196.38], [132.42, 1754.2], [132.41, 2038.63], [132.4, 1257.9], [132.39, 1704.75], [132.38, 3597.06], [132.37, 933.33], [132.36, 2349.19], [132.35, 1437.33], [132.34, 974.9], [132.33, 1459.05], [132.32, 3119.24], [132.31, 1023.97], [132.3, 1458.35], [132.29, 2598.53], [132.28, 678.65], [132.27, 680.17]], "asks": [[132.47, 428.35], [132.48, 711.06], [132.49, 1325.84], [132.5, 1106.43], [132.51, 1724.0], [132.52, 1327.35], [132.53, 2663.05], [132.54, 827.96], [132.55, 897.66], [132.56, 3829.47], [132.57, 750.54], [132.58, 821.26], [132.59, 1753.81], [132.6, 2631.47], [132.61, 918.1], [132.62, 1240.94], [132.63, 1532.18], [132.64, 1261.24], [132.65, 1381.12], [132.66, 2674.04]], "timestamp": "2025-12-15T09:47:49.739385+00:00"}, {"symbol": "SOLUSDT", "bids": [[132.41, 602.67], [132.4, 623.85], [132.39, 940.84], [132.38, 1380.93], [132.37, 1537.26], [132.36, 1755.95], [132.35, 1600.17], [132.34, 1002.94], [132.33, 3722.39], [132.32, 1497.5], [132.31, 843.12], [132.3, 1547.71], [132.29, 2357.05], [132.28, 1037.27], [132.27, 788.3], [132.26, 662.65], [132.25, 779.25], [132.24, 2885.05], [132.23, 2047.11], [132.22, 1030.43]], "asks": [[132.42, 692.7], [132.43, 671.2], [132.44, 836.87], [132.45, 1673.13], [132.46, 1174.68], [132.47, 2665.25], [132.48, 1109.57], [132.49, 1163.54], [132.5, 1982.39], [132.51, 2759.5], [132.52, 1061.66], [132.53, 1831.53], [132.54, 1436.8], [132.55, 782.7], [132.56, 1715.78], [132.57, 720.13], [132.58, 1196.81], [132.59, 1824.26], [132.6, 2764.46], [132.61, 1083.64]], "timestamp": "2025-12-15T09:48:43.397944+00:00"}, {"symbol": "SOLUSDT", "bids": [[132.46, 590.49], [132.45, 541.53], [132.44, 790.51], [132.43, 1292.81], [132.42, 2314.86], [132.41, 2098.36], [132.4, 1101.9], [132.39, 1257.83], [132.38, 1719.92], [132.37, 3058.66], [132.36, 1441.04], [132.35, 2327.95], [132.34, 1063.5], [132.33, 978.41], [132.32, 1397.86], [132.31, 803.45], [132.3, 1092.59], [132.29, 1487.69], [132.28, 2358.54], [132.27, 693.29]], "asks": [[132.47, 528.23], [132.48, 1263.86], [132.49, 1007.49], [132.5, 1866.82], [132.51, 1412.61], [132.52, 1430.26], [132.53, 2826.46], [132.54, 891.21], [132.55, 852.04], [132.56, 3670.7], [132.57, 725.8], [132.58, 866.83], [132.59, 2599.72], [132.6, 3162.14], [132.61, 1008.23], [132.62, 1171.93], [132.63, 1632.01], [132.64, 1588.51], [132.65, 1328.11], [132.66, 1439.17]], "timestamp": "2025-12-15T09:49:38.080476+00:00"}, {"symbol": "SOLUSDT", "bids": [[132.54, 788.22], [132.53, 621.19], [132.52, 870.29], [132.51, 1050.25], [132.5, 2389.68], [132.49, 1148.32], [132.48, 1316.26], [132.47, 1564.4], [132.46, 1336.87], [132.45, 3377.05], [132.44, 2535.76], [132.43, 789.95], [132.42, 1239.67], [132.41, 1976.01], [132.4, 2702.07], [132.39, 1402.17], [132.38, 2626.94], [132.37, 517.95], [132.36, 1052.95], [132.35, 1503.0]], "asks": [[132.55, 683.58], [132.56, 800.49], [132.57, 1100.91], [132.58, 1541.73], [132.59, 1687.4], [132.6, 2913.61], [132.61, 882.82], [132.62, 1230.84], [132.63, 1624.41], [132.64, 938.68], [132.65, 3719.31], [132.66, 1423.89], [132.67, 899.77], [132.68, 1053.05], [132.69, 1635.51], [132.7, 1454.75], [132.71, 854.88], [132.72, 2135.69], [132.73, 762.19], [132.74, 1607.32]], "timestamp": "2025-12-15T09:50:32.966697+00:00"}, {"symbol": "SOLUSDT", "bids": [[132.77, 978.72], [132.76, 442.13], [132.75, 550.81], [132.74, 1055.49], [132.73, 1273.98], [132.72, 1284.9], [132.71, 1607.88], [132.7, 993.4], [132.69, 1295.34], [132.68, 2715.91], [132.67, 3040.77], [132.66, 2561.03], [132.65, 1530.55], [132.64, 1981.46], [132.63, 849.05], [132.62, 1274.02], [132.61, 647.87], [132.6, 702.95], [132.59, 612.31], [132.58, 1226.34]], "asks": [[132.78, 178.36], [132.79, 1280.18], [132.8, 1513.07], [132.81, 1229.9], [132.82, 1194.73], [132.83, 1713.95], [132.84, 1369.26], [132.85, 2134.2], [132.86, 1926.72], [132.87, 3534.41], [132.88, 1123.23], [132.89, 2226.91], [132.9, 5362.56], [132.91, 890.95], [132.92, 1800.38], [132.93, 1334.82], [132.94, 663.15], [132.95, 1379.32], [132.96, 946.51], [132.97, 2293.55]], "timestamp": "2025-12-15T09:51:26.340596+00:00"}, {"symbol": "SOLUSDT", "bids": [[132.6, 335.74], [132.59, 449.58], [132.58, 510.3], [132.57, 731.96], [132.56, 2194.6], [132.55, 1213.42], [132.54, 939.77], [132.53, 1084.58], [132.52, 1518.84], [132.51, 3454.25], [132.5, 2544.05], [132.49, 691.45], [132.48, 1012.11], [132.47, 896.55], [132.46, 746.95], [132.45, 1088.62], [132.44, 805.55], [132.43, 834.2], [132.42, 1017.35], [132.41, 3337.51]], "asks": [[132.61, 1019.11], [132.62, 541.94], [132.63, 1015.03], [132.64, 1647.58], [132.65, 2515.82], [132.66, 1048.99], [132.67, 1685.77], [132.68, 1309.66], [132.69, 1123.34], [132.7, 3435.8], [132.71, 1660.79], [132.72, 715.16], [132.73, 1043.55], [132.74, 1165.36], [132.75, 842.28], [132.76, 1579.89], [132.77, 2073.12], [132.78, 1076.13], [132.79, 939.2], [132.8, 1472.4]], "timestamp": "2025-12-15T09:52:19.994715+00:00"}, {"symbol": "SOLUSDT", "bids": [[132.77, 1158.7], [132.76, 360.4], [132.75, 785.03], [132.74, 1596.75], [132.73, 1709.38], [132.72, 2198.9], [132.71, 1247.99], [132.7, 2128.96], [132.69, 3538.44], [132.68, 968.78], [132.67, 1345.95], [132.66, 1549.23], [132.65, 1788.35], [132.64, 1341.84], [132.63, 1133.79], [132.62, 740.02], [132.61, 1187.28], [132.6, 2883.97], [132.59, 540.88], [132.58, 1159.16]], "asks": [[132.78, 555.9], [132.79, 138.81], [132.8, 537.47], [132.81, 815.85], [132.82, 1330.52], [132.83, 1612.59], [132.84, 1380.76], [132.85, 1090.63], [132.86, 1484.28], [132.87, 1130.89], [132.88, 1025.08], [132.89, 4367.12], [132.9, 5535.3], [132.91, 865.44], [132.92, 1487.4], [132.93, 721.45], [132.94, 1730.77], [132.95, 1329.45], [132.96, 2156.72], [132.97, 891.22]], "timestamp": "2025-12-15T09:53:13.840971+00:00"}, {"symbol": "SOLUSDT", "bids": [[132.58, 727.99], [132.57, 468.62], [132.56, 804.09], [132.55, 1025.52], [132.54, 1566.68], [132.53, 1792.11], [132.52, 1422.51], [132.51, 1741.46], [132.5, 3088.33], [132.49, 745.33], [132.48, 794.2], [132.47, 1243.24], [132.46, 1404.99], [132.45, 4438.17], [132.44, 555.02], [132.43, 804.41], [132.42, 956.69], [132.41, 1090.67], [132.4, 918.29], [132.39, 1391.7]], "asks": [[132.59, 43.58], [132.6, 510.97], [132.61, 985.93], [132.62, 1693.96], [132.63, 880.65], [132.64, 1481.33], [132.65, 1635.11], [132.66, 1344.46], [132.67, 1174.12], [132.68, 1739.51], [132.69, 2451.42], [132.7, 936.38], [132.71, 1766.92], [132.72, 772.15], [132.73, 1470.6], [132.74, 1716.18], [132.75, 1179.59], [132.76, 2295.45], [132.77, 1391.0], [132.78, 1210.94]], "timestamp": "2025-12-15T09:54:07.498122+00:00"}, {"symbol": "SOLUSDT", "bids": [[132.73, 425.01], [132.72, 515.9], [132.71, 1003.16], [132.7, 988.93], [132.69, 1871.93], [132.68, 1576.21], [132.67, 1296.76], [132.66, 1799.59], [132.65, 1544.58], [132.64, 1058.42], [132.63, 3050.63], [132.62, 1015.49], [132.61, 918.3], [132.6, 1774.13], [132.59, 827.61], [132.58, 922.74], [132.57, 1315.48], [132.56, 960.08], [132.55, 1214.33], [132.54, 3037.74]], "asks": [[132.74, 793.16], [132.75, 518.71], [132.76, 1112.54], [132.77, 1167.92], [132.78, 1411.72], [132.79, 1278.52], [132.8, 1447.95], [132.81, 1256.31], [132.82, 910.37], [132.83, 1623.74], [132.84, 1194.04], [132.85, 3187.04], [132.86, 1562.03], [132.87, 1888.01], [132.88, 1467.94], [132.89, 2343.81], [132.9, 5980.32], [132.91, 853.43], [132.92, 723.05], [132.93, 1097.28]], "timestamp": "2025-12-15T09:55:02.077791+00:00"}, {"symbol": "SOLUSDT", "bids": [[132.69, 667.54], [132.68, 794.81], [132.67, 641.49], [132.66, 1232.02], [132.65, 819.38], [132.64, 1188.01], [132.63, 1317.95], [132.62, 974.15], [132.61, 1543.21], [132.6, 4326.14], [132.59, 626.97], [132.58, 878.6], [132.57, 1135.16], [132.56, 949.78], [132.55, 1260.86], [132.54, 3311.09], [132.53, 2380.22], [132.52, 956.02], [132.51, 1794.24], [132.5, 805.47]], "asks": [[132.7, 53.58], [132.71, 295.02], [132.72, 680.03], [132.73, 1098.5], [132.74, 1592.38], [132.75, 1673.99], [132.76, 1292.77], [132.77, 1852.68], [132.78, 1195.21], [132.79, 2878.78], [132.8, 1696.7], [132.81, 783.31], [132.82, 984.9], [132.83, 1386.38], [132.84, 1539.38], [132.85, 1879.16], [132.86, 1456.16], [132.87, 969.2], [132.88, 1143.18], [132.89, 4089.48]], "timestamp": "2025-12-15T09:55:56.247368+00:00"}, {"symbol": "SOLUSDT", "bids": [[132.66, 590.51], [132.65, 193.89], [132.64, 305.86], [132.63, 765.54], [132.62, 938.71], [132.61, 1167.11], [132.6, 1868.21], [132.59, 867.33], [132.58, 1115.84], [132.57, 2030.23], [132.56, 778.68], [132.55, 741.01], [132.54, 3003.01], [132.53, 1279.73], [132.52, 3899.06], [132.51, 1167.16], [132.5, 936.95], [132.49, 612.48], [132.48, 601.82], [132.47, 1021.34]], "asks": [[132.67, 1325.34], [132.68, 610.52], [132.69, 1009.01], [132.7, 1348.83], [132.71, 1631.71], [132.72, 1787.5], [132.73, 2359.88], [132.74, 1432.67], [132.75, 1105.11], [132.76, 1235.72], [132.77, 4405.35], [132.78, 999.49], [132.79, 1120.23], [132.8, 2182.85], [132.81, 834.42], [132.82, 1329.2], [132.83, 1430.1], [132.84, 1284.55], [132.85, 2378.56], [132.86, 2772.77]], "timestamp": "2025-12-15T09:56:50.213254+00:00"}, {"symbol": "SOLUSDT", "bids": [[132.67, 441.16], [132.66, 639.98], [132.65, 645.08], [132.64, 728.87], [132.63, 837.44], [132.62, 1572.67], [132.61, 2088.05], [132.6, 1722.57], [132.59, 1620.87], [132.58, 2185.75], [132.57, 3871.78], [132.56, 1786.5], [132.55, 1040.9], [132.54, 1344.52], [132.53, 1385.28], [132.52, 2381.07], [132.51, 1340.69], [132.5, 1370.34], [132.49, 2231.99], [132.48, 1241.4]], "asks": [[132.68, 655.76], [132.69, 982.74], [132.7, 815.98], [132.71, 985.19], [132.72, 1585.67], [132.73, 1795.12], [132.74, 1842.14], [132.75, 1069.64], [132.76, 1461.87], [132.77, 3854.42], [132.78, 987.52], [132.79, 1530.77], [132.8, 1705.03], [132.81, 1000.82], [132.82, 1937.32], [132.83, 1496.38], [132.84, 1037.12], [132.85, 1368.23], [132.86, 2780.63], [132.87, 1714.14]], "timestamp": "2025-12-15T09:57:43.828112+00:00"}, {"symbol": "SOLUSDT", "bids": [[132.64, 1233.31], [132.63, 324.89], [132.62, 792.37], [132.61, 1484.85], [132.6, 1626.91], [132.59, 2098.31], [132.58, 2036.32], [132.57, 1645.86], [132.56, 1116.01], [132.55, 2871.03], [132.54, 1589.34], [132.53, 1926.08], [132.52, 1041.71], [132.51, 1360.4], [132.5, 1405.63], [132.49, 2582.02], [132.48, 2905.82], [132.47, 943.91], [132.46, 728.56], [132.45, 1249.31]], "asks": [[132.65, 369.92], [132.66, 617.94], [132.67, 670.47], [132.68, 1400.75], [132.69, 1341.39], [132.7, 1580.72], [132.71, 2026.44], [132.72, 1273.05], [132.73, 1517.11], [132.74, 3651.95], [132.75, 1112.27], [132.76, 1138.44], [132.77, 1759.76], [132.78, 1027.87], [132.79, 2054.44], [132.8, 2652.05], [132.81, 970.23], [132.82, 1083.56], [132.83, 2376.66], [132.84, 902.11]], "timestamp": "2025-12-15T09:58:37.836372+00:00"}, {"symbol": "SOLUSDT", "bids": [[132.65, 1526.55], [132.64, 717.3], [132.63, 1209.89], [132.62, 2367.92], [132.61, 1522.17], [132.6, 2448.11], [132.59, 1620.5], [132.58, 1801.43], [132.57, 2194.88], [132.56, 3124.95], [132.55, 844.61], [132.54, 1377.34], [132.53, 1926.11], [132.52, 1161.53], [132.51, 1427.39], [132.5, 1293.74], [132.49, 959.49], [132.48, 2850.38], [132.47, 1226.98], [132.46, 2328.76]], "asks": [[132.66, 254.79], [132.67, 227.65], [132.68, 771.79], [132.69, 868.31], [132.7, 1953.43], [132.71, 2113.65], [132.72, 1377.38], [132.73, 1300.43], [132.74, 1574.39], [132.75, 1670.82], [132.76, 3114.28], [132.77, 1729.69], [132.78, 1086.11], [132.79, 2362.97], [132.8, 2681.02], [132.81, 1069.54], [132.82, 1210.64], [132.83, 2083.64], [132.84, 929.24], [132.85, 1017.06]], "timestamp": "2025-12-15T09:59:31.699082+00:00"}, {"symbol": "SOLUSDT", "bids": [[132.74, 1134.06], [132.73, 1927.16], [132.72, 518.57], [132.71, 697.07], [132.7, 1514.42], [132.69, 1658.45], [132.68, 995.73], [132.67, 1401.74], [132.66, 1864.97], [132.65, 2829.87], [132.64, 962.79], [132.63, 1945.66], [132.62, 1646.05], [132.61, 978.49], [132.6, 1601.69], [132.59, 765.33], [132.58, 887.91], [132.57, 1455.84], [132.56, 2194.59], [132.55, 872.76]], "asks": [[132.75, 255.42], [132.76, 691.54], [132.77, 632.02], [132.78, 1175.42], [132.79, 2062.0], [132.8, 1571.61], [132.81, 1436.1], [132.82, 1547.42], [132.83, 1872.47], [132.84, 3290.84], [132.85, 2041.91], [132.86, 2507.41], [132.87, 1520.16], [132.88, 848.94], [132.89, 2052.13], [132.9, 5973.78], [132.91, 1074.24], [132.92, 1678.96], [132.93, 866.24], [132.94, 906.07]], "timestamp": "2025-12-15T10:00:25.767913+00:00"}, {"symbol": "SOLUSDT", "bids": [[132.68, 753.06], [132.67, 642.6], [132.66, 1442.4], [132.65, 883.28], [132.64, 1698.72], [132.63, 1598.17], [132.62, 1231.45], [132.61, 1476.21], [132.6, 2271.06], [132.59, 3456.98], [132.58, 842.06], [132.57, 2213.44], [132.56, 917.97], [132.55, 987.28], [132.54, 1083.91], [132.53, 896.34], [132.52, 1038.71], [132.51, 1437.24], [132.5, 2533.76], [132.49, 1065.05]], "asks": [[132.69, 40.07], [132.7, 445.02], [132.71, 791.68], [132.72, 973.68], [132.73, 2214.66], [132.74, 1424.03], [132.75, 1134.27], [132.76, 964.74], [132.77, 1327.45], [132.78, 1357.3], [132.79, 3338.2], [132.8, 1492.53], [132.81, 1198.44], [132.82, 1085.32], [132.83, 1262.17], [132.84, 795.9], [132.85, 1410.61], [132.86, 2850.18], [132.87, 3873.01], [132.88, 1286.67]], "timestamp": "2025-12-15T10:01:19.845866+00:00"}, {"symbol": "SOLUSDT", "bids": [[132.61, 342.75], [132.6, 152.64], [132.59, 1261.15], [132.58, 669.09], [132.57, 1577.58], [132.56, 1106.41], [132.55, 1108.34], [132.54, 1723.17], [132.53, 2837.54], [132.52, 1978.5], [132.51, 1255.11], [132.5, 1579.14], [132.49, 891.23], [132.48, 1105.67], [132.47, 797.44], [132.46, 1040.61], [132.45, 1466.35], [132.44, 2245.64], [132.43, 1087.04], [132.42, 2151.53]], "asks": [[132.62, 1544.98], [132.63, 1047.53], [132.64, 1248.59], [132.65, 1454.93], [132.66, 2253.5], [132.67, 3062.99], [132.68, 1449.82], [132.69, 1046.22], [132.7, 1315.61], [132.71, 1714.91], [132.72, 1535.64], [132.73, 3921.81], [132.74, 1524.34], [132.75, 1009.34], [132.76, 1000.87], [132.77, 1282.07], [132.78, 956.66], [132.79, 1295.08], [132.8, 2672.64], [132.81, 2095.93]], "timestamp": "2025-12-15T10:02:13.698363+00:00"}, {"symbol": "SOLUSDT", "bids": [[132.61, 911.46], [132.6, 1175.73], [132.59, 483.31], [132.58, 1034.64], [132.57, 1731.1], [132.56, 1237.99], [132.55, 1058.85], [132.54, 1551.32], [132.53, 1738.56], [132.52, 3514.34], [132.51, 1320.72], [132.5, 1833.05], [132.49, 831.32], [132.48, 1414.82], [132.47, 534.68], [132.46, 1122.65], [132.45, 1090.49], [132.44, 874.63], [132.43, 2600.41], [132.42, 1557.93]], "asks": [[132.62, 506.89], [132.63, 458.7], [132.64, 1174.04], [132.65, 1425.21], [132.66, 1906.35], [132.67, 2009.61], [132.68, 1051.0], [132.69, 1254.22], [132.7, 1183.75], [132.71, 1799.33], [132.72, 1329.57], [132.73, 3764.93], [132.74, 1494.04], [132.75, 1262.51], [132.76, 1003.88], [132.77, 1120.15], [132.78, 1044.6], [132.79, 2906.99], [132.8, 1696.19], [132.81, 1485.06]], "timestamp": "2025-12-15T10:03:07.377292+00:00"}, {"symbol": "SOLUSDT", "bids": [[132.61, 448.12], [132.6, 193.53], [132.59, 615.71], [132.58, 907.35], [132.57, 1814.76], [132.56, 793.11], [132.55, 985.82], [132.54, 1292.66], [132.53, 1023.86], [132.52, 2184.05], [132.51, 2951.6], [132.5, 934.83], [132.49, 833.07], [132.48, 1442.7], [132.47, 1081.67], [132.46, 3024.07], [132.45, 2656.86], [132.44, 651.03], [132.43, 973.82], [132.42, 1494.05]], "asks": [[132.62, 1556.73], [132.63, 1366.16], [132.64, 1215.1], [132.65, 1929.4], [132.66, 1884.64], [132.67, 1805.45], [132.68, 1967.44], [132.69, 1059.16], [132.7, 1676.86], [132.71, 4226.44], [132.72, 879.52], [132.73, 1391.26], [132.74, 1763.52], [132.75, 718.19], [132.76, 1023.64], [132.77, 1193.6], [132.78, 1802.68], [132.79, 2183.85], [132.8, 1614.03], [132.81, 1218.77]], "timestamp": "2025-12-15T10:04:01.117361+00:00"}, {"symbol": "SOLUSDT", "bids": [[132.68, 614.5], [132.67, 383.79], [132.66, 775.51], [132.65, 833.52], [132.64, 1542.3], [132.63, 2413.79], [132.62, 1322.85], [132.61, 1247.15], [132.6, 1470.15], [132.59, 3032.63], [132.58, 2256.34], [132.57, 1117.64], [132.56, 683.48], [132.55, 905.82], [132.54, 1416.92], [132.53, 1082.6], [132.52, 1085.89], [132.51, 1336.87], [132.5, 2478.51], [132.49, 1179.14]], "asks": [[132.69, 350.9], [132.7, 854.62], [132.71, 1662.23], [132.72, 1020.23], [132.73, 2086.3], [132.74, 1862.44], [132.75, 997.83], [132.76, 1584.93], [132.77, 1701.34], [132.78, 1236.13], [132.79, 3451.72], [132.8, 1760.92], [132.81, 1223.0], [132.82, 1497.27], [132.83, 714.97], [132.84, 1909.49], [132.85, 1031.07], [132.86, 1935.99], [132.87, 921.04], [132.88, 709.31]], "timestamp": "2025-12-15T10:04:54.877465+00:00"}, {"symbol": "SOLUSDT", "bids": [[132.61, 431.58], [132.6, 355.84], [132.59, 557.69], [132.58, 1100.87], [132.57, 1344.4], [132.56, 1505.43], [132.55, 1328.43], [132.54, 1469.82], [132.53, 1431.44], [132.52, 3016.6], [132.51, 2752.17], [132.5, 952.74], [132.49, 1479.72], [132.48, 3226.16], [132.47, 676.15], [132.46, 1485.19], [132.45, 1214.73], [132.44, 585.56], [132.43, 1190.64], [132.42, 2275.93]], "asks": [[132.62, 783.69], [132.63, 1056.24], [132.64, 1254.44], [132.65, 1757.38], [132.66, 1885.25], [132.67, 1886.39], [132.68, 1438.44], [132.69, 942.42], [132.7, 1516.98], [132.71, 2229.56], [132.72, 3207.06], [132.73, 1035.75], [132.74, 1728.42], [132.75, 1142.7], [132.76, 951.07], [132.77, 1409.32], [132.78, 1142.77], [132.79, 1556.01], [132.8, 2654.27], [132.81, 992.69]], "timestamp": "2025-12-15T10:05:48.433319+00:00"}, {"symbol": "SOLUSDT", "bids": [[132.51, 89.77], [132.5, 517.71], [132.49, 826.36], [132.48, 1411.23], [132.47, 819.38], [132.46, 1800.46], [132.45, 1355.81], [132.44, 895.63], [132.43, 3379.01], [132.42, 1532.54], [132.41, 1283.89], [132.4, 1174.61], [132.39, 1382.6], [132.38, 794.44], [132.37, 691.58], [132.36, 2087.6], [132.35, 867.59], [132.34, 1169.26], [132.33, 664.29], [132.32, 1001.52]], "asks": [[132.52, 2370.62], [132.53, 2813.4], [132.54, 410.95], [132.55, 1190.54], [132.56, 1375.1], [132.57, 1258.8], [132.58, 1261.84], [132.59, 2268.54], [132.6, 978.21], [132.61, 1173.22], [132.62, 1709.73], [132.63, 2826.78], [132.64, 1171.79], [132.65, 1372.44], [132.66, 1362.62], [132.67, 1124.55], [132.68, 1530.44], [132.69, 1407.6], [132.7, 2129.28], [132.71, 1427.04]], "timestamp": "2025-12-15T10:06:42.091226+00:00"}, {"symbol": "SOLUSDT", "bids": [[132.3, 231.22], [132.29, 106.8], [132.28, 1420.73], [132.27, 771.15], [132.26, 1593.47], [132.25, 852.49], [132.24, 1326.6], [132.23, 1707.8], [132.22, 841.53], [132.21, 1645.19], [132.2, 4191.41], [132.19, 861.41], [132.18, 1144.22], [132.17, 1421.83], [132.16, 906.59], [132.15, 1282.78], [132.14, 2092.72], [132.13, 1188.65], [132.12, 2214.1], [132.11, 546.84]], "asks": [[132.31, 1619.04], [132.32, 1312.56], [132.33, 1405.5], [132.34, 1876.08], [132.35, 2607.67], [132.36, 1574.01], [132.37, 2260.65], [132.38, 1314.74], [132.39, 1049.89], [132.4, 4131.8], [132.41, 807.21], [132.42, 1007.1], [132.43, 1978.45], [132.44, 1477.05], [132.45, 665.61], [132.46, 1675.14], [132.47, 922.16], [132.48, 2402.48], [132.49, 2427.94], [132.5, 1217.01]], "timestamp": "2025-12-15T10:07:36.261496+00:00"}, {"symbol": "SOLUSDT", "bids": [[132.38, 756.06], [132.37, 1428.01], [132.36, 966.46], [132.35, 950.07], [132.34, 1200.74], [132.33, 1106.34], [132.32, 1594.43], [132.31, 824.8], [132.3, 1180.01], [132.29, 3396.73], [132.28, 1230.27], [132.27, 1769.54], [132.26, 1657.21], [132.25, 799.72], [132.24, 1161.59], [132.23, 1294.67], [132.22, 784.61], [132.21, 2431.08], [132.2, 2067.77], [132.19, 1202.36]], "asks": [[132.39, 13.64], [132.4, 572.68], [132.41, 504.08], [132.42, 906.72], [132.43, 3376.1], [132.44, 1394.3], [132.45, 1442.67], [132.46, 2211.85], [132.47, 1188.51], [132.48, 3287.94], [132.49, 1984.6], [132.5, 1951.8], [132.51, 945.59], [132.52, 1716.2], [132.53, 966.33], [132.54, 1222.74], [132.55, 1967.69], [132.56, 2637.57], [132.57, 828.61], [132.58, 782.22]], "timestamp": "2025-12-15T10:08:29.817880+00:00"}, {"symbol": "SOLUSDT", "bids": [[132.4, 513.78], [132.39, 1177.79], [132.38, 1105.71], [132.37, 1145.97], [132.36, 2373.67], [132.35, 4107.91], [132.34, 995.47], [132.33, 1204.76], [132.32, 1799.25], [132.31, 1029.82], [132.3, 4514.32], [132.29, 1504.69], [132.28, 1315.08], [132.27, 678.14], [132.26, 1968.6], [132.25, 2458.14], [132.24, 1190.93], [132.23, 1262.58], [132.22, 669.94], [132.21, 1605.22]], "asks": [[132.41, 811.99], [132.42, 969.91], [132.43, 1139.65], [132.44, 1438.72], [132.45, 1354.6], [132.46, 1609.75], [132.47, 1116.39], [132.48, 1397.87], [132.49, 3781.23], [132.5, 1069.27], [132.51, 987.9], [132.52, 1999.02], [132.53, 2136.33], [132.54, 664.35], [132.55, 1583.23], [132.56, 1506.6], [132.57, 805.08], [132.58, 740.51], [132.59, 679.65], [132.6, 1641.73]], "timestamp": "2025-12-15T10:09:23.476377+00:00"}, {"symbol": "SOLUSDT", "bids": [[132.39, 445.66], [132.38, 1027.73], [132.37, 759.88], [132.36, 981.75], [132.35, 1749.81], [132.34, 1456.1], [132.33, 1752.5], [132.32, 1864.93], [132.31, 1217.49], [132.3, 1534.78], [132.29, 3931.37], [132.28, 2193.21], [132.27, 937.01], [132.26, 1780.92], [132.25, 1303.1], [132.24, 2496.21], [132.23, 1423.56], [132.22, 914.82], [132.21, 1398.43], [132.2, 1856.7]], "asks": [[132.4, 895.17], [132.41, 1024.37], [132.42, 1186.3], [132.43, 1991.3], [132.44, 1678.37], [132.45, 1205.36], [132.46, 1867.96], [132.47, 832.38], [132.48, 1297.02], [132.49, 3849.77], [132.5, 1145.83], [132.51, 790.29], [132.52, 2762.72], [132.53, 1981.03], [132.54, 870.28], [132.55, 1214.79], [132.56, 1698.73], [132.57, 1129.44], [132.58, 1524.65], [132.59, 526.0]], "timestamp": "2025-12-15T10:10:17.441256+00:00"}, {"symbol": "SOLUSDT", "bids": [[132.42, 788.62], [132.41, 666.42], [132.4, 1072.85], [132.39, 1896.49], [132.38, 2000.5], [132.37, 1659.92], [132.36, 2023.98], [132.35, 1449.51], [132.34, 1263.59], [132.33, 1620.47], [132.32, 3585.6], [132.31, 1764.28], [132.3, 5882.67], [132.29, 1506.67], [132.28, 918.23], [132.27, 787.95], [132.26, 1517.89], [132.25, 1155.24], [132.24, 2711.5], [132.23, 1583.64]], "asks": [[132.43, 521.43], [132.44, 863.1], [132.45, 880.19], [132.46, 1219.03], [132.47, 1168.99], [132.48, 1480.65], [132.49, 1824.89], [132.5, 2160.4], [132.51, 654.98], [132.52, 1881.97], [132.53, 1007.44], [132.54, 2687.69], [132.55, 1185.71], [132.56, 1430.26], [132.57, 1108.67], [132.58, 970.28], [132.59, 605.48], [132.6, 1334.73], [132.61, 1200.92], [132.62, 1178.38]], "timestamp": "2025-12-15T10:11:11.099541+00:00"}, {"symbol": "SOLUSDT", "bids": [[132.38, 1030.61], [132.37, 977.22], [132.36, 1220.16], [132.35, 964.18], [132.34, 1788.09], [132.33, 2242.68], [132.32, 1408.06], [132.31, 1957.22], [132.3, 5921.23], [132.29, 1480.42], [132.28, 3775.54], [132.27, 835.87], [132.26, 1772.0], [132.25, 1363.47], [132.24, 2965.42], [132.23, 1712.85], [132.22, 1165.43], [132.21, 840.99], [132.2, 2042.48], [132.19, 656.78]], "asks": [[132.39, 415.46], [132.4, 779.42], [132.41, 1451.9], [132.42, 2511.94], [132.43, 2328.58], [132.44, 1161.68], [132.45, 1195.16], [132.46, 1403.96], [132.47, 1085.59], [132.48, 3342.4], [132.49, 1725.53], [132.5, 1903.54], [132.51, 691.37], [132.52, 1835.88], [132.53, 1286.05], [132.54, 1038.93], [132.55, 1784.84], [132.56, 1514.84], [132.57, 1175.47], [132.58, 1828.65]], "timestamp": "2025-12-15T10:12:04.552347+00:00"}, {"symbol": "SOLUSDT", "bids": [[132.43, 326.04], [132.42, 369.34], [132.41, 663.02], [132.4, 2085.13], [132.39, 1785.36], [132.38, 1360.81], [132.37, 1413.26], [132.36, 1527.82], [132.35, 1006.23], [132.34, 1153.15], [132.33, 4413.92], [132.32, 2156.43], [132.31, 1556.3], [132.3, 4740.34], [132.29, 1396.31], [132.28, 1305.01], [132.27, 840.86], [132.26, 3088.76], [132.25, 744.38], [132.24, 1434.86]], "asks": [[132.44, 877.11], [132.45, 1353.64], [132.46, 1479.06], [132.47, 1214.32], [132.48, 1630.5], [132.49, 1814.27], [132.5, 1861.34], [132.51, 1227.09], [132.52, 1839.9], [132.53, 2932.11], [132.54, 686.22], [132.55, 1227.78], [132.56, 1944.25], [132.57, 1336.61], [132.58, 1152.49], [132.59, 1103.0], [132.6, 2065.53], [132.61, 1439.43], [132.62, 1747.86], [132.63, 713.57]], "timestamp": "2025-12-15T10:12:58.620579+00:00"}, {"symbol": "SOLUSDT", "bids": [[132.44, 86.3], [132.43, 347.21], [132.42, 1335.46], [132.41, 1303.15], [132.4, 1667.85], [132.39, 2528.56], [132.38, 1249.18], [132.37, 1291.72], [132.36, 2189.46], [132.35, 3600.65], [132.34, 2132.97], [132.33, 1722.41], [132.32, 1190.51], [132.31, 1494.05], [132.3, 4853.9], [132.29, 1766.94], [132.28, 794.76], [132.27, 805.21], [132.26, 3317.97], [132.25, 828.39]], "asks": [[132.45, 1013.28], [132.46, 1213.57], [132.47, 1658.7], [132.48, 2150.7], [132.49, 2038.85], [132.5, 2758.08], [132.51, 1356.01], [132.52, 1738.95], [132.53, 1101.5], [132.54, 2789.33], [132.55, 936.63], [132.56, 1535.18], [132.57, 1173.95], [132.58, 1741.91], [132.59, 1863.56], [132.6, 1029.81], [132.61, 1310.71], [132.62, 2937.16], [132.63, 612.45], [132.64, 1099.65]], "timestamp": "2025-12-15T10:13:52.381412+00:00"}, {"symbol": "SOLUSDT", "bids": [[132.42, 371.11], [132.41, 769.78], [132.4, 961.61], [132.39, 2087.48], [132.38, 1309.58], [132.37, 1695.29], [132.36, 1862.48], [132.35, 1270.56], [132.34, 1571.14], [132.33, 4354.82], [132.32, 1256.41], [132.31, 2557.01], [132.3, 4917.81], [132.29, 1515.51], [132.28, 960.14], [132.27, 1159.81], [132.26, 3090.62], [132.25, 900.02], [132.24, 1114.07], [132.23, 1454.97]], "asks": [[132.43, 1411.88], [132.44, 962.1], [132.45, 1382.05], [132.46, 1795.25], [132.47, 2427.47], [132.48, 2331.73], [132.49, 2128.61], [132.5, 2123.47], [132.51, 1373.43], [132.52, 1872.22], [132.53, 3135.75], [132.54, 644.31], [132.55, 984.68], [132.56, 1522.3], [132.57, 1456.52], [132.58, 1820.87], [132.59, 1864.15], [132.6, 893.8], [132.61, 1251.17], [132.62, 2727.03]], "timestamp": "2025-12-15T10:14:45.937719+00:00"}, {"symbol": "SOLUSDT", "bids": [[132.44, 251.98], [132.43, 449.2], [132.42, 1830.3], [132.41, 992.53], [132.4, 1564.4], [132.39, 2230.58], [132.38, 1595.46], [132.37, 1070.71], [132.36, 2012.31], [132.35, 3910.84], [132.34, 1906.85], [132.33, 1744.35], [132.32, 1401.29], [132.31, 2717.58], [132.3, 4823.66], [132.29, 1623.26], [132.28, 1655.23], [132.27, 549.77], [132.26, 1557.03], [132.25, 828.01]], "asks": [[132.45, 1016.29], [132.46, 1068.98], [132.47, 1181.95], [132.48, 1494.19], [132.49, 2361.65], [132.5, 2597.2], [132.51, 910.11], [132.52, 1684.44], [132.53, 804.68], [132.54, 1142.88], [132.55, 3161.39], [132.56, 1383.18], [132.57, 843.97], [132.58, 1981.74], [132.59, 1660.32], [132.6, 1125.8], [132.61, 1066.15], [132.62, 1319.7], [132.63, 741.2], [132.64, 2083.21]], "timestamp": "2025-12-15T10:15:41.029163+00:00"}, {"symbol": "SOLUSDT", "bids": [[132.36, 1616.42], [132.35, 2060.47], [132.34, 786.21], [132.33, 1346.36], [132.32, 1597.8], [132.31, 2155.83], [132.3, 5154.53], [132.29, 2564.36], [132.28, 4475.86], [132.27, 1150.51], [132.26, 2694.45], [132.25, 1170.64], [132.24, 1179.78], [132.23, 1602.83], [132.22, 1156.11], [132.21, 2464.02], [132.2, 2147.71], [132.19, 731.22], [132.18, 1007.85], [132.17, 1250.5]], "asks": [[132.37, 219.9], [132.38, 533.31], [132.39, 716.44], [132.4, 1534.66], [132.41, 2741.8], [132.42, 1550.83], [132.43, 2469.78], [132.44, 894.44], [132.45, 1346.9], [132.46, 1678.98], [132.47, 1202.71], [132.48, 3035.89], [132.49, 1755.08], [132.5, 648.9], [132.51, 1149.78], [132.52, 2377.22], [132.53, 1273.5], [132.54, 869.79], [132.55, 1256.53], [132.56, 2217.47]], "timestamp": "2025-12-15T10:16:34.891939+00:00"}, {"symbol": "SOLUSDT", "bids": [[132.39, 404.22], [132.38, 754.11], [132.37, 785.0], [132.36, 1611.14], [132.35, 4560.99], [132.34, 1729.88], [132.33, 1467.37], [132.32, 1704.97], [132.31, 1529.84], [132.3, 8185.09], [132.29, 2654.71], [132.28, 1050.11], [132.27, 839.66], [132.26, 1713.05], [132.25, 2589.33], [132.24, 1079.39], [132.23, 1612.06], [132.22, 740.81], [132.21, 894.67], [132.2, 2252.92]], "asks": [[132.4, 1978.07], [132.41, 1452.05], [132.42, 1226.46], [132.43, 1721.79], [132.44, 1492.87], [132.45, 1307.88], [132.46, 1794.39], [132.47, 1661.79], [132.48, 1259.23], [132.49, 3585.72], [132.5, 624.86], [132.51, 882.35], [132.52, 2005.93], [132.53, 988.33], [132.54, 937.51], [132.55, 1052.63], [132.56, 1874.68], [132.57, 845.89], [132.58, 1445.73], [132.59, 1371.9]], "timestamp": "2025-12-15T10:17:28.754864+00:00"}, {"symbol": "SOLUSDT", "bids": [[132.35, 144.13], [132.34, 408.07], [132.33, 1577.91], [132.32, 1510.9], [132.31, 1624.65], [132.3, 5195.48], [132.29, 2123.26], [132.28, 861.64], [132.27, 888.51], [132.26, 2882.63], [132.25, 3447.94], [132.24, 999.95], [132.23, 1531.29], [132.22, 1192.2], [132.21, 2370.35], [132.2, 1649.08], [132.19, 812.41], [132.18, 841.71], [132.17, 965.51], [132.16, 889.62]], "asks": [[132.36, 1223.48], [132.37, 1503.5], [132.38, 947.52], [132.39, 1313.66], [132.4, 2388.05], [132.41, 2017.5], [132.42, 2506.64], [132.43, 1681.6], [132.44, 630.15], [132.45, 828.1], [132.46, 3732.08], [132.47, 1051.16], [132.48, 852.24], [132.49, 2134.42], [132.5, 1180.48], [132.51, 917.94], [132.52, 1842.7], [132.53, 1135.8], [132.54, 807.59], [132.55, 1042.65]], "timestamp": "2025-12-15T10:18:22.106090+00:00"}, {"symbol": "SOLUSDT", "bids": [[132.27, 1030.52], [132.26, 718.8], [132.25, 671.45], [132.24, 918.62], [132.23, 1846.56], [132.22, 2020.45], [132.21, 1078.75], [132.2, 2137.48], [132.19, 1035.28], [132.18, 1353.18], [132.17, 3864.2], [132.16, 1941.39], [132.15, 1065.76], [132.14, 1556.38], [132.13, 1135.65], [132.12, 724.11], [132.11, 975.3], [132.1, 2216.76], [132.09, 461.28], [132.08, 774.61]], "asks": [[132.28, 612.07], [132.29, 501.77], [132.3, 1580.93], [132.31, 3088.94], [132.32, 2331.46], [132.33, 2071.75], [132.34, 2092.45], [132.35, 1010.64], [132.36, 1221.03], [132.37, 1889.48], [132.38, 3002.04], [132.39, 983.03], [132.4, 1876.16], [132.41, 894.27], [132.42, 1427.22], [132.43, 1495.19], [132.44, 943.88], [132.45, 1535.76], [132.46, 1678.36], [132.47, 1783.51]], "timestamp": "2025-12-15T10:19:15.661738+00:00"}, {"symbol": "SOLUSDT", "bids": [[132.33, 86.25], [132.32, 445.58], [132.31, 708.8], [132.3, 1154.9], [132.29, 3600.61], [132.28, 2922.47], [132.27, 1973.56], [132.26, 1865.57], [132.25, 1048.67], [132.24, 1216.16], [132.23, 2647.81], [132.22, 2999.24], [132.21, 1037.49], [132.2, 2123.98], [132.19, 1009.15], [132.18, 1044.65], [132.17, 1859.33], [132.16, 2444.62], [132.15, 802.2], [132.14, 1644.93]], "asks": [[132.34, 2372.82], [132.35, 1198.68], [132.36, 1111.07], [132.37, 2705.0], [132.38, 1099.29], [132.39, 894.52], [132.4, 2134.82], [132.41, 806.02], [132.42, 1615.66], [132.43, 3560.21], [132.44, 595.37], [132.45, 984.69], [132.46, 2091.12], [132.47, 1544.49], [132.48, 1394.2], [132.49, 1694.9], [132.5, 741.56], [132.51, 1595.92], [132.52, 1574.04], [132.53, 835.1]], "timestamp": "2025-12-15T10:20:09.319702+00:00"}, {"symbol": "SOLUSDT", "bids": [[132.39, 981.43], [132.38, 589.06], [132.37, 1458.92], [132.36, 1641.14], [132.35, 2543.29], [132.34, 1981.94], [132.33, 1541.52], [132.32, 2264.12], [132.31, 2494.41], [132.3, 2801.43], [132.29, 4408.59], [132.28, 1907.62], [132.27, 1825.31], [132.26, 1726.71], [132.25, 1291.56], [132.24, 2417.59], [132.23, 1215.42], [132.22, 878.86], [132.21, 1300.4], [132.2, 2214.58]], "asks": [[132.4, 59.54], [132.41, 423.92], [132.42, 751.3], [132.43, 1637.8], [132.44, 1647.48], [132.45, 1309.13], [132.46, 1973.09], [132.47, 1564.9], [132.48, 3132.73], [132.49, 1717.59], [132.5, 740.65], [132.51, 868.05], [132.52, 1900.12], [132.53, 1247.89], [132.54, 1174.77], [132.55, 1084.91], [132.56, 2230.72], [132.57, 1037.07], [132.58, 1327.21], [132.59, 3286.09]], "timestamp": "2025-12-15T10:21:02.671107+00:00"}, {"symbol": "SOLUSDT", "bids": [[132.38, 381.92], [132.37, 599.74], [132.36, 1235.57], [132.35, 1822.32], [132.34, 2207.24], [132.33, 2024.55], [132.32, 1919.25], [132.31, 1238.01], [132.3, 985.83], [132.29, 2025.95], [132.28, 4354.14], [132.27, 1755.78], [132.26, 1627.27], [132.25, 1111.92], [132.24, 2566.83], [132.23, 1316.67], [132.22, 1149.55], [132.21, 1380.64], [132.2, 2122.41], [132.19, 832.18]], "asks": [[132.39, 538.13], [132.4, 666.91], [132.41, 1264.72], [132.42, 1554.3], [132.43, 2285.8], [132.44, 794.1], [132.45, 1055.38], [132.46, 2218.21], [132.47, 1561.04], [132.48, 2791.18], [132.49, 1805.76], [132.5, 740.51], [132.51, 1003.57], [132.52, 2646.37], [132.53, 696.03], [132.54, 719.31], [132.55, 1109.94], [132.56, 1426.69], [132.57, 1535.09], [132.58, 844.03]], "timestamp": "2025-12-15T10:21:56.124351+00:00"}, {"symbol": "SOLUSDT", "bids": [[132.43, 2319.06], [132.42, 1256.08], [132.41, 1308.61], [132.4, 2298.31], [132.39, 2407.06], [132.38, 2679.53], [132.37, 1555.53], [132.36, 1470.55], [132.35, 2234.79], [132.34, 3856.15], [132.33, 1274.77], [132.32, 1614.22], [132.31, 1982.46], [132.3, 753.96], [132.29, 1623.54], [132.28, 2919.04], [132.27, 1525.25], [132.26, 1379.91], [132.25, 826.72], [132.24, 1071.4]], "asks": [[132.44, 177.42], [132.45, 303.28], [132.46, 1151.25], [132.47, 1054.9], [132.48, 2226.54], [132.49, 2555.25], [132.5, 929.15], [132.51, 1098.74], [132.52, 1921.15], [132.53, 783.9], [132.54, 2758.0], [132.55, 904.32], [132.56, 1541.73], [132.57, 1147.96], [132.58, 1408.37], [132.59, 628.84], [132.6, 972.17], [132.61, 1166.25], [132.62, 980.94], [132.63, 2271.91]], "timestamp": "2025-12-15T10:22:49.988433+00:00"}, {"symbol": "SOLUSDT", "bids": [[132.35, 1276.97], [132.34, 1575.51], [132.33, 1161.86], [132.32, 1286.88], [132.31, 1384.14], [132.3, 1499.45], [132.29, 1798.29], [132.28, 1796.06], [132.27, 4775.49], [132.26, 1803.69], [132.25, 1949.54], [132.24, 1308.74], [132.23, 1434.08], [132.22, 756.65], [132.21, 1009.14], [132.2, 2510.84], [132.19, 760.75], [132.18, 1006.15], [132.17, 1753.81], [132.16, 2223.63]], "asks": [[132.36, 87.07], [132.37, 338.26], [132.38, 689.31], [132.39, 1393.25], [132.4, 1708.0], [132.41, 1744.95], [132.42, 2727.89], [132.43, 2138.0], [132.44, 797.51], [132.45, 1229.29], [132.46, 3730.96], [132.47, 843.74], [132.48, 1197.56], [132.49, 2761.11], [132.5, 2656.16], [132.51, 843.91], [132.52, 2406.01], [132.53, 1004.61], [132.54, 870.77], [132.55, 838.62]], "timestamp": "2025-12-15T10:23:43.985543+00:00"}, {"symbol": "SOLUSDT", "bids": [[132.41, 1545.65], [132.4, 1121.85], [132.39, 938.6], [132.38, 1350.16], [132.37, 2426.78], [132.36, 1653.02], [132.35, 1920.49], [132.34, 1792.42], [132.33, 1215.26], [132.32, 3898.93], [132.31, 2141.49], [132.3, 847.07], [132.29, 1523.25], [132.28, 1085.6], [132.27, 1547.94], [132.26, 1511.29], [132.25, 914.82], [132.24, 1500.59], [132.23, 2929.14], [132.22, 726.92]], "asks": [[132.42, 167.28], [132.43, 116.26], [132.44, 442.73], [132.45, 1192.69], [132.46, 2057.55], [132.47, 1635.18], [132.48, 1630.94], [132.49, 2119.12], [132.5, 2740.73], [132.51, 1061.89], [132.52, 3617.38], [132.53, 879.88], [132.54, 813.27], [132.55, 1609.54], [132.56, 1562.06], [132.57, 1223.96], [132.58, 2049.19], [132.59, 1048.17], [132.6, 785.21], [132.61, 845.06]], "timestamp": "2025-12-15T10:24:37.816673+00:00"}, {"symbol": "SOLUSDT", "bids": [[132.43, 2889.26], [132.42, 1218.58], [132.41, 1556.88], [132.4, 2027.14], [132.39, 2715.45], [132.38, 2527.05], [132.37, 1723.34], [132.36, 1588.55], [132.35, 1860.38], [132.34, 3153.83], [132.33, 1232.93], [132.32, 2689.68], [132.31, 965.65], [132.3, 790.04], [132.29, 1649.75], [132.28, 1179.42], [132.27, 3214.42], [132.26, 1435.15], [132.25, 858.92], [132.24, 1287.6]], "asks": [[132.44, 222.7], [132.45, 165.63], [132.46, 732.04], [132.47, 1149.27], [132.48, 1350.09], [132.49, 1806.13], [132.5, 1712.77], [132.51, 759.14], [132.52, 1641.48], [132.53, 1022.24], [132.54, 1139.74], [132.55, 3136.88], [132.56, 1993.29], [132.57, 1406.34], [132.58, 905.11], [132.59, 1016.3], [132.6, 1109.72], [132.61, 1240.34], [132.62, 2649.57], [132.63, 693.65]], "timestamp": "2025-12-15T10:25:31.783245+00:00"}, {"symbol": "SOLUSDT", "bids": [[132.41, 20.4], [132.4, 173.37], [132.39, 506.15], [132.38, 1379.39], [132.37, 1444.81], [132.36, 1807.09], [132.35, 2403.51], [132.34, 1040.76], [132.33, 1637.16], [132.32, 3645.75], [132.31, 1363.72], [132.3, 1979.87], [132.29, 1577.96], [132.28, 798.92], [132.27, 1706.64], [132.26, 1403.2], [132.25, 758.24], [132.24, 1357.98], [132.23, 3053.42], [132.22, 706.07]], "asks": [[132.42, 1899.0], [132.43, 1271.18], [132.44, 1401.08], [132.45, 1875.52], [132.46, 1913.76], [132.47, 1234.41], [132.48, 1177.02], [132.49, 2198.93], [132.5, 2982.02], [132.51, 976.86], [132.52, 1444.04], [132.53, 1677.36], [132.54, 3218.4], [132.55, 1388.02], [132.56, 1451.47], [132.57, 1301.32], [132.58, 1239.25], [132.59, 1405.84], [132.6, 1982.53], [132.61, 1317.17]], "timestamp": "2025-12-15T10:26:24.928165+00:00"}