[{"id": "1012459704", "price": 127.57, "amount": 1.0, "side": "sell", "timestamp": 1765842119748}, {"id": "1012459705", "price": 127.57, "amount": 1.56, "side": "sell", "timestamp": 1765842119986}, {"id": "1012459706", "price": 127.57, "amount": 5.0, "side": "sell", "timestamp": 1765842120703}, {"id": "1012459707", "price": 127.58, "amount": 4.07, "side": "buy", "timestamp": 1765842121045}, {"id": "1012459708", "price": 127.57, "amount": 11.0, "side": "sell", "timestamp": 1765842121222}, {"id": "1012459709", "price": 127.58, "amount": 17.04, "side": "buy", "timestamp": 1765842121929}, {"id": "1012459710", "price": 127.58, "amount": 167.0, "side": "buy", "timestamp": 1765842122112}, {"id": "1012459711", "price": 127.59, "amount": 96.24, "side": "buy", "timestamp": 1765842122129}, {"id": "1012459712", "price": 127.6, "amount": 67.67, "side": "buy", "timestamp": 1765842122213}, {"id": "1012459713", "price": 127.61, "amount": 2.25, "side": "buy", "timestamp": 1765842122223}, {"id": "1012459714", "price": 127.6, "amount": 0.68, "side": "sell", "timestamp": 1765842122535}, {"id": "1012459715", "price": 127.6, "amount": 7.81, "side": "sell", "timestamp": 1765842122689}, {"id": "1012459716", "price": 127.61, "amount": 0.12, "side": "buy", "timestamp": 1765842122906}, {"id": "1012459717", "price": 127.61, "amount": 11.54, "side": "buy", "timestamp": 1765842123166}, {"id": "1012459718", "price": 127.6, "amount": 0.08, "side": "sell", "timestamp": 1765842123221}, {"id": "1012459719", "price": 127.61, "amount": 0.04, "side": "buy", "timestamp": 1765842123566}, {"id": "1012459720", "price": 127.61, "amount": 0.84, "side": "buy", "timestamp": 1765842123691}, {"id": "1012459721", "price": 127.61, "amount": 11.44, "side": "buy", "timestamp": 1765842124120}, {"id": "1012459722", "price": 127.61, "amount": 0.76, "side": "buy", "timestamp": 1765842124467}, {"id": "1012459723", "price": 127.6, "amount": 0.13, "side": "sell", "timestamp": 1765842124468}, {"id": "1012459724", "price": 127.61, "amount": 3.06, "side": "buy", "timestamp": 1765842124535}, {"id": "1012459725", "price": 127.61, "amount": 0.18, "side": "buy", "timestamp": 1765842124803}, {"id": "1012459726", "price": 127.61, "amount": 0.08, "side": "buy", "timestamp": 1765842125026}, {"id": "1012459727", "price": 127.61, "amount": 11.87, "side": "buy", "timestamp": 1765842125134}, {"id": "1012459728", "price": 127.61, "amount": 0.1, "side": "buy", "timestamp": 1765842125423}, {"id": "1012459729", "price": 127.6, "amount": 0.5, "side": "sell", "timestamp": 1765842125585}, {"id": "1012459730", "price": 127.61, "amount": 1.52, "side": "buy", "timestamp": 1765842125616}, {"id": "1012459731", "price": 127.6, "amount": 2.59, "side": "sell", "timestamp": 1765842125645}, {"id": "1012459732", "price": 127.61, "amount": 0.06, "side": "buy", "timestamp": 1765842125713}, {"id": "1012459733", "price": 127.61, "amount": 11.24, "side": "buy", "timestamp": 1765842126291}, {"id": "1012459734", "price": 127.61, "amount": 16.4, "side": "buy", "timestamp": 1765842126594}, {"id": "1012459735", "price": 127.61, "amount": 15.98, "side": "buy", "timestamp": 1765842127320}, {"id": "1012459736", "price": 127.6, "amount": 0.79, "side": "sell", "timestamp": 1765842127390}, {"id": "1012459737", "price": 127.61, "amount": 14.02, "side": "buy", "timestamp": 1765842127624}, {"id": "1012459738", "price": 127.61, "amount": 16.41, "side": "buy", "timestamp": 1765842127875}, {"id": "1012459739", "price": 127.6, "amount": 0.61, "side": "sell", "timestamp": 1765842127894}, {"id": "1012459740", "price": 127.61, "amount": 0.04, "side": "buy", "timestamp": 1765842128949}, {"id": "1012459741", "price": 127.61, "amount": 0.45, "side": "buy", "timestamp": 1765842129723}, {"id": "1012459742", "price": 127.6, "amount": 0.82, "side": "sell", "timestamp": 1765842129820}, {"id": "1012459743", "price": 127.61, "amount": 0.04, "side": "buy", "timestamp": 1765842129846}, {"id": "1012459744", "price": 127.6, "amount": 0.12, "side": "sell", "timestamp": 1765842129852}, {"id": "1012459745", "price": 127.61, "amount": 0.27, "side": "buy", "timestamp": 1765842129940}, {"id": "1012459746", "price": 127.6, "amount": 2.07, "side": "sell", "timestamp": 1765842129991}, {"id": "1012459747", "price": 127.61, "amount": 0.06, "side": "buy", "timestamp": 1765842130019}, {"id": "1012459748", "price": 127.6, "amount": 2.47, "side": "sell", "timestamp": 1765842130098}, {"id": "1012459749", "price": 127.6, "amount": 2.88, "side": "sell", "timestamp": 1765842130333}, {"id": "1012459750", "price": 127.6, "amount": 6.13, "side": "sell", "timestamp": 1765842130523}, {"id": "1012459751", "price": 127.61, "amount": 22.54, "side": "buy", "timestamp": 1765842130524}, {"id": "1012459752", "price": 127.61, "amount": 0.25, "side": "buy", "timestamp": 1765842130661}, {"id": "1012459753", "price": 127.6, "amount": 430.9, "side": "sell", "timestamp": 1765842130688}, {"id": "1012459938", "price": 127.51, "amount": 8.79, "side": "sell", "timestamp": 1765842176526}, {"id": "1012459939", "price": 127.51, "amount": 6.83, "side": "sell", "timestamp": 1765842176798}, {"id": "1012459940", "price": 127.51, "amount": 109.25, "side": "sell", "timestamp": 1765842176926}, {"id": "1012459941", "price": 127.5, "amount": 1.59, "side": "sell", "timestamp": 1765842177075}, {"id": "1012459942", "price": 127.51, "amount": 3.92, "side": "buy", "timestamp": 1765842177110}, {"id": "1012459943", "price": 127.5, "amount": 0.79, "side": "sell", "timestamp": 1765842177453}, {"id": "1012459944", "price": 127.5, "amount": 6.77, "side": "sell", "timestamp": 1765842177748}, {"id": "1012459945", "price": 127.5, "amount": 17.41, "side": "sell", "timestamp": 1765842177903}, {"id": "1012459946", "price": 127.51, "amount": 20.97, "side": "buy", "timestamp": 1765842178643}, {"id": "1012459947", "price": 127.5, "amount": 87.9, "side": "sell", "timestamp": 1765842178964}, {"id": "1012459948", "price": 127.5, "amount": 6.27, "side": "sell", "timestamp": 1765842179220}, {"id": "1012459949", "price": 127.51, "amount": 0.04, "side": "buy", "timestamp": 1765842179312}, {"id": "1012459950", "price": 127.51, "amount": 2.32, "side": "buy", "timestamp": 1765842179442}, {"id": "1012459951", "price": 127.5, "amount": 0.04, "side": "sell", "timestamp": 1765842179508}, {"id": "1012459952", "price": 127.51, "amount": 1.29, "side": "buy", "timestamp": 1765842180481}, {"id": "1012459953", "price": 127.51, "amount": 1.27, "side": "buy", "timestamp": 1765842180662}, {"id": "1012459954", "price": 127.51, "amount": 14.4, "side": "buy", "timestamp": 1765842180975}, {"id": "1012459955", "price": 127.5, "amount": 0.5, "side": "sell", "timestamp": 1765842181114}, {"id": "1012459956", "price": 127.51, "amount": 0.08, "side": "buy", "timestamp": 1765842181137}, {"id": "1012459957", "price": 127.5, "amount": 12.02, "side": "sell", "timestamp": 1765842181182}, {"id": "1012459958", "price": 127.51, "amount": 0.1, "side": "buy", "timestamp": 1765842181399}, {"id": "1012459959", "price": 127.51, "amount": 4.02, "side": "buy", "timestamp": 1765842181566}, {"id": "1012459960", "price": 127.5, "amount": 5.06, "side": "sell", "timestamp": 1765842181739}, {"id": "1012459961", "price": 127.51, "amount": 13.17, "side": "buy", "timestamp": 1765842181963}, {"id": "1012459962", "price": 127.51, "amount": 2.35, "side": "buy", "timestamp": 1765842182126}, {"id": "1012459963", "price": 127.5, "amount": 393.96, "side": "sell", "timestamp": 1765842182327}, {"id": "1012459964", "price": 127.49, "amount": 14.87, "side": "sell", "timestamp": 1765842182380}, {"id": "1012459965", "price": 127.49, "amount": 70.0, "side": "buy", "timestamp": 1765842182731}, {"id": "1012459966", "price": 127.49, "amount": 5.13, "side": "buy", "timestamp": 1765842182993}, {"id": "1012459967", "price": 127.49, "amount": 863.4, "side": "buy", "timestamp": 1765842183303}, {"id": "1012459968", "price": 127.5, "amount": 160.16, "side": "buy", "timestamp": 1765842183309}, {"id": "1012459969", "price": 127.51, "amount": 68.97, "side": "buy", "timestamp": 1765842183461}, {"id": "1012459970", "price": 127.52, "amount": 6.0, "side": "buy", "timestamp": 1765842183502}, {"id": "1012459971", "price": 127.51, "amount": 0.18, "side": "sell", "timestamp": 1765842183528}, {"id": "1012459972", "price": 127.51, "amount": 6.57, "side": "sell", "timestamp": 1765842183820}, {"id": "1012459973", "price": 127.51, "amount": 24.74, "side": "sell", "timestamp": 1765842183952}, {"id": "1012459974", "price": 127.52, "amount": 0.27, "side": "buy", "timestamp": 1765842184189}, {"id": "1012459975", "price": 127.52, "amount": 0.39, "side": "buy", "timestamp": 1765842184296}, {"id": "1012459976", "price": 127.52, "amount": 24.46, "side": "buy", "timestamp": 1765842184421}, {"id": "1012459977", "price": 127.53, "amount": 0.13, "side": "buy", "timestamp": 1765842184430}, {"id": "1012459978", "price": 127.52, "amount": 0.16, "side": "sell", "timestamp": 1765842184430}, {"id": "1012459979", "price": 127.53, "amount": 0.07, "side": "buy", "timestamp": 1765842184611}, {"id": "1012459980", "price": 127.53, "amount": 0.06, "side": "buy", "timestamp": 1765842184740}, {"id": "1012459981", "price": 127.53, "amount": 0.26, "side": "buy", "timestamp": 1765842184856}, {"id": "1012459982", "price": 127.52, "amount": 127.18, "side": "sell", "timestamp": 1765842185024}, {"id": "1012459983", "price": 127.53, "amount": 0.7, "side": "buy", "timestamp": 1765842185142}, {"id": "1012459984", "price": 127.53, "amount": 15.68, "side": "buy", "timestamp": 1765842185403}, {"id": "1012459985", "price": 127.53, "amount": 0.09, "side": "buy", "timestamp": 1765842185718}, {"id": "1012459986", "price": 127.53, "amount": 0.63, "side": "buy", "timestamp": 1765842185851}, {"id": "1012459987", "price": 127.53, "amount": 1.0, "side": "buy", "timestamp": 1765842185993}, {"id": "1012460127", "price": 127.59, "amount": 97.37, "side": "sell", "timestamp": 1765842221787}, {"id": "1012460128", "price": 127.6, "amount": 4.63, "side": "buy", "timestamp": 1765842222022}, {"id": "1012460129", "price": 127.6, "amount": 1.08, "side": "buy", "timestamp": 1765842222306}, {"id": "1012460130", "price": 127.6, "amount": 0.82, "side": "buy", "timestamp": 1765842222523}, {"id": "1012460131", "price": 127.59, "amount": 69.7, "side": "sell", "timestamp": 1765842222528}, {"id": "1012460132", "price": 127.59, "amount": 1.08, "side": "sell", "timestamp": 1765842223335}, {"id": "1012460133", "price": 127.6, "amount": 0.16, "side": "buy", "timestamp": 1765842223867}, {"id": "1012460134", "price": 127.6, "amount": 0.04, "side": "buy", "timestamp": 1765842223972}, {"id": "1012460135", "price": 127.6, "amount": 2.49, "side": "buy", "timestamp": 1765842225161}, {"id": "1012460136", "price": 127.59, "amount": 0.37, "side": "sell", "timestamp": 1765842225189}, {"id": "1012460137", "price": 127.59, "amount": 16.78, "side": "sell", "timestamp": 1765842225990}, {"id": "1012460138", "price": 127.6, "amount": 1.41, "side": "buy", "timestamp": 1765842226628}, {"id": "1012460139", "price": 127.6, "amount": 1.06, "side": "buy", "timestamp": 1765842226769}, {"id": "1012460140", "price": 127.59, "amount": 0.09, "side": "sell", "timestamp": 1765842227632}, {"id": "1012460141", "price": 127.6, "amount": 11.19, "side": "buy", "timestamp": 1765842227895}, {"id": "1012460142", "price": 127.59, "amount": 40.4, "side": "sell", "timestamp": 1765842228818}, {"id": "1012460143", "price": 127.6, "amount": 3.0, "side": "buy", "timestamp": 1765842229108}, {"id": "1012460144", "price": 127.59, "amount": 0.12, "side": "sell", "timestamp": 1765842229161}, {"id": "1012460145", "price": 127.6, "amount": 5.33, "side": "buy", "timestamp": 1765842229164}, {"id": "1012460146", "price": 127.59, "amount": 8.56, "side": "sell", "timestamp": 1765842229201}, {"id": "1012460147", "price": 127.6, "amount": 6.82, "side": "buy", "timestamp": 1765842229204}, {"id": "1012460148", "price": 127.6, "amount": 1.05, "side": "buy", "timestamp": 1765842229640}, {"id": "1012460149", "price": 127.6, "amount": 18.48, "side": "buy", "timestamp": 1765842229790}, {"id": "1012460150", "price": 127.59, "amount": 0.35, "side": "sell", "timestamp": 1765842230079}, {"id": "1012460151", "price": 127.6, "amount": 3.46, "side": "buy", "timestamp": 1765842231351}, {"id": "1012460152", "price": 127.6, "amount": 6.0, "side": "buy", "timestamp": 1765842231582}, {"id": "1012460153", "price": 127.6, "amount": 0.92, "side": "buy", "timestamp": 1765842231733}, {"id": "1012460154", "price": 127.6, "amount": 7.83, "side": "buy", "timestamp": 1765842231844}, {"id": "1012460155", "price": 127.59, "amount": 0.35, "side": "sell", "timestamp": 1765842232207}, {"id": "1012460156", "price": 127.59, "amount": 1.63, "side": "sell", "timestamp": 1765842232416}, {"id": "1012460157", "price": 127.6, "amount": 2.88, "side": "buy", "timestamp": 1765842232967}, {"id": "1012460158", "price": 127.6, "amount": 24.43, "side": "buy", "timestamp": 1765842233443}, {"id": "1012460159", "price": 127.6, "amount": 1.5, "side": "buy", "timestamp": 1765842233840}, {"id": "1012460160", "price": 127.59, "amount": 0.33, "side": "sell", "timestamp": 1765842234125}, {"id": "1012460161", "price": 127.6, "amount": 7.59, "side": "buy", "timestamp": 1765842234140}, {"id": "1012460162", "price": 127.6, "amount": 258.67, "side": "buy", "timestamp": 1765842234783}, {"id": "1012460163", "price": 127.6, "amount": 1.0, "side": "sell", "timestamp": 1765842235470}, {"id": "1012460164", "price": 127.6, "amount": 205.99, "side": "sell", "timestamp": 1765842235584}, {"id": "1012460165", "price": 127.6, "amount": 0.24, "side": "sell", "timestamp": 1765842236174}, {"id": "1012460166", "price": 127.61, "amount": 0.22, "side": "buy", "timestamp": 1765842236567}, {"id": "1012460167", "price": 127.6, "amount": 0.06, "side": "sell", "timestamp": 1765842236654}, {"id": "1012460168", "price": 127.61, "amount": 3.15, "side": "buy", "timestamp": 1765842237291}, {"id": "1012460169", "price": 127.6, "amount": 2.2, "side": "sell", "timestamp": 1765842237373}, {"id": "1012460170", "price": 127.61, "amount": 17.5, "side": "buy", "timestamp": 1765842237680}, {"id": "1012460171", "price": 127.6, "amount": 1.03, "side": "sell", "timestamp": 1765842238038}, {"id": "1012460172", "price": 127.61, "amount": 8.22, "side": "buy", "timestamp": 1765842238080}, {"id": "1012460173", "price": 127.6, "amount": 0.05, "side": "sell", "timestamp": 1765842240118}, {"id": "1012460174", "price": 127.6, "amount": 126.43, "side": "sell", "timestamp": 1765842240648}, {"id": "1012460175", "price": 127.59, "amount": 286.38, "side": "sell", "timestamp": 1765842240648}, {"id": "1012460176", "price": 127.6, "amount": 0.42, "side": "buy", "timestamp": 1765842240748}, {"id": "1012460372", "price": 127.6, "amount": 8.83, "side": "buy", "timestamp": 1765842282672}, {"id": "1012460373", "price": 127.59, "amount": 323.67, "side": "sell", "timestamp": 1765842283364}, {"id": "1012460374", "price": 127.6, "amount": 8.77, "side": "buy", "timestamp": 1765842283590}, {"id": "1012460375", "price": 127.59, "amount": 20.13, "side": "sell", "timestamp": 1765842283750}, {"id": "1012460376", "price": 127.59, "amount": 143.87, "side": "sell", "timestamp": 1765842283886}, {"id": "1012460377", "price": 127.6, "amount": 4.4, "side": "buy", "timestamp": 1765842284193}, {"id": "1012460378", "price": 127.6, "amount": 12.01, "side": "buy", "timestamp": 1765842284622}, {"id": "1012460379", "price": 127.59, "amount": 1.04, "side": "sell", "timestamp": 1765842284651}, {"id": "1012460380", "price": 127.6, "amount": 0.06, "side": "buy", "timestamp": 1765842284776}, {"id": "1012460381", "price": 127.59, "amount": 3.0, "side": "sell", "timestamp": 1765842285092}, {"id": "1012460382", "price": 127.6, "amount": 8.66, "side": "buy", "timestamp": 1765842285688}, {"id": "1012460383", "price": 127.6, "amount": 2.0, "side": "buy", "timestamp": 1765842285816}, {"id": "1012460384", "price": 127.6, "amount": 0.19, "side": "buy", "timestamp": 1765842286148}, {"id": "1012460385", "price": 127.59, "amount": 37.61, "side": "sell", "timestamp": 1765842286357}, {"id": "1012460386", "price": 127.6, "amount": 0.05, "side": "buy", "timestamp": 1765842286425}, {"id": "1012460387", "price": 127.59, "amount": 50.0, "side": "sell", "timestamp": 1765842286757}, {"id": "1012460388", "price": 127.59, "amount": 7.46, "side": "sell", "timestamp": 1765842287399}, {"id": "1012460389", "price": 127.59, "amount": 0.04, "side": "sell", "timestamp": 1765842287870}, {"id": "1012460390", "price": 127.6, "amount": 2.56, "side": "buy", "timestamp": 1765842288145}, {"id": "1012460391", "price": 127.6, "amount": 1.68, "side": "buy", "timestamp": 1765842288258}, {"id": "1012460392", "price": 127.59, "amount": 8.48, "side": "sell", "timestamp": 1765842288293}, {"id": "1012460393", "price": 127.6, "amount": 0.05, "side": "buy", "timestamp": 1765842288428}, {"id": "1012460394", "price": 127.59, "amount": 3.88, "side": "sell", "timestamp": 1765842289209}, {"id": "1012460395", "price": 127.59, "amount": 0.06, "side": "sell", "timestamp": 1765842289527}, {"id": "1012460396", "price": 127.6, "amount": 3.75, "side": "buy", "timestamp": 1765842289822}, {"id": "1012460397", "price": 127.6, "amount": 0.15, "side": "buy", "timestamp": 1765842289954}, {"id": "1012460398", "price": 127.6, "amount": 13.89, "side": "buy", "timestamp": 1765842290256}, {"id": "1012460399", "price": 127.59, "amount": 2.0, "side": "sell", "timestamp": 1765842290423}, {"id": "1012460400", "price": 127.6, "amount": 0.05, "side": "buy", "timestamp": 1765842290428}, {"id": "1012460401", "price": 127.59, "amount": 4.9, "side": "sell", "timestamp": 1765842290746}, {"id": "1012460402", "price": 127.6, "amount": 1.18, "side": "buy", "timestamp": 1765842291350}, {"id": "1012460403", "price": 127.59, "amount": 0.04, "side": "sell", "timestamp": 1765842291734}, {"id": "1012460404", "price": 127.6, "amount": 0.56, "side": "buy", "timestamp": 1765842291894}, {"id": "1012460405", "price": 127.6, "amount": 11.08, "side": "buy", "timestamp": 1765842292068}, {"id": "1012460406", "price": 127.59, "amount": 0.18, "side": "sell", "timestamp": 1765842292402}, {"id": "1012460407", "price": 127.6, "amount": 0.05, "side": "buy", "timestamp": 1765842292427}, {"id": "1012460408", "price": 127.59, "amount": 1.2, "side": "sell", "timestamp": 1765842292498}, {"id": "1012460409", "price": 127.6, "amount": 98.44, "side": "buy", "timestamp": 1765842292568}, {"id": "1012460410", "price": 127.61, "amount": 284.67, "side": "buy", "timestamp": 1765842292803}, {"id": "1012460411", "price": 127.61, "amount": 4.0, "side": "sell", "timestamp": 1765842292855}, {"id": "1012460412", "price": 127.62, "amount": 130.66, "side": "buy", "timestamp": 1765842292858}, {"id": "1012460413", "price": 127.63, "amount": 5.0, "side": "buy", "timestamp": 1765842293647}, {"id": "1012460414", "price": 127.63, "amount": 1.0, "side": "buy", "timestamp": 1765842294163}, {"id": "1012460415", "price": 127.62, "amount": 0.1, "side": "sell", "timestamp": 1765842294272}, {"id": "1012460416", "price": 127.63, "amount": 0.42, "side": "buy", "timestamp": 1765842294358}, {"id": "1012460417", "price": 127.63, "amount": 20.48, "side": "buy", "timestamp": 1765842294662}, {"id": "1012460418", "price": 127.62, "amount": 8.05, "side": "sell", "timestamp": 1765842294964}, {"id": "1012460419", "price": 127.63, "amount": 0.73, "side": "buy", "timestamp": 1765842295110}, {"id": "1012460420", "price": 127.63, "amount": 18.8, "side": "buy", "timestamp": 1765842295799}, {"id": "1012460421", "price": 127.63, "amount": 0.13, "side": "buy", "timestamp": 1765842296393}, {"id": "1012460819", "price": 127.75, "amount": 0.67, "side": "sell", "timestamp": 1765842344036}, {"id": "1012460820", "price": 127.76, "amount": 515.38, "side": "buy", "timestamp": 1765842344036}, {"id": "1012460821", "price": 127.77, "amount": 288.72, "side": "buy", "timestamp": 1765842344036}, {"id": "1012460822", "price": 127.75, "amount": 0.83, "side": "sell", "timestamp": 1765842344051}, {"id": "1012460823", "price": 127.76, "amount": 0.26, "side": "buy", "timestamp": 1765842344311}, {"id": "1012460824", "price": 127.75, "amount": 5.84, "side": "sell", "timestamp": 1765842344313}, {"id": "1012460825", "price": 127.76, "amount": 44.21, "side": "buy", "timestamp": 1765842344402}, {"id": "1012460826", "price": 127.75, "amount": 8.96, "side": "sell", "timestamp": 1765842344432}, {"id": "1012460827", "price": 127.76, "amount": 1.4, "side": "buy", "timestamp": 1765842344704}, {"id": "1012460828", "price": 127.76, "amount": 0.28, "side": "buy", "timestamp": 1765842344866}, {"id": "1012460829", "price": 127.75, "amount": 350.78, "side": "sell", "timestamp": 1765842345100}, {"id": "1012460830", "price": 127.75, "amount": 0.4, "side": "sell", "timestamp": 1765842345383}, {"id": "1012460831", "price": 127.76, "amount": 673.73, "side": "buy", "timestamp": 1765842345447}, {"id": "1012460832", "price": 127.77, "amount": 175.71, "side": "buy", "timestamp": 1765842345515}, {"id": "1012460833", "price": 127.78, "amount": 557.46, "side": "buy", "timestamp": 1765842345515}, {"id": "1012460834", "price": 127.76, "amount": 3.32, "side": "buy", "timestamp": 1765842345519}, {"id": "1012460835", "price": 127.75, "amount": 100.0, "side": "sell", "timestamp": 1765842345645}, {"id": "1012460836", "price": 127.76, "amount": 1.25, "side": "buy", "timestamp": 1765842345650}, {"id": "1012460837", "price": 127.75, "amount": 2.41, "side": "sell", "timestamp": 1765842345676}, {"id": "1012460838", "price": 127.75, "amount": 77.5, "side": "sell", "timestamp": 1765842346194}, {"id": "1012460839", "price": 127.76, "amount": 39.2, "side": "buy", "timestamp": 1765842346467}, {"id": "1012460840", "price": 127.76, "amount": 495.35, "side": "buy", "timestamp": 1765842346840}, {"id": "1012460841", "price": 127.75, "amount": 0.36, "side": "sell", "timestamp": 1765842346849}, {"id": "1012460842", "price": 127.76, "amount": 0.58, "side": "buy", "timestamp": 1765842346909}, {"id": "1012460843", "price": 127.75, "amount": 19.64, "side": "sell", "timestamp": 1765842347038}, {"id": "1012460844", "price": 127.75, "amount": 1.04, "side": "sell", "timestamp": 1765842347247}, {"id": "1012460845", "price": 127.76, "amount": 65.68, "side": "buy", "timestamp": 1765842347311}, {"id": "1012460846", "price": 127.75, "amount": 0.25, "side": "sell", "timestamp": 1765842347675}, {"id": "1012460847", "price": 127.76, "amount": 4.49, "side": "buy", "timestamp": 1765842347760}, {"id": "1012460848", "price": 127.76, "amount": 0.08, "side": "buy", "timestamp": 1765842348032}, {"id": "1012460849", "price": 127.76, "amount": 1.96, "side": "buy", "timestamp": 1765842348300}, {"id": "1012460850", "price": 127.75, "amount": 49.04, "side": "sell", "timestamp": 1765842348324}, {"id": "1012460851", "price": 127.75, "amount": 6.93, "side": "sell", "timestamp": 1765842348555}, {"id": "1012460852", "price": 127.76, "amount": 0.14, "side": "buy", "timestamp": 1765842348858}, {"id": "1012460853", "price": 127.75, "amount": 2.0, "side": "sell", "timestamp": 1765842349036}, {"id": "1012460854", "price": 127.75, "amount": 446.62, "side": "sell", "timestamp": 1765842349292}, {"id": "1012460855", "price": 127.75, "amount": 0.16, "side": "buy", "timestamp": 1765842349293}, {"id": "1012460856", "price": 127.74, "amount": 20.57, "side": "sell", "timestamp": 1765842349298}, {"id": "1012460857", "price": 127.73, "amount": 31.74, "side": "sell", "timestamp": 1765842349350}, {"id": "1012460858", "price": 127.72, "amount": 45.29, "side": "sell", "timestamp": 1765842349429}, {"id": "1012460859", "price": 127.71, "amount": 0.02, "side": "sell", "timestamp": 1765842349602}, {"id": "1012460860", "price": 127.72, "amount": 2.35, "side": "buy", "timestamp": 1765842349707}, {"id": "1012460861", "price": 127.72, "amount": 0.63, "side": "buy", "timestamp": 1765842349819}, {"id": "1012460862", "price": 127.72, "amount": 1.56, "side": "buy", "timestamp": 1765842350374}, {"id": "1012460863", "price": 127.71, "amount": 20.08, "side": "sell", "timestamp": 1765842350719}, {"id": "1012460864", "price": 127.72, "amount": 35.23, "side": "buy", "timestamp": 1765842351080}, {"id": "1012460865", "price": 127.71, "amount": 15.73, "side": "sell", "timestamp": 1765842351115}, {"id": "1012460866", "price": 127.72, "amount": 123.8, "side": "buy", "timestamp": 1765842351990}, {"id": "1012460867", "price": 127.71, "amount": 5.0, "side": "sell", "timestamp": 1765842352105}, {"id": "1012460868", "price": 127.72, "amount": 35.5, "side": "buy", "timestamp": 1765842352106}, {"id": "1012461092", "price": 127.76, "amount": 63.56, "side": "sell", "timestamp": 1765842400311}, {"id": "1012461093", "price": 127.76, "amount": 0.16, "side": "buy", "timestamp": 1765842400313}, {"id": "1012461094", "price": 127.76, "amount": 32.2, "side": "buy", "timestamp": 1765842400423}, {"id": "1012461095", "price": 127.76, "amount": 1.28, "side": "buy", "timestamp": 1765842400617}, {"id": "1012461096", "price": 127.76, "amount": 0.93, "side": "buy", "timestamp": 1765842400795}, {"id": "1012461097", "price": 127.75, "amount": 0.04, "side": "sell", "timestamp": 1765842401061}, {"id": "1012461098", "price": 127.76, "amount": 0.25, "side": "buy", "timestamp": 1765842401251}, {"id": "1012461099", "price": 127.75, "amount": 0.16, "side": "sell", "timestamp": 1765842401490}, {"id": "1012461100", "price": 127.76, "amount": 0.85, "side": "buy", "timestamp": 1765842401860}, {"id": "1012461101", "price": 127.75, "amount": 20.31, "side": "sell", "timestamp": 1765842402370}, {"id": "1012461102", "price": 127.76, "amount": 0.05, "side": "buy", "timestamp": 1765842402541}, {"id": "1012461103", "price": 127.75, "amount": 40.33, "side": "sell", "timestamp": 1765842402634}, {"id": "1012461104", "price": 127.76, "amount": 0.06, "side": "buy", "timestamp": 1765842402856}, {"id": "1012461105", "price": 127.76, "amount": 0.13, "side": "buy", "timestamp": 1765842403000}, {"id": "1012461106", "price": 127.76, "amount": 1.0, "side": "buy", "timestamp": 1765842403130}, {"id": "1012461107", "price": 127.76, "amount": 0.96, "side": "buy", "timestamp": 1765842403416}, {"id": "1012461108", "price": 127.76, "amount": 0.12, "side": "buy", "timestamp": 1765842403539}, {"id": "1012461109", "price": 127.76, "amount": 0.08, "side": "buy", "timestamp": 1765842403656}, {"id": "1012461110", "price": 127.76, "amount": 6.92, "side": "buy", "timestamp": 1765842403802}, {"id": "1012461111", "price": 127.75, "amount": 80.44, "side": "sell", "timestamp": 1765842403875}, {"id": "1012461112", "price": 127.74, "amount": 0.12, "side": "sell", "timestamp": 1765842403895}, {"id": "1012461113", "price": 127.75, "amount": 75.22, "side": "buy", "timestamp": 1765842403913}, {"id": "1012461114", "price": 127.75, "amount": 0.07, "side": "buy", "timestamp": 1765842404040}, {"id": "1012461115", "price": 127.75, "amount": 0.46, "side": "buy", "timestamp": 1765842404176}, {"id": "1012461116", "price": 127.74, "amount": 29.32, "side": "sell", "timestamp": 1765842404388}, {"id": "1012461117", "price": 127.74, "amount": 0.13, "side": "buy", "timestamp": 1765842404395}, {"id": "1012461118", "price": 127.74, "amount": 0.05, "side": "buy", "timestamp": 1765842404590}, {"id": "1012461119", "price": 127.74, "amount": 0.65, "side": "buy", "timestamp": 1765842404691}, {"id": "1012461120", "price": 127.73, "amount": 0.37, "side": "sell", "timestamp": 1765842404713}, {"id": "1012461121", "price": 127.74, "amount": 0.2, "side": "buy", "timestamp": 1765842404742}, {"id": "1012461122", "price": 127.74, "amount": 5.0, "side": "buy", "timestamp": 1765842405182}, {"id": "1012461123", "price": 127.73, "amount": 58.35, "side": "sell", "timestamp": 1765842405200}, {"id": "1012461124", "price": 127.73, "amount": 0.41, "side": "buy", "timestamp": 1765842405206}, {"id": "1012461125", "price": 127.72, "amount": 411.71, "side": "sell", "timestamp": 1765842405268}, {"id": "1012461126", "price": 127.72, "amount": 0.16, "side": "buy", "timestamp": 1765842405306}, {"id": "1012461127", "price": 127.72, "amount": 44.8, "side": "buy", "timestamp": 1765842405610}, {"id": "1012461128", "price": 127.72, "amount": 0.93, "side": "buy", "timestamp": 1765842405766}, {"id": "1012461129", "price": 127.71, "amount": 0.16, "side": "sell", "timestamp": 1765842406107}, {"id": "1012461130", "price": 127.72, "amount": 0.13, "side": "buy", "timestamp": 1765842406437}, {"id": "1012461131", "price": 127.72, "amount": 0.08, "side": "buy", "timestamp": 1765842406801}, {"id": "1012461132", "price": 127.71, "amount": 30.09, "side": "sell", "timestamp": 1765842406987}, {"id": "1012461133", "price": 127.71, "amount": 0.17, "side": "sell", "timestamp": 1765842407345}, {"id": "1012461134", "price": 127.71, "amount": 1.1, "side": "sell", "timestamp": 1765842407483}, {"id": "1012461135", "price": 127.72, "amount": 148.0, "side": "buy", "timestamp": 1765842407524}, {"id": "1012461136", "price": 127.71, "amount": 23.49, "side": "sell", "timestamp": 1765842407626}, {"id": "1012461137", "price": 127.71, "amount": 26.08, "side": "sell", "timestamp": 1765842407754}, {"id": "1012461138", "price": 127.72, "amount": 0.06, "side": "buy", "timestamp": 1765842407850}, {"id": "1012461139", "price": 127.72, "amount": 1.3, "side": "buy", "timestamp": 1765842407967}, {"id": "1012461140", "price": 127.72, "amount": 5.93, "side": "buy", "timestamp": 1765842408205}, {"id": "1012461141", "price": 127.72, "amount": 0.96, "side": "buy", "timestamp": 1765842408385}, {"id": "1012461378", "price": 127.69, "amount": 0.21, "side": "sell", "timestamp": 1765842453328}, {"id": "1012461379", "price": 127.7, "amount": 0.29, "side": "buy", "timestamp": 1765842453466}, {"id": "1012461380", "price": 127.69, "amount": 8.48, "side": "sell", "timestamp": 1765842453835}, {"id": "1012461381", "price": 127.7, "amount": 134.39, "side": "buy", "timestamp": 1765842454112}, {"id": "1012461382", "price": 127.71, "amount": 17.86, "side": "buy", "timestamp": 1765842454254}, {"id": "1012461383", "price": 127.72, "amount": 0.07, "side": "buy", "timestamp": 1765842454262}, {"id": "1012461384", "price": 127.72, "amount": 0.8, "side": "buy", "timestamp": 1765842454576}, {"id": "1012461385", "price": 127.72, "amount": 118.15, "side": "buy", "timestamp": 1765842455009}, {"id": "1012461386", "price": 127.73, "amount": 126.44, "side": "buy", "timestamp": 1765842456150}, {"id": "1012461387", "price": 127.74, "amount": 27.58, "side": "buy", "timestamp": 1765842456158}, {"id": "1012461388", "price": 127.74, "amount": 2.36, "side": "sell", "timestamp": 1765842456187}, {"id": "1012461389", "price": 127.75, "amount": 0.18, "side": "buy", "timestamp": 1765842456334}, {"id": "1012461390", "price": 127.75, "amount": 4.74, "side": "buy", "timestamp": 1765842456640}, {"id": "1012461391", "price": 127.74, "amount": 0.15, "side": "sell", "timestamp": 1765842456935}, {"id": "1012461392", "price": 127.74, "amount": 88.7, "side": "sell", "timestamp": 1765842457037}, {"id": "1012461393", "price": 127.75, "amount": 1.04, "side": "buy", "timestamp": 1765842457187}, {"id": "1012461394", "price": 127.75, "amount": 120.78, "side": "buy", "timestamp": 1765842457860}, {"id": "1012461395", "price": 127.76, "amount": 393.47, "side": "buy", "timestamp": 1765842457860}, {"id": "1012461396", "price": 127.77, "amount": 599.57, "side": "buy", "timestamp": 1765842457860}, {"id": "1012461397", "price": 127.78, "amount": 1242.41, "side": "buy", "timestamp": 1765842457860}, {"id": "1012461398", "price": 127.79, "amount": 63.88, "side": "buy", "timestamp": 1765842457860}, {"id": "1012461399", "price": 127.78, "amount": 11.58, "side": "buy", "timestamp": 1765842457863}, {"id": "1012461400", "price": 127.77, "amount": 20.0, "side": "sell", "timestamp": 1765842458247}, {"id": "1012461401", "price": 127.77, "amount": 0.09, "side": "sell", "timestamp": 1765842459527}, {"id": "1012461402", "price": 127.78, "amount": 230.49, "side": "buy", "timestamp": 1765842459687}, {"id": "1012461403", "price": 127.79, "amount": 40.13, "side": "buy", "timestamp": 1765842459711}, {"id": "1012461404", "price": 127.79, "amount": 6.26, "side": "sell", "timestamp": 1765842459747}, {"id": "1012461405", "price": 127.79, "amount": 256.75, "side": "sell", "timestamp": 1765842460039}, {"id": "1012461406", "price": 127.79, "amount": 0.16, "side": "buy", "timestamp": 1765842460043}, {"id": "1012461407", "price": 127.78, "amount": 14.6, "side": "sell", "timestamp": 1765842460242}, {"id": "1012461408", "price": 127.78, "amount": 0.05, "side": "sell", "timestamp": 1765842460380}, {"id": "1012461409", "price": 127.79, "amount": 106.9, "side": "buy", "timestamp": 1765842460678}, {"id": "1012461410", "price": 127.79, "amount": 14.97, "side": "buy", "timestamp": 1765842460925}, {"id": "1012461411", "price": 127.78, "amount": 5.24, "side": "sell", "timestamp": 1765842461061}, {"id": "1012461412", "price": 127.78, "amount": 17.7, "side": "sell", "timestamp": 1765842461349}, {"id": "1012461413", "price": 127.77, "amount": 15.96, "side": "sell", "timestamp": 1765842461495}, {"id": "1012461414", "price": 127.77, "amount": 626.39, "side": "buy", "timestamp": 1765842461680}, {"id": "1012461415", "price": 127.78, "amount": 300.92, "side": "buy", "timestamp": 1765842461680}, {"id": "1012461416", "price": 127.77, "amount": 42.84, "side": "sell", "timestamp": 1765842461989}, {"id": "1012461417", "price": 127.77, "amount": 1.28, "side": "buy", "timestamp": 1765842461989}, {"id": "1012461418", "price": 127.77, "amount": 159.54, "side": "buy", "timestamp": 1765842462107}, {"id": "1012461419", "price": 127.77, "amount": 0.19, "side": "buy", "timestamp": 1765842462812}, {"id": "1012461420", "price": 127.76, "amount": 250.88, "side": "sell", "timestamp": 1765842462914}, {"id": "1012461421", "price": 127.75, "amount": 6.0, "side": "sell", "timestamp": 1765842462987}, {"id": "1012461422", "price": 127.74, "amount": 12.62, "side": "sell", "timestamp": 1765842463045}, {"id": "1012461423", "price": 127.74, "amount": 8.83, "side": "buy", "timestamp": 1765842463186}, {"id": "1012461424", "price": 127.74, "amount": 0.23, "side": "buy", "timestamp": 1765842463368}, {"id": "1012461425", "price": 127.73, "amount": 50.0, "side": "sell", "timestamp": 1765842463437}, {"id": "1012461426", "price": 127.74, "amount": 0.04, "side": "buy", "timestamp": 1765842463448}, {"id": "1012461427", "price": 127.74, "amount": 0.07, "side": "buy", "timestamp": 1765842463946}, {"id": "1012461611", "price": 127.7, "amount": 1.17, "side": "buy", "timestamp": 1765842511062}, {"id": "1012461612", "price": 127.69, "amount": 1.95, "side": "sell", "timestamp": 1765842511120}, {"id": "1012461613", "price": 127.7, "amount": 62.64, "side": "buy", "timestamp": 1765842511121}, {"id": "1012461614", "price": 127.69, "amount": 0.05, "side": "sell", "timestamp": 1765842511383}, {"id": "1012461615", "price": 127.7, "amount": 0.05, "side": "buy", "timestamp": 1765842511992}, {"id": "1012461616", "price": 127.69, "amount": 65.25, "side": "sell", "timestamp": 1765842512001}, {"id": "1012461617", "price": 127.68, "amount": 168.52, "side": "sell", "timestamp": 1765842512001}, {"id": "1012461618", "price": 127.67, "amount": 306.42, "side": "sell", "timestamp": 1765842512001}, {"id": "1012461619", "price": 127.68, "amount": 0.16, "side": "buy", "timestamp": 1765842512003}, {"id": "1012461620", "price": 127.67, "amount": 0.25, "side": "sell", "timestamp": 1765842512274}, {"id": "1012461621", "price": 127.68, "amount": 0.64, "side": "buy", "timestamp": 1765842512298}, {"id": "1012461622", "price": 127.68, "amount": 0.06, "side": "buy", "timestamp": 1765842512427}, {"id": "1012461623", "price": 127.67, "amount": 0.16, "side": "sell", "timestamp": 1765842512802}, {"id": "1012461624", "price": 127.68, "amount": 0.05, "side": "buy", "timestamp": 1765842512858}, {"id": "1012461625", "price": 127.68, "amount": 0.83, "side": "buy", "timestamp": 1765842512997}, {"id": "1012461626", "price": 127.67, "amount": 62.95, "side": "sell", "timestamp": 1765842513427}, {"id": "1012461627", "price": 127.68, "amount": 0.05, "side": "buy", "timestamp": 1765842513467}, {"id": "1012461628", "price": 127.68, "amount": 0.13, "side": "buy", "timestamp": 1765842513768}, {"id": "1012461629", "price": 127.68, "amount": 0.05, "side": "buy", "timestamp": 1765842513969}, {"id": "1012461630", "price": 127.67, "amount": 753.27, "side": "sell", "timestamp": 1765842513990}, {"id": "1012461631", "price": 127.68, "amount": 22.42, "side": "buy", "timestamp": 1765842514153}, {"id": "1012461632", "price": 127.67, "amount": 0.34, "side": "sell", "timestamp": 1765842514278}, {"id": "1012461633", "price": 127.68, "amount": 0.05, "side": "buy", "timestamp": 1765842514393}, {"id": "1012461634", "price": 127.68, "amount": 0.05, "side": "buy", "timestamp": 1765842514519}, {"id": "1012461635", "price": 127.68, "amount": 0.08, "side": "buy", "timestamp": 1765842514737}, {"id": "1012461636", "price": 127.67, "amount": 0.09, "side": "sell", "timestamp": 1765842515635}, {"id": "1012461637", "price": 127.68, "amount": 0.31, "side": "buy", "timestamp": 1765842515855}, {"id": "1012461638", "price": 127.67, "amount": 0.06, "side": "sell", "timestamp": 1765842515956}, {"id": "1012461639", "price": 127.68, "amount": 14.39, "side": "buy", "timestamp": 1765842516130}, {"id": "1012461640", "price": 127.68, "amount": 0.19, "side": "buy", "timestamp": 1765842516300}, {"id": "1012461641", "price": 127.68, "amount": 0.42, "side": "buy", "timestamp": 1765842516444}, {"id": "1012461642", "price": 127.67, "amount": 7.88, "side": "sell", "timestamp": 1765842516508}, {"id": "1012461643", "price": 127.68, "amount": 3.89, "side": "buy", "timestamp": 1765842516566}, {"id": "1012461644", "price": 127.67, "amount": 0.78, "side": "sell", "timestamp": 1765842516705}, {"id": "1012461645", "price": 127.68, "amount": 57.89, "side": "buy", "timestamp": 1765842516785}, {"id": "1012461646", "price": 127.68, "amount": 0.05, "side": "buy", "timestamp": 1765842516992}, {"id": "1012461647", "price": 127.68, "amount": 14.63, "side": "buy", "timestamp": 1765842517120}, {"id": "1012461648", "price": 127.68, "amount": 0.05, "side": "buy", "timestamp": 1765842517835}, {"id": "1012461649", "price": 127.68, "amount": 0.05, "side": "buy", "timestamp": 1765842518006}, {"id": "1012461650", "price": 127.68, "amount": 14.47, "side": "buy", "timestamp": 1765842518112}, {"id": "1012461651", "price": 127.67, "amount": 2.49, "side": "sell", "timestamp": 1765842518673}, {"id": "1012461652", "price": 127.68, "amount": 0.05, "side": "buy", "timestamp": 1765842518746}, {"id": "1012461653", "price": 127.67, "amount": 0.07, "side": "sell", "timestamp": 1765842518799}, {"id": "1012461654", "price": 127.67, "amount": 0.64, "side": "sell", "timestamp": 1765842518949}, {"id": "1012461655", "price": 127.68, "amount": 0.08, "side": "buy", "timestamp": 1765842518961}, {"id": "1012461656", "price": 127.67, "amount": 21.15, "side": "sell", "timestamp": 1765842519032}, {"id": "1012461657", "price": 127.68, "amount": 14.31, "side": "buy", "timestamp": 1765842519075}, {"id": "1012461658", "price": 127.68, "amount": 0.05, "side": "buy", "timestamp": 1765842519389}, {"id": "1012461659", "price": 127.68, "amount": 0.05, "side": "buy", "timestamp": 1765842519497}, {"id": "1012461660", "price": 127.67, "amount": 5.46, "side": "sell", "timestamp": 1765842519602}, {"id": "1012461891", "price": 127.55, "amount": 127.12, "side": "sell", "timestamp": 1765842565574}, {"id": "1012461892", "price": 127.55, "amount": 39.2, "side": "sell", "timestamp": 1765842565726}, {"id": "1012461893", "price": 127.55, "amount": 47.0, "side": "sell", "timestamp": 1765842565849}, {"id": "1012461894", "price": 127.56, "amount": 20.84, "side": "buy", "timestamp": 1765842565919}, {"id": "1012461895", "price": 127.55, "amount": 7.26, "side": "sell", "timestamp": 1765842566140}, {"id": "1012461896", "price": 127.56, "amount": 2.35, "side": "buy", "timestamp": 1765842566703}, {"id": "1012461897", "price": 127.56, "amount": 0.19, "side": "buy", "timestamp": 1765842566845}, {"id": "1012461898", "price": 127.55, "amount": 0.32, "side": "sell", "timestamp": 1765842567100}, {"id": "1012461899", "price": 127.56, "amount": 0.13, "side": "buy", "timestamp": 1765842567166}, {"id": "1012461900", "price": 127.55, "amount": 19.17, "side": "sell", "timestamp": 1765842567198}, {"id": "1012461901", "price": 127.56, "amount": 39.19, "side": "buy", "timestamp": 1765842567322}, {"id": "1012461902", "price": 127.55, "amount": 8.41, "side": "sell", "timestamp": 1765842567429}, {"id": "1012461903", "price": 127.55, "amount": 0.1, "side": "sell", "timestamp": 1765842567586}, {"id": "1012461904", "price": 127.56, "amount": 4.36, "side": "buy", "timestamp": 1765842567663}, {"id": "1012461905", "price": 127.56, "amount": 0.08, "side": "buy", "timestamp": 1765842567957}, {"id": "1012461906", "price": 127.55, "amount": 6.44, "side": "sell", "timestamp": 1765842567993}, {"id": "1012461907", "price": 127.56, "amount": 0.99, "side": "buy", "timestamp": 1765842568593}, {"id": "1012461908", "price": 127.55, "amount": 0.19, "side": "sell", "timestamp": 1765842568779}, {"id": "1012461909", "price": 127.56, "amount": 0.14, "side": "buy", "timestamp": 1765842568981}, {"id": "1012461910", "price": 127.56, "amount": 0.19, "side": "buy", "timestamp": 1765842569212}, {"id": "1012461911", "price": 127.55, "amount": 36.64, "side": "sell", "timestamp": 1765842569442}, {"id": "1012461912", "price": 127.55, "amount": 100.17, "side": "sell", "timestamp": 1765842569744}, {"id": "1012461913", "price": 127.56, "amount": 5.51, "side": "buy", "timestamp": 1765842569817}, {"id": "1012461914", "price": 127.55, "amount": 11.08, "side": "sell", "timestamp": 1765842569964}, {"id": "1012461915", "price": 127.56, "amount": 1.22, "side": "buy", "timestamp": 1765842570046}, {"id": "1012461916", "price": 127.55, "amount": 0.32, "side": "sell", "timestamp": 1765842570072}, {"id": "1012461917", "price": 127.56, "amount": 0.95, "side": "buy", "timestamp": 1765842570343}, {"id": "1012461918", "price": 127.55, "amount": 11.75, "side": "sell", "timestamp": 1765842570362}, {"id": "1012461919", "price": 127.56, "amount": 0.95, "side": "buy", "timestamp": 1765842570584}, {"id": "1012461920", "price": 127.55, "amount": 0.4, "side": "sell", "timestamp": 1765842570619}, {"id": "1012461921", "price": 127.55, "amount": 3.92, "side": "sell", "timestamp": 1765842570924}, {"id": "1012461922", "price": 127.56, "amount": 40.54, "side": "buy", "timestamp": 1765842571757}, {"id": "1012461923", "price": 127.55, "amount": 1.0, "side": "sell", "timestamp": 1765842571805}, {"id": "1012461924", "price": 127.56, "amount": 1.89, "side": "buy", "timestamp": 1765842571877}, {"id": "1012461925", "price": 127.55, "amount": 79.17, "side": "sell", "timestamp": 1765842572007}, {"id": "1012461926", "price": 127.56, "amount": 0.13, "side": "buy", "timestamp": 1765842572162}, {"id": "1012461927", "price": 127.56, "amount": 23.59, "side": "buy", "timestamp": 1765842572349}, {"id": "1012461928", "price": 127.56, "amount": 1.32, "side": "buy", "timestamp": 1765842572514}, {"id": "1012461929", "price": 127.55, "amount": 300.76, "side": "sell", "timestamp": 1765842572555}, {"id": "1012461930", "price": 127.56, "amount": 2.61, "side": "buy", "timestamp": 1765842573072}, {"id": "1012461931", "price": 127.56, "amount": 0.02, "side": "buy", "timestamp": 1765842573522}, {"id": "1012461932", "price": 127.55, "amount": 288.1, "side": "sell", "timestamp": 1765842573577}, {"id": "1012461933", "price": 127.54, "amount": 17.89, "side": "sell", "timestamp": 1765842573582}, {"id": "1012461934", "price": 127.54, "amount": 0.14, "side": "buy", "timestamp": 1765842573976}, {"id": "1012461935", "price": 127.54, "amount": 0.2, "side": "buy", "timestamp": 1765842574103}, {"id": "1012461936", "price": 127.54, "amount": 160.93, "side": "buy", "timestamp": 1765842574230}, {"id": "1012461937", "price": 127.53, "amount": 0.33, "side": "sell", "timestamp": 1765842574759}, {"id": "1012461938", "price": 127.54, "amount": 204.67, "side": "buy", "timestamp": 1765842575174}, {"id": "1012461939", "price": 127.54, "amount": 79.3, "side": "sell", "timestamp": 1765842575181}, {"id": "1012461940", "price": 127.55, "amount": 29.33, "side": "buy", "timestamp": 1765842575182}, {"id": "1012462123", "price": 127.62, "amount": 86.69, "side": "buy", "timestamp": 1765842618897}, {"id": "1012462124", "price": 127.62, "amount": 6.75, "side": "buy", "timestamp": 1765842619339}, {"id": "1012462125", "price": 127.62, "amount": 67.79, "side": "buy", "timestamp": 1765842619859}, {"id": "1012462126", "price": 127.61, "amount": 0.23, "side": "sell", "timestamp": 1765842619961}, {"id": "1012462127", "price": 127.62, "amount": 0.05, "side": "buy", "timestamp": 1765842620287}, {"id": "1012462128", "price": 127.62, "amount": 0.05, "side": "buy", "timestamp": 1765842620430}, {"id": "1012462129", "price": 127.62, "amount": 15.67, "side": "buy", "timestamp": 1765842620679}, {"id": "1012462130", "price": 127.62, "amount": 0.31, "side": "buy", "timestamp": 1765842620918}, {"id": "1012462131", "price": 127.62, "amount": 4.47, "side": "buy", "timestamp": 1765842621032}, {"id": "1012462132", "price": 127.62, "amount": 0.34, "side": "buy", "timestamp": 1765842621610}, {"id": "1012462133", "price": 127.62, "amount": 0.22, "side": "buy", "timestamp": 1765842621776}, {"id": "1012462134", "price": 127.62, "amount": 0.21, "side": "buy", "timestamp": 1765842622205}, {"id": "1012462135", "price": 127.62, "amount": 1.47, "side": "buy", "timestamp": 1765842622429}, {"id": "1012462136", "price": 127.61, "amount": 31.4, "side": "sell", "timestamp": 1765842622490}, {"id": "1012462137", "price": 127.61, "amount": 20.53, "side": "sell", "timestamp": 1765842622623}, {"id": "1012462138", "price": 127.61, "amount": 3.76, "side": "sell", "timestamp": 1765842622854}, {"id": "1012462139", "price": 127.62, "amount": 8.73, "side": "buy", "timestamp": 1765842622895}, {"id": "1012462140", "price": 127.61, "amount": 5.54, "side": "sell", "timestamp": 1765842623123}, {"id": "1012462141", "price": 127.62, "amount": 0.28, "side": "buy", "timestamp": 1765842623337}, {"id": "1012462142", "price": 127.61, "amount": 10.2, "side": "sell", "timestamp": 1765842623367}, {"id": "1012462143", "price": 127.62, "amount": 2.14, "side": "buy", "timestamp": 1765842623540}, {"id": "1012462144", "price": 127.61, "amount": 0.09, "side": "sell", "timestamp": 1765842623639}, {"id": "1012462145", "price": 127.61, "amount": 0.75, "side": "sell", "timestamp": 1765842623818}, {"id": "1012462146", "price": 127.62, "amount": 0.26, "side": "buy", "timestamp": 1765842623945}, {"id": "1012462147", "price": 127.62, "amount": 3.04, "side": "buy", "timestamp": 1765842624068}, {"id": "1012462148", "price": 127.62, "amount": 0.05, "side": "buy", "timestamp": 1765842624430}, {"id": "1012462149", "price": 127.61, "amount": 4.0, "side": "sell", "timestamp": 1765842624516}, {"id": "1012462150", "price": 127.61, "amount": 19.07, "side": "sell", "timestamp": 1765842624770}, {"id": "1012462151", "price": 127.62, "amount": 0.84, "side": "buy", "timestamp": 1765842625065}, {"id": "1012462152", "price": 127.62, "amount": 0.06, "side": "buy", "timestamp": 1765842625174}, {"id": "1012462153", "price": 127.61, "amount": 0.05, "side": "sell", "timestamp": 1765842625523}, {"id": "1012462154", "price": 127.61, "amount": 30.1, "side": "sell", "timestamp": 1765842626606}, {"id": "1012462155", "price": 127.61, "amount": 6.22, "side": "sell", "timestamp": 1765842627408}, {"id": "1012462156", "price": 127.62, "amount": 0.05, "side": "buy", "timestamp": 1765842627580}, {"id": "1012462157", "price": 127.62, "amount": 0.19, "side": "buy", "timestamp": 1765842627948}, {"id": "1012462158", "price": 127.61, "amount": 5.54, "side": "sell", "timestamp": 1765842628085}, {"id": "1012462159", "price": 127.61, "amount": 214.04, "side": "sell", "timestamp": 1765842628196}, {"id": "1012462160", "price": 127.6, "amount": 0.89, "side": "sell", "timestamp": 1765842628464}, {"id": "1012462161", "price": 127.61, "amount": 1.94, "side": "buy", "timestamp": 1765842628598}, {"id": "1012462162", "price": 127.6, "amount": 4.56, "side": "sell", "timestamp": 1765842628611}, {"id": "1012462163", "price": 127.6, "amount": 354.22, "side": "sell", "timestamp": 1765842628957}, {"id": "1012462164", "price": 127.59, "amount": 38.52, "side": "sell", "timestamp": 1765842628958}, {"id": "1012462165", "price": 127.59, "amount": 0.51, "side": "sell", "timestamp": 1765842629191}, {"id": "1012462166", "price": 127.6, "amount": 0.05, "side": "buy", "timestamp": 1765842629430}, {"id": "1012462167", "price": 127.6, "amount": 82.59, "side": "buy", "timestamp": 1765842629637}, {"id": "1012462168", "price": 127.61, "amount": 4.71, "side": "buy", "timestamp": 1765842629728}, {"id": "1012462169", "price": 127.61, "amount": 0.15, "side": "buy", "timestamp": 1765842629874}, {"id": "1012462170", "price": 127.61, "amount": 12.67, "side": "buy", "timestamp": 1765842630426}, {"id": "1012462171", "price": 127.61, "amount": 2.99, "side": "buy", "timestamp": 1765842630609}, {"id": "1012462172", "price": 127.61, "amount": 16.63, "side": "buy", "timestamp": 1765842630864}, {"id": "1012462362", "price": 127.57, "amount": 1.07, "side": "buy", "timestamp": 1765842678479}, {"id": "1012462363", "price": 127.56, "amount": 7.98, "side": "sell", "timestamp": 1765842678593}, {"id": "1012462364", "price": 127.57, "amount": 0.06, "side": "buy", "timestamp": 1765842678656}, {"id": "1012462365", "price": 127.56, "amount": 0.51, "side": "sell", "timestamp": 1765842678723}, {"id": "1012462366", "price": 127.57, "amount": 5.51, "side": "buy", "timestamp": 1765842679242}, {"id": "1012462367", "price": 127.56, "amount": 8.85, "side": "sell", "timestamp": 1765842679395}, {"id": "1012462368", "price": 127.57, "amount": 1.59, "side": "buy", "timestamp": 1765842679660}, {"id": "1012462369", "price": 127.56, "amount": 0.05, "side": "sell", "timestamp": 1765842679715}, {"id": "1012462370", "price": 127.56, "amount": 4.07, "side": "sell", "timestamp": 1765842680204}, {"id": "1012462371", "price": 127.57, "amount": 7.83, "side": "buy", "timestamp": 1765842680230}, {"id": "1012462372", "price": 127.57, "amount": 15.66, "side": "buy", "timestamp": 1765842680535}, {"id": "1012462373", "price": 127.56, "amount": 0.06, "side": "sell", "timestamp": 1765842680745}, {"id": "1012462374", "price": 127.56, "amount": 165.7, "side": "sell", "timestamp": 1765842680984}, {"id": "1012462375", "price": 127.55, "amount": 111.36, "side": "sell", "timestamp": 1765842681085}, {"id": "1012462376", "price": 127.54, "amount": 23.96, "side": "sell", "timestamp": 1765842681093}, {"id": "1012462377", "price": 127.53, "amount": 4.12, "side": "sell", "timestamp": 1765842681108}, {"id": "1012462378", "price": 127.54, "amount": 0.31, "side": "buy", "timestamp": 1765842681180}, {"id": "1012462379", "price": 127.54, "amount": 7.83, "side": "buy", "timestamp": 1765842681390}, {"id": "1012462380", "price": 127.54, "amount": 0.07, "side": "buy", "timestamp": 1765842681505}, {"id": "1012462381", "price": 127.53, "amount": 0.09, "side": "sell", "timestamp": 1765842681537}, {"id": "1012462382", "price": 127.54, "amount": 0.37, "side": "buy", "timestamp": 1765842681980}, {"id": "1012462383", "price": 127.53, "amount": 26.0, "side": "sell", "timestamp": 1765842682149}, {"id": "1012462384", "price": 127.54, "amount": 0.09, "side": "buy", "timestamp": 1765842682285}, {"id": "1012462385", "price": 127.53, "amount": 56.47, "side": "sell", "timestamp": 1765842682438}, {"id": "1012462386", "price": 127.53, "amount": 1.77, "side": "buy", "timestamp": 1765842682563}, {"id": "1012462387", "price": 127.52, "amount": 14.22, "side": "sell", "timestamp": 1765842683141}, {"id": "1012462388", "price": 127.52, "amount": 44.41, "side": "sell", "timestamp": 1765842683268}, {"id": "1012462389", "price": 127.51, "amount": 0.79, "side": "sell", "timestamp": 1765842683319}, {"id": "1012462390", "price": 127.51, "amount": 333.24, "side": "sell", "timestamp": 1765842683436}, {"id": "1012462391", "price": 127.51, "amount": 13.04, "side": "sell", "timestamp": 1765842683569}, {"id": "1012462392", "price": 127.52, "amount": 1.9, "side": "buy", "timestamp": 1765842683694}, {"id": "1012462393", "price": 127.51, "amount": 12.24, "side": "sell", "timestamp": 1765842683750}, {"id": "1012462394", "price": 127.51, "amount": 0.94, "side": "sell", "timestamp": 1765842683863}, {"id": "1012462395", "price": 127.52, "amount": 20.0, "side": "buy", "timestamp": 1765842683870}, {"id": "1012462396", "price": 127.51, "amount": 20.15, "side": "sell", "timestamp": 1765842683957}, {"id": "1012462397", "price": 127.51, "amount": 53.76, "side": "sell", "timestamp": 1765842684110}, {"id": "1012462398", "price": 127.5, "amount": 82.59, "side": "sell", "timestamp": 1765842684306}, {"id": "1012462399", "price": 127.5, "amount": 0.45, "side": "sell", "timestamp": 1765842684705}, {"id": "1012462400", "price": 127.5, "amount": 3.36, "side": "sell", "timestamp": 1765842684954}, {"id": "1012462401", "price": 127.5, "amount": 1.37, "side": "sell", "timestamp": 1765842685082}, {"id": "1012462402", "price": 127.5, "amount": 0.33, "side": "sell", "timestamp": 1765842685216}, {"id": "1012462403", "price": 127.5, "amount": 3.02, "side": "sell", "timestamp": 1765842685497}, {"id": "1012462404", "price": 127.5, "amount": 25.41, "side": "sell", "timestamp": 1765842685614}, {"id": "1012462405", "price": 127.51, "amount": 749.64, "side": "buy", "timestamp": 1765842685740}, {"id": "1012462406", "price": 127.51, "amount": 38.23, "side": "sell", "timestamp": 1765842685802}, {"id": "1012462407", "price": 127.52, "amount": 28.59, "side": "buy", "timestamp": 1765842685905}, {"id": "1012462408", "price": 127.51, "amount": 7.64, "side": "sell", "timestamp": 1765842685991}, {"id": "1012462409", "price": 127.51, "amount": 46.86, "side": "sell", "timestamp": 1765842686121}, {"id": "1012462410", "price": 127.51, "amount": 0.41, "side": "sell", "timestamp": 1765842686341}, {"id": "1012462411", "price": 127.51, "amount": 0.09, "side": "sell", "timestamp": 1765842686637}, {"id": "1012462609", "price": 127.51, "amount": 119.66, "side": "sell", "timestamp": 1765842726782}, {"id": "1012462610", "price": 127.5, "amount": 64.95, "side": "sell", "timestamp": 1765842726843}, {"id": "1012462611", "price": 127.5, "amount": 0.41, "side": "buy", "timestamp": 1765842726853}, {"id": "1012462612", "price": 127.5, "amount": 0.06, "side": "buy", "timestamp": 1765842726980}, {"id": "1012462613", "price": 127.49, "amount": 23.62, "side": "sell", "timestamp": 1765842726999}, {"id": "1012462614", "price": 127.48, "amount": 63.51, "side": "sell", "timestamp": 1765842727166}, {"id": "1012462615", "price": 127.48, "amount": 2.14, "side": "buy", "timestamp": 1765842727203}, {"id": "1012462616", "price": 127.47, "amount": 15.0, "side": "sell", "timestamp": 1765842727539}, {"id": "1012462617", "price": 127.47, "amount": 5.28, "side": "sell", "timestamp": 1765842728049}, {"id": "1012462618", "price": 127.47, "amount": 2.98, "side": "buy", "timestamp": 1765842728055}, {"id": "1012462619", "price": 127.46, "amount": 1.21, "side": "sell", "timestamp": 1765842728104}, {"id": "1012462620", "price": 127.46, "amount": 5.51, "side": "sell", "timestamp": 1765842728267}, {"id": "1012462621", "price": 127.46, "amount": 16.24, "side": "sell", "timestamp": 1765842728609}, {"id": "1012462622", "price": 127.45, "amount": 4.7, "side": "sell", "timestamp": 1765842728717}, {"id": "1012462623", "price": 127.46, "amount": 78.44, "side": "buy", "timestamp": 1765842728734}, {"id": "1012462624", "price": 127.46, "amount": 34.7, "side": "buy", "timestamp": 1765842729182}, {"id": "1012462625", "price": 127.46, "amount": 23.54, "side": "buy", "timestamp": 1765842729526}, {"id": "1012462626", "price": 127.45, "amount": 9.2, "side": "sell", "timestamp": 1765842729597}, {"id": "1012462627", "price": 127.45, "amount": 0.12, "side": "sell", "timestamp": 1765842730174}, {"id": "1012462628", "price": 127.46, "amount": 1.84, "side": "buy", "timestamp": 1765842730433}, {"id": "1012462629", "price": 127.46, "amount": 116.66, "side": "buy", "timestamp": 1765842731467}, {"id": "1012462630", "price": 127.46, "amount": 0.31, "side": "sell", "timestamp": 1765842731630}, {"id": "1012462631", "price": 127.46, "amount": 0.23, "side": "sell", "timestamp": 1765842731733}, {"id": "1012462632", "price": 127.46, "amount": 1.04, "side": "sell", "timestamp": 1765842732181}, {"id": "1012462633", "price": 127.46, "amount": 10.0, "side": "sell", "timestamp": 1765842732471}, {"id": "1012462634", "price": 127.47, "amount": 0.26, "side": "buy", "timestamp": 1765842733645}, {"id": "1012462635", "price": 127.47, "amount": 1.42, "side": "buy", "timestamp": 1765842733792}, {"id": "1012462636", "price": 127.47, "amount": 0.21, "side": "buy", "timestamp": 1765842734000}, {"id": "1012462637", "price": 127.47, "amount": 2.14, "side": "buy", "timestamp": 1765842734698}, {"id": "1012462638", "price": 127.46, "amount": 14.18, "side": "sell", "timestamp": 1765842734716}, {"id": "1012462639", "price": 127.46, "amount": 8.05, "side": "sell", "timestamp": 1765842735074}, {"id": "1012462640", "price": 127.47, "amount": 14.21, "side": "buy", "timestamp": 1765842735508}, {"id": "1012462641", "price": 127.47, "amount": 0.78, "side": "buy", "timestamp": 1765842737266}, {"id": "1012462642", "price": 127.47, "amount": 3.39, "side": "buy", "timestamp": 1765842737675}, {"id": "1012462643", "price": 127.47, "amount": 5.2, "side": "buy", "timestamp": 1765842737940}, {"id": "1012462644", "price": 127.47, "amount": 5.14, "side": "buy", "timestamp": 1765842739256}, {"id": "1012462645", "price": 127.47, "amount": 5.78, "side": "buy", "timestamp": 1765842739811}, {"id": "1012462646", "price": 127.47, "amount": 2.25, "side": "buy", "timestamp": 1765842739916}, {"id": "1012462647", "price": 127.47, "amount": 3.66, "side": "buy", "timestamp": 1765842740092}, {"id": "1012462648", "price": 127.46, "amount": 9.49, "side": "sell", "timestamp": 1765842740128}, {"id": "1012462649", "price": 127.46, "amount": 7.8, "side": "sell", "timestamp": 1765842740250}, {"id": "1012462650", "price": 127.47, "amount": 20.13, "side": "buy", "timestamp": 1765842740310}, {"id": "1012462651", "price": 127.46, "amount": 8.72, "side": "sell", "timestamp": 1765842740513}, {"id": "1012462652", "price": 127.46, "amount": 20.0, "side": "sell", "timestamp": 1765842740718}, {"id": "1012462653", "price": 127.47, "amount": 0.01, "side": "buy", "timestamp": 1765842740918}, {"id": "1012462654", "price": 127.46, "amount": 6.46, "side": "sell", "timestamp": 1765842741022}, {"id": "1012462655", "price": 127.47, "amount": 12.49, "side": "buy", "timestamp": 1765842741161}, {"id": "1012462656", "price": 127.47, "amount": 28.16, "side": "buy", "timestamp": 1765842741837}, {"id": "1012462657", "price": 127.46, "amount": 3.83, "side": "sell", "timestamp": 1765842742019}, {"id": "1012462658", "price": 127.46, "amount": 66.66, "side": "sell", "timestamp": 1765842742299}, {"id": "1012462882", "price": 127.49, "amount": 3.76, "side": "sell", "timestamp": 1765842786618}, {"id": "1012462883", "price": 127.5, "amount": 0.11, "side": "buy", "timestamp": 1765842787004}, {"id": "1012462884", "price": 127.49, "amount": 79.9, "side": "sell", "timestamp": 1765842788332}, {"id": "1012462885", "price": 127.5, "amount": 2.43, "side": "buy", "timestamp": 1765842788718}, {"id": "1012462886", "price": 127.5, "amount": 7.33, "side": "buy", "timestamp": 1765842788856}, {"id": "1012462887", "price": 127.5, "amount": 2.63, "side": "buy", "timestamp": 1765842789079}, {"id": "1012462888", "price": 127.5, "amount": 19.46, "side": "buy", "timestamp": 1765842789249}, {"id": "1012462889", "price": 127.5, "amount": 7.69, "side": "buy", "timestamp": 1765842789735}, {"id": "1012462890", "price": 127.5, "amount": 9.47, "side": "buy", "timestamp": 1765842789916}, {"id": "1012462891", "price": 127.5, "amount": 5.15, "side": "buy", "timestamp": 1765842790027}, {"id": "1012462892", "price": 127.49, "amount": 0.05, "side": "sell", "timestamp": 1765842790089}, {"id": "1012462893", "price": 127.5, "amount": 1.81, "side": "buy", "timestamp": 1765842790122}, {"id": "1012462894", "price": 127.5, "amount": 0.47, "side": "buy", "timestamp": 1765842790246}, {"id": "1012462895", "price": 127.5, "amount": 19.07, "side": "buy", "timestamp": 1765842790385}, {"id": "1012462896", "price": 127.5, "amount": 26.09, "side": "buy", "timestamp": 1765842790885}, {"id": "1012462897", "price": 127.49, "amount": 6.01, "side": "sell", "timestamp": 1765842790985}, {"id": "1012462898", "price": 127.5, "amount": 98.03, "side": "buy", "timestamp": 1765842791046}, {"id": "1012462899", "price": 127.5, "amount": 223.53, "side": "buy", "timestamp": 1765842791584}, {"id": "1012462900", "price": 127.49, "amount": 0.19, "side": "sell", "timestamp": 1765842791914}, {"id": "1012462901", "price": 127.5, "amount": 3.98, "side": "buy", "timestamp": 1765842792573}, {"id": "1012462902", "price": 127.5, "amount": 2.26, "side": "buy", "timestamp": 1765842792753}, {"id": "1012462903", "price": 127.5, "amount": 30.79, "side": "buy", "timestamp": 1765842792876}, {"id": "1012462904", "price": 127.49, "amount": 48.63, "side": "sell", "timestamp": 1765842792915}, {"id": "1012462905", "price": 127.5, "amount": 4.49, "side": "buy", "timestamp": 1765842792928}, {"id": "1012462906", "price": 127.5, "amount": 2.43, "side": "buy", "timestamp": 1765842793729}, {"id": "1012462907", "price": 127.5, "amount": 3.21, "side": "buy", "timestamp": 1765842793844}, {"id": "1012462908", "price": 127.49, "amount": 5.88, "side": "sell", "timestamp": 1765842793906}, {"id": "1012462909", "price": 127.5, "amount": 0.61, "side": "buy", "timestamp": 1765842793949}, {"id": "1012462910", "price": 127.5, "amount": 2.63, "side": "buy", "timestamp": 1765842794088}, {"id": "1012462911", "price": 127.49, "amount": 19.19, "side": "sell", "timestamp": 1765842794162}, {"id": "1012462912", "price": 127.5, "amount": 23.3, "side": "buy", "timestamp": 1765842794242}, {"id": "1012462913", "price": 127.49, "amount": 0.09, "side": "sell", "timestamp": 1765842794272}, {"id": "1012462914", "price": 127.5, "amount": 1.2, "side": "buy", "timestamp": 1765842794444}, {"id": "1012462915", "price": 127.5, "amount": 32.24, "side": "buy", "timestamp": 1765842794582}, {"id": "1012462916", "price": 127.5, "amount": 2.19, "side": "buy", "timestamp": 1765842794742}, {"id": "1012462917", "price": 127.49, "amount": 1.06, "side": "sell", "timestamp": 1765842794804}, {"id": "1012462918", "price": 127.5, "amount": 6.89, "side": "buy", "timestamp": 1765842794856}, {"id": "1012462919", "price": 127.5, "amount": 1.81, "side": "buy", "timestamp": 1765842795123}, {"id": "1012462920", "price": 127.5, "amount": 21.12, "side": "buy", "timestamp": 1765842795387}, {"id": "1012462921", "price": 127.5, "amount": 1.56, "side": "buy", "timestamp": 1765842795704}, {"id": "1012462922", "price": 127.5, "amount": 26.09, "side": "buy", "timestamp": 1765842795881}, {"id": "1012462923", "price": 127.5, "amount": 0.88, "side": "buy", "timestamp": 1765842796057}, {"id": "1012462924", "price": 127.5, "amount": 0.1, "side": "buy", "timestamp": 1765842796210}, {"id": "1012462925", "price": 127.49, "amount": 0.11, "side": "sell", "timestamp": 1765842796700}, {"id": "1012462926", "price": 127.5, "amount": 17.41, "side": "buy", "timestamp": 1765842797250}, {"id": "1012462927", "price": 127.5, "amount": 30.37, "side": "buy", "timestamp": 1765842797400}, {"id": "1012462928", "price": 127.49, "amount": 0.34, "side": "sell", "timestamp": 1765842797721}, {"id": "1012462929", "price": 127.49, "amount": 0.08, "side": "sell", "timestamp": 1765842797915}, {"id": "1012462930", "price": 127.5, "amount": 2.43, "side": "buy", "timestamp": 1765842798722}, {"id": "1012462931", "price": 127.5, "amount": 7.3, "side": "buy", "timestamp": 1765842798853}, {"id": "1012463095", "price": 127.54, "amount": 4.73, "side": "sell", "timestamp": 1765842840615}, {"id": "1012463096", "price": 127.55, "amount": 17.71, "side": "buy", "timestamp": 1765842840664}, {"id": "1012463097", "price": 127.55, "amount": 1.15, "side": "buy", "timestamp": 1765842840823}, {"id": "1012463098", "price": 127.55, "amount": 0.16, "side": "buy", "timestamp": 1765842841080}, {"id": "1012463099", "price": 127.55, "amount": 3.08, "side": "buy", "timestamp": 1765842841260}, {"id": "1012463100", "price": 127.55, "amount": 0.39, "side": "buy", "timestamp": 1765842841428}, {"id": "1012463101", "price": 127.55, "amount": 2.35, "side": "buy", "timestamp": 1765842841648}, {"id": "1012463102", "price": 127.54, "amount": 12.64, "side": "sell", "timestamp": 1765842842041}, {"id": "1012463103", "price": 127.55, "amount": 0.51, "side": "buy", "timestamp": 1765842842129}, {"id": "1012463104", "price": 127.55, "amount": 3.72, "side": "buy", "timestamp": 1765842842350}, {"id": "1012463105", "price": 127.55, "amount": 7.73, "side": "buy", "timestamp": 1765842842857}, {"id": "1012463106", "price": 127.55, "amount": 3.86, "side": "buy", "timestamp": 1765842843045}, {"id": "1012463107", "price": 127.55, "amount": 0.22, "side": "buy", "timestamp": 1765842843302}, {"id": "1012463108", "price": 127.55, "amount": 48.2, "side": "buy", "timestamp": 1765842843869}, {"id": "1012463109", "price": 127.54, "amount": 2.87, "side": "sell", "timestamp": 1765842843915}, {"id": "1012463110", "price": 127.55, "amount": 0.33, "side": "buy", "timestamp": 1765842844228}, {"id": "1012463111", "price": 127.55, "amount": 0.14, "side": "buy", "timestamp": 1765842844465}, {"id": "1012463112", "price": 127.54, "amount": 0.31, "side": "sell", "timestamp": 1765842844835}, {"id": "1012463113", "price": 127.55, "amount": 0.26, "side": "buy", "timestamp": 1765842844866}, {"id": "1012463114", "price": 127.55, "amount": 0.27, "side": "buy", "timestamp": 1765842845237}, {"id": "1012463115", "price": 127.55, "amount": 0.61, "side": "buy", "timestamp": 1765842845423}, {"id": "1012463116", "price": 127.55, "amount": 0.09, "side": "buy", "timestamp": 1765842845754}, {"id": "1012463117", "price": 127.55, "amount": 0.08, "side": "buy", "timestamp": 1765842845888}, {"id": "1012463118", "price": 127.54, "amount": 38.16, "side": "sell", "timestamp": 1765842845900}, {"id": "1012463119", "price": 127.55, "amount": 0.2, "side": "buy", "timestamp": 1765842846290}, {"id": "1012463120", "price": 127.55, "amount": 0.07, "side": "buy", "timestamp": 1765842846418}, {"id": "1012463121", "price": 127.54, "amount": 5.79, "side": "sell", "timestamp": 1765842846657}, {"id": "1012463122", "price": 127.54, "amount": 0.29, "side": "sell", "timestamp": 1765842847189}, {"id": "1012463123", "price": 127.55, "amount": 22.02, "side": "buy", "timestamp": 1765842847442}, {"id": "1012463124", "price": 127.55, "amount": 95.01, "side": "buy", "timestamp": 1765842847707}, {"id": "1012463125", "price": 127.55, "amount": 1.03, "side": "buy", "timestamp": 1765842848035}, {"id": "1012463126", "price": 127.55, "amount": 8.08, "side": "buy", "timestamp": 1765842848410}, {"id": "1012463127", "price": 127.55, "amount": 0.21, "side": "buy", "timestamp": 1765842848722}, {"id": "1012463128", "price": 127.55, "amount": 19.83, "side": "buy", "timestamp": 1765842848922}, {"id": "1012463129", "price": 127.54, "amount": 6.17, "side": "sell", "timestamp": 1765842849553}, {"id": "1012463130", "price": 127.55, "amount": 6.24, "side": "buy", "timestamp": 1765842849727}, {"id": "1012463131", "price": 127.55, "amount": 12.43, "side": "buy", "timestamp": 1765842849958}, {"id": "1012463132", "price": 127.55, "amount": 1.18, "side": "buy", "timestamp": 1765842850086}, {"id": "1012463133", "price": 127.55, "amount": 0.07, "side": "buy", "timestamp": 1765842851394}, {"id": "1012463134", "price": 127.54, "amount": 0.2, "side": "sell", "timestamp": 1765842851505}, {"id": "1012463135", "price": 127.54, "amount": 1.82, "side": "sell", "timestamp": 1765842852050}, {"id": "1012463136", "price": 127.54, "amount": 1.82, "side": "sell", "timestamp": 1765842852182}, {"id": "1012463137", "price": 127.54, "amount": 241.34, "side": "sell", "timestamp": 1765842852437}, {"id": "1012463138", "price": 127.53, "amount": 225.87, "side": "sell", "timestamp": 1765842852745}, {"id": "1012463139", "price": 127.53, "amount": 77.68, "side": "buy", "timestamp": 1765842853270}, {"id": "1012463140", "price": 127.52, "amount": 58.0, "side": "sell", "timestamp": 1765842853312}, {"id": "1012463141", "price": 127.53, "amount": 0.16, "side": "buy", "timestamp": 1765842853354}, {"id": "1012463142", "price": 127.52, "amount": 0.4, "side": "sell", "timestamp": 1765842853399}, {"id": "1012463143", "price": 127.53, "amount": 1.26, "side": "buy", "timestamp": 1765842853648}, {"id": "1012463144", "price": 127.52, "amount": 0.51, "side": "sell", "timestamp": 1765842854099}, {"id": "1012463267", "price": 127.58, "amount": 0.53, "side": "buy", "timestamp": 1765842897390}, {"id": "1012463268", "price": 127.57, "amount": 0.09, "side": "sell", "timestamp": 1765842897843}, {"id": "1012463269", "price": 127.58, "amount": 0.05, "side": "buy", "timestamp": 1765842897991}, {"id": "1012463270", "price": 127.58, "amount": 10.0, "side": "buy", "timestamp": 1765842898127}, {"id": "1012463271", "price": 127.58, "amount": 0.47, "side": "buy", "timestamp": 1765842898338}, {"id": "1012463272", "price": 127.58, "amount": 6.62, "side": "buy", "timestamp": 1765842899310}, {"id": "1012463273", "price": 127.58, "amount": 10.0, "side": "buy", "timestamp": 1765842899470}, {"id": "1012463274", "price": 127.57, "amount": 15.73, "side": "sell", "timestamp": 1765842899557}, {"id": "1012463275", "price": 127.58, "amount": 25.92, "side": "buy", "timestamp": 1765842899558}, {"id": "1012463276", "price": 127.59, "amount": 1.18, "side": "buy", "timestamp": 1765842899777}, {"id": "1012463277", "price": 127.58, "amount": 10.0, "side": "sell", "timestamp": 1765842900025}, {"id": "1012463278", "price": 127.59, "amount": 28.5, "side": "buy", "timestamp": 1765842900090}, {"id": "1012463279", "price": 127.59, "amount": 0.29, "side": "buy", "timestamp": 1765842900259}, {"id": "1012463280", "price": 127.59, "amount": 1.8, "side": "buy", "timestamp": 1765842900656}, {"id": "1012463281", "price": 127.59, "amount": 0.67, "side": "buy", "timestamp": 1765842900820}, {"id": "1012463282", "price": 127.59, "amount": 0.25, "side": "buy", "timestamp": 1765842900965}, {"id": "1012463283", "price": 127.58, "amount": 0.17, "side": "sell", "timestamp": 1765842901432}, {"id": "1012463284", "price": 127.59, "amount": 6.0, "side": "buy", "timestamp": 1765842901513}, {"id": "1012463285", "price": 127.59, "amount": 7.19, "side": "buy", "timestamp": 1765842901796}, {"id": "1012463286", "price": 127.58, "amount": 3.0, "side": "sell", "timestamp": 1765842902196}, {"id": "1012463287", "price": 127.59, "amount": 220.99, "side": "buy", "timestamp": 1765842902559}, {"id": "1012463288", "price": 127.6, "amount": 0.77, "side": "buy", "timestamp": 1765842903506}, {"id": "1012463289", "price": 127.59, "amount": 0.04, "side": "sell", "timestamp": 1765842903706}, {"id": "1012463290", "price": 127.6, "amount": 0.05, "side": "buy", "timestamp": 1765842903990}, {"id": "1012463291", "price": 127.6, "amount": 0.05, "side": "buy", "timestamp": 1765842904336}, {"id": "1012463292", "price": 127.59, "amount": 2.32, "side": "sell", "timestamp": 1765842904444}, {"id": "1012463293", "price": 127.6, "amount": 1.27, "side": "buy", "timestamp": 1765842904654}, {"id": "1012463294", "price": 127.59, "amount": 1.09, "side": "sell", "timestamp": 1765842904693}, {"id": "1012463295", "price": 127.6, "amount": 0.06, "side": "buy", "timestamp": 1765842904767}, {"id": "1012463296", "price": 127.6, "amount": 0.15, "side": "buy", "timestamp": 1765842904906}, {"id": "1012463297", "price": 127.59, "amount": 5.0, "side": "sell", "timestamp": 1765842904917}, {"id": "1012463298", "price": 127.6, "amount": 0.29, "side": "buy", "timestamp": 1765842905243}, {"id": "1012463299", "price": 127.6, "amount": 0.1, "side": "buy", "timestamp": 1765842905470}, {"id": "1012463300", "price": 127.6, "amount": 8.56, "side": "buy", "timestamp": 1765842905630}, {"id": "1012463301", "price": 127.6, "amount": 2.31, "side": "buy", "timestamp": 1765842905771}, {"id": "1012463302", "price": 127.6, "amount": 185.38, "side": "buy", "timestamp": 1765842905996}, {"id": "1012463303", "price": 127.61, "amount": 9.46, "side": "buy", "timestamp": 1765842906024}, {"id": "1012463304", "price": 127.62, "amount": 1.09, "side": "buy", "timestamp": 1765842906088}, {"id": "1012463305", "price": 127.61, "amount": 1.96, "side": "sell", "timestamp": 1765842906744}, {"id": "1012463306", "price": 127.62, "amount": 0.1, "side": "buy", "timestamp": 1765842906943}, {"id": "1012463307", "price": 127.62, "amount": 284.36, "side": "buy", "timestamp": 1765842907392}, {"id": "1012463308", "price": 127.62, "amount": 0.3, "side": "sell", "timestamp": 1765842907438}, {"id": "1012463309", "price": 127.62, "amount": 0.28, "side": "sell", "timestamp": 1765842907699}, {"id": "1012463310", "price": 127.63, "amount": 3.47, "side": "buy", "timestamp": 1765842908171}, {"id": "1012463311", "price": 127.62, "amount": 1.0, "side": "sell", "timestamp": 1765842908372}, {"id": "1012463312", "price": 127.63, "amount": 0.05, "side": "buy", "timestamp": 1765842908993}, {"id": "1012463313", "price": 127.63, "amount": 1.16, "side": "buy", "timestamp": 1765842909138}, {"id": "1012463314", "price": 127.62, "amount": 11.45, "side": "sell", "timestamp": 1765842909224}, {"id": "1012463315", "price": 127.63, "amount": 37.04, "side": "buy", "timestamp": 1765842909254}, {"id": "1012463316", "price": 127.63, "amount": 4.1, "side": "buy", "timestamp": 1765842909549}, {"id": "1012463469", "price": 127.67, "amount": 5.41, "side": "sell", "timestamp": 1765842953043}, {"id": "1012463470", "price": 127.67, "amount": 81.26, "side": "sell", "timestamp": 1765842953208}, {"id": "1012463471", "price": 127.66, "amount": 0.09, "side": "sell", "timestamp": 1765842953222}, {"id": "1012463472", "price": 127.67, "amount": 1.0, "side": "buy", "timestamp": 1765842953235}, {"id": "1012463473", "price": 127.66, "amount": 13.96, "side": "sell", "timestamp": 1765842953314}, {"id": "1012463474", "price": 127.65, "amount": 17.57, "side": "sell", "timestamp": 1765842953457}, {"id": "1012463475", "price": 127.65, "amount": 0.21, "side": "buy", "timestamp": 1765842953706}, {"id": "1012463476", "price": 127.65, "amount": 0.23, "side": "buy", "timestamp": 1765842954041}, {"id": "1012463477", "price": 127.65, "amount": 0.25, "side": "buy", "timestamp": 1765842954185}, {"id": "1012463478", "price": 127.64, "amount": 0.31, "side": "sell", "timestamp": 1765842954733}, {"id": "1012463479", "price": 127.65, "amount": 0.07, "side": "buy", "timestamp": 1765842954778}, {"id": "1012463480", "price": 127.65, "amount": 0.19, "side": "buy", "timestamp": 1765842954906}, {"id": "1012463481", "price": 127.64, "amount": 92.17, "side": "sell", "timestamp": 1765842955230}, {"id": "1012463482", "price": 127.64, "amount": 2.21, "side": "sell", "timestamp": 1765842955336}, {"id": "1012463483", "price": 127.64, "amount": 182.91, "side": "buy", "timestamp": 1765842955500}, {"id": "1012463484", "price": 127.64, "amount": 16.1, "side": "buy", "timestamp": 1765842955792}, {"id": "1012463485", "price": 127.63, "amount": 8.81, "side": "sell", "timestamp": 1765842955872}, {"id": "1012463486", "price": 127.63, "amount": 0.49, "side": "sell", "timestamp": 1765842956091}, {"id": "1012463487", "price": 127.64, "amount": 0.11, "side": "buy", "timestamp": 1765842956209}, {"id": "1012463488", "price": 127.64, "amount": 4.5, "side": "buy", "timestamp": 1765842956310}, {"id": "1012463489", "price": 127.63, "amount": 0.05, "side": "sell", "timestamp": 1765842956333}, {"id": "1012463490", "price": 127.64, "amount": 0.21, "side": "buy", "timestamp": 1765842956520}, {"id": "1012463491", "price": 127.64, "amount": 0.27, "side": "buy", "timestamp": 1765842956677}, {"id": "1012463492", "price": 127.64, "amount": 0.11, "side": "buy", "timestamp": 1765842956882}, {"id": "1012463493", "price": 127.63, "amount": 1.62, "side": "sell", "timestamp": 1765842957133}, {"id": "1012463494", "price": 127.64, "amount": 0.3, "side": "buy", "timestamp": 1765842957210}, {"id": "1012463495", "price": 127.64, "amount": 0.04, "side": "buy", "timestamp": 1765842957368}, {"id": "1012463496", "price": 127.64, "amount": 105.09, "side": "buy", "timestamp": 1765842957933}, {"id": "1012463497", "price": 127.63, "amount": 0.31, "side": "sell", "timestamp": 1765842958220}, {"id": "1012463498", "price": 127.64, "amount": 1.41, "side": "buy", "timestamp": 1765842958670}, {"id": "1012463499", "price": 127.64, "amount": 0.32, "side": "buy", "timestamp": 1765842958816}, {"id": "1012463500", "price": 127.64, "amount": 6.0, "side": "buy", "timestamp": 1765842959463}, {"id": "1012463501", "price": 127.64, "amount": 4.76, "side": "buy", "timestamp": 1765842960656}, {"id": "1012463502", "price": 127.64, "amount": 20.61, "side": "buy", "timestamp": 1765842960904}, {"id": "1012463503", "price": 127.64, "amount": 0.23, "side": "buy", "timestamp": 1765842961053}, {"id": "1012463504", "price": 127.63, "amount": 77.15, "side": "sell", "timestamp": 1765842961802}, {"id": "1012463505", "price": 127.64, "amount": 58.53, "side": "buy", "timestamp": 1765842961894}, {"id": "1012463506", "price": 127.63, "amount": 6.19, "side": "sell", "timestamp": 1765842962132}, {"id": "1012463507", "price": 127.64, "amount": 0.15, "side": "buy", "timestamp": 1765842962341}, {"id": "1012463508", "price": 127.63, "amount": 1.66, "side": "sell", "timestamp": 1765842963265}, {"id": "1012463509", "price": 127.63, "amount": 3.91, "side": "sell", "timestamp": 1765842963488}, {"id": "1012463510", "price": 127.64, "amount": 6.0, "side": "buy", "timestamp": 1765842963890}, {"id": "1012463511", "price": 127.64, "amount": 21.02, "side": "buy", "timestamp": 1765842964250}, {"id": "1012463512", "price": 127.64, "amount": 0.19, "side": "buy", "timestamp": 1765842964376}, {"id": "1012463513", "price": 127.64, "amount": 0.05, "side": "buy", "timestamp": 1765842964552}, {"id": "1012463514", "price": 127.64, "amount": 0.28, "side": "buy", "timestamp": 1765842964681}, {"id": "1012463515", "price": 127.63, "amount": 20.0, "side": "sell", "timestamp": 1765842964809}, {"id": "1012463516", "price": 127.64, "amount": 0.63, "side": "buy", "timestamp": 1765842964863}, {"id": "1012463517", "price": 127.64, "amount": 0.73, "side": "buy", "timestamp": 1765842965071}, {"id": "1012463518", "price": 127.64, "amount": 4.88, "side": "buy", "timestamp": 1765842965188}, {"id": "1012463631", "price": 127.71, "amount": 2.1, "side": "sell", "timestamp": 1765843002546}, {"id": "1012463632", "price": 127.71, "amount": 0.65, "side": "sell", "timestamp": 1765843002729}, {"id": "1012463633", "price": 127.71, "amount": 139.82, "side": "sell", "timestamp": 1765843003269}, {"id": "1012463634", "price": 127.7, "amount": 113.96, "side": "sell", "timestamp": 1765843003338}, {"id": "1012463635", "price": 127.7, "amount": 0.61, "side": "buy", "timestamp": 1765843003344}, {"id": "1012463636", "price": 127.7, "amount": 1.92, "side": "buy", "timestamp": 1765843004254}, {"id": "1012463637", "price": 127.7, "amount": 0.15, "side": "buy", "timestamp": 1765843004543}, {"id": "1012463638", "price": 127.69, "amount": 1.59, "side": "sell", "timestamp": 1765843004698}, {"id": "1012463639", "price": 127.7, "amount": 0.15, "side": "buy", "timestamp": 1765843005020}, {"id": "1012463640", "price": 127.69, "amount": 197.43, "side": "sell", "timestamp": 1765843005022}, {"id": "1012463641", "price": 127.69, "amount": 2.87, "side": "buy", "timestamp": 1765843005073}, {"id": "1012463642", "price": 127.68, "amount": 0.05, "side": "sell", "timestamp": 1765843005093}, {"id": "1012463643", "price": 127.69, "amount": 0.22, "side": "buy", "timestamp": 1765843005228}, {"id": "1012463644", "price": 127.69, "amount": 6.71, "side": "buy", "timestamp": 1765843005687}, {"id": "1012463645", "price": 127.69, "amount": 3.91, "side": "buy", "timestamp": 1765843006306}, {"id": "1012463646", "price": 127.68, "amount": 1.0, "side": "sell", "timestamp": 1765843006669}, {"id": "1012463647", "price": 127.69, "amount": 0.08, "side": "buy", "timestamp": 1765843006690}, {"id": "1012463648", "price": 127.69, "amount": 11.95, "side": "buy", "timestamp": 1765843007903}, {"id": "1012463649", "price": 127.68, "amount": 0.33, "side": "sell", "timestamp": 1765843008222}, {"id": "1012463650", "price": 127.69, "amount": 1.89, "side": "buy", "timestamp": 1765843008531}, {"id": "1012463651", "price": 127.69, "amount": 2.8, "side": "buy", "timestamp": 1765843009151}, {"id": "1012463652", "price": 127.68, "amount": 8.08, "side": "sell", "timestamp": 1765843009472}, {"id": "1012463653", "price": 127.68, "amount": 5.49, "side": "sell", "timestamp": 1765843009597}, {"id": "1012463654", "price": 127.69, "amount": 31.76, "side": "buy", "timestamp": 1765843009786}, {"id": "1012463655", "price": 127.68, "amount": 0.14, "side": "sell", "timestamp": 1765843009844}, {"id": "1012463656", "price": 127.68, "amount": 0.39, "side": "sell", "timestamp": 1765843009959}, {"id": "1012463657", "price": 127.68, "amount": 0.75, "side": "sell", "timestamp": 1765843010077}, {"id": "1012463658", "price": 127.69, "amount": 0.78, "side": "buy", "timestamp": 1765843010430}, {"id": "1012463659", "price": 127.68, "amount": 12.13, "side": "sell", "timestamp": 1765843010541}, {"id": "1012463660", "price": 127.68, "amount": 0.48, "side": "sell", "timestamp": 1765843010821}, {"id": "1012463661", "price": 127.68, "amount": 0.37, "side": "sell", "timestamp": 1765843011148}, {"id": "1012463662", "price": 127.69, "amount": 19.55, "side": "buy", "timestamp": 1765843011260}, {"id": "1012463663", "price": 127.69, "amount": 5.0, "side": "buy", "timestamp": 1765843011761}, {"id": "1012463664", "price": 127.68, "amount": 0.36, "side": "sell", "timestamp": 1765843012257}, {"id": "1012463665", "price": 127.69, "amount": 3.67, "side": "buy", "timestamp": 1765843012501}, {"id": "1012463666", "price": 127.68, "amount": 0.05, "side": "sell", "timestamp": 1765843013116}, {"id": "1012463667", "price": 127.69, "amount": 0.05, "side": "buy", "timestamp": 1765843014072}, {"id": "1012463668", "price": 127.68, "amount": 0.72, "side": "sell", "timestamp": 1765843014123}, {"id": "1012463669", "price": 127.68, "amount": 1.04, "side": "sell", "timestamp": 1765843015159}, {"id": "1012463670", "price": 127.69, "amount": 0.28, "side": "buy", "timestamp": 1765843015188}, {"id": "1012463671", "price": 127.69, "amount": 100.0, "side": "buy", "timestamp": 1765843015970}, {"id": "1012463672", "price": 127.68, "amount": 20.67, "side": "sell", "timestamp": 1765843017084}, {"id": "1012463673", "price": 127.69, "amount": 3.91, "side": "buy", "timestamp": 1765843017227}, {"id": "1012463674", "price": 127.68, "amount": 0.04, "side": "sell", "timestamp": 1765843017469}, {"id": "1012463675", "price": 127.68, "amount": 0.71, "side": "sell", "timestamp": 1765843018121}, {"id": "1012463676", "price": 127.69, "amount": 0.62, "side": "buy", "timestamp": 1765843018727}, {"id": "1012463677", "price": 127.68, "amount": 0.29, "side": "sell", "timestamp": 1765843018800}, {"id": "1012463678", "price": 127.69, "amount": 3.41, "side": "buy", "timestamp": 1765843019078}, {"id": "1012463679", "price": 127.68, "amount": 0.09, "side": "sell", "timestamp": 1765843019665}, {"id": "1012463680", "price": 127.69, "amount": 4.0, "side": "buy", "timestamp": 1765843019912}, {"id": "1012463796", "price": 127.7, "amount": 0.04, "side": "buy", "timestamp": 1765843061031}, {"id": "1012463797", "price": 127.69, "amount": 2.65, "side": "sell", "timestamp": 1765843061536}, {"id": "1012463798", "price": 127.69, "amount": 0.28, "side": "sell", "timestamp": 1765843061996}, {"id": "1012463799", "price": 127.7, "amount": 2.32, "side": "buy", "timestamp": 1765843062524}, {"id": "1012463800", "price": 127.7, "amount": 0.43, "side": "buy", "timestamp": 1765843062823}, {"id": "1012463801", "price": 127.69, "amount": 0.36, "side": "sell", "timestamp": 1765843063118}, {"id": "1012463802", "price": 127.69, "amount": 5.51, "side": "sell", "timestamp": 1765843063585}, {"id": "1012463803", "price": 127.7, "amount": 116.37, "side": "buy", "timestamp": 1765843063899}, {"id": "1012463804", "price": 127.69, "amount": 1.51, "side": "sell", "timestamp": 1765843064009}, {"id": "1012463805", "price": 127.7, "amount": 7.33, "side": "buy", "timestamp": 1765843064077}, {"id": "1012463806", "price": 127.7, "amount": 4.45, "side": "buy", "timestamp": 1765843064222}, {"id": "1012463807", "price": 127.69, "amount": 39.16, "side": "sell", "timestamp": 1765843064379}, {"id": "1012463808", "price": 127.7, "amount": 3.86, "side": "buy", "timestamp": 1765843064719}, {"id": "1012463809", "price": 127.7, "amount": 1.85, "side": "buy", "timestamp": 1765843064825}, {"id": "1012463810", "price": 127.7, "amount": 1.71, "side": "buy", "timestamp": 1765843064959}, {"id": "1012463811", "price": 127.7, "amount": 5.21, "side": "buy", "timestamp": 1765843065068}, {"id": "1012463812", "price": 127.69, "amount": 2.06, "side": "sell", "timestamp": 1765843065174}, {"id": "1012463813", "price": 127.7, "amount": 39.38, "side": "buy", "timestamp": 1765843065590}, {"id": "1012463814", "price": 127.69, "amount": 0.77, "side": "sell", "timestamp": 1765843065721}, {"id": "1012463815", "price": 127.69, "amount": 0.36, "side": "sell", "timestamp": 1765843066288}, {"id": "1012463816", "price": 127.7, "amount": 0.08, "side": "buy", "timestamp": 1765843066559}, {"id": "1012463817", "price": 127.69, "amount": 20.43, "side": "sell", "timestamp": 1765843066569}, {"id": "1012463818", "price": 127.69, "amount": 0.06, "side": "sell", "timestamp": 1765843066700}, {"id": "1012463819", "price": 127.69, "amount": 150.28, "side": "sell", "timestamp": 1765843066855}, {"id": "1012463820", "price": 127.68, "amount": 0.01, "side": "sell", "timestamp": 1765843067479}, {"id": "1012463821", "price": 127.69, "amount": 1.16, "side": "buy", "timestamp": 1765843067856}, {"id": "1012463822", "price": 127.69, "amount": 0.86, "side": "buy", "timestamp": 1765843068044}, {"id": "1012463823", "price": 127.68, "amount": 0.36, "side": "sell", "timestamp": 1765843068134}, {"id": "1012463824", "price": 127.68, "amount": 5.47, "side": "sell", "timestamp": 1765843068471}, {"id": "1012463825", "price": 127.68, "amount": 0.36, "side": "sell", "timestamp": 1765843069257}, {"id": "1012463826", "price": 127.69, "amount": 0.21, "side": "buy", "timestamp": 1765843069352}, {"id": "1012463827", "price": 127.69, "amount": 10.05, "side": "buy", "timestamp": 1765843069706}, {"id": "1012463828", "price": 127.68, "amount": 0.3, "side": "sell", "timestamp": 1765843070081}, {"id": "1012463829", "price": 127.69, "amount": 0.31, "side": "buy", "timestamp": 1765843070083}, {"id": "1012463830", "price": 127.68, "amount": 0.41, "side": "sell", "timestamp": 1765843070188}, {"id": "1012463831", "price": 127.68, "amount": 10.67, "side": "sell", "timestamp": 1765843071081}, {"id": "1012463832", "price": 127.68, "amount": 0.04, "side": "sell", "timestamp": 1765843071250}, {"id": "1012463833", "price": 127.68, "amount": 4.04, "side": "sell", "timestamp": 1765843071721}, {"id": "1012463834", "price": 127.68, "amount": 0.34, "side": "sell", "timestamp": 1765843072166}, {"id": "1012463835", "price": 127.69, "amount": 1.08, "side": "buy", "timestamp": 1765843072250}, {"id": "1012463836", "price": 127.69, "amount": 0.06, "side": "buy", "timestamp": 1765843072958}, {"id": "1012463837", "price": 127.69, "amount": 1.29, "side": "buy", "timestamp": 1765843073269}, {"id": "1012463838", "price": 127.69, "amount": 2.49, "side": "buy", "timestamp": 1765843073396}, {"id": "1012463839", "price": 127.68, "amount": 234.98, "side": "sell", "timestamp": 1765843073585}, {"id": "1012463840", "price": 127.68, "amount": 59.53, "side": "sell", "timestamp": 1765843074071}, {"id": "1012463841", "price": 127.68, "amount": 17.12, "side": "buy", "timestamp": 1765843074193}, {"id": "1012463842", "price": 127.68, "amount": 1.51, "side": "buy", "timestamp": 1765843074679}, {"id": "1012463843", "price": 127.68, "amount": 1.01, "side": "buy", "timestamp": 1765843074992}, {"id": "1012463844", "price": 127.68, "amount": 0.06, "side": "buy", "timestamp": 1765843075181}, {"id": "1012463845", "price": 127.68, "amount": 17.51, "side": "buy", "timestamp": 1765843075500}, {"id": "1012464005", "price": 127.65, "amount": 23.19, "side": "sell", "timestamp": 1765843119161}, {"id": "1012464006", "price": 127.65, "amount": 1.17, "side": "sell", "timestamp": 1765843119477}, {"id": "1012464007", "price": 127.66, "amount": 10.0, "side": "buy", "timestamp": 1765843119559}, {"id": "1012464008", "price": 127.66, "amount": 1.31, "side": "buy", "timestamp": 1765843119888}, {"id": "1012464009", "price": 127.65, "amount": 10.51, "side": "sell", "timestamp": 1765843120040}, {"id": "1012464010", "price": 127.65, "amount": 1.64, "side": "sell", "timestamp": 1765843120148}, {"id": "1012464011", "price": 127.66, "amount": 0.16, "side": "buy", "timestamp": 1765843120383}, {"id": "1012464012", "price": 127.66, "amount": 215.49, "side": "buy", "timestamp": 1765843120559}, {"id": "1012464013", "price": 127.67, "amount": 32.44, "side": "buy", "timestamp": 1765843120764}, {"id": "1012464014", "price": 127.67, "amount": 0.94, "side": "sell", "timestamp": 1765843121040}, {"id": "1012464015", "price": 127.67, "amount": 5.0, "side": "sell", "timestamp": 1765843121513}, {"id": "1012464016", "price": 127.67, "amount": 0.28, "side": "sell", "timestamp": 1765843121662}, {"id": "1012464017", "price": 127.68, "amount": 0.8, "side": "buy", "timestamp": 1765843121886}, {"id": "1012464018", "price": 127.68, "amount": 0.2, "side": "buy", "timestamp": 1765843122171}, {"id": "1012464019", "price": 127.68, "amount": 6.0, "side": "buy", "timestamp": 1765843122936}, {"id": "1012464020", "price": 127.67, "amount": 0.77, "side": "sell", "timestamp": 1765843123886}, {"id": "1012464021", "price": 127.68, "amount": 3.55, "side": "buy", "timestamp": 1765843124267}, {"id": "1012464022", "price": 127.67, "amount": 5.0, "side": "sell", "timestamp": 1765843124459}, {"id": "1012464023", "price": 127.67, "amount": 0.27, "side": "sell", "timestamp": 1765843124627}, {"id": "1012464024", "price": 127.68, "amount": 110.1, "side": "buy", "timestamp": 1765843124857}, {"id": "1012464025", "price": 127.68, "amount": 1.19, "side": "sell", "timestamp": 1765843125771}, {"id": "1012464026", "price": 127.69, "amount": 8.14, "side": "buy", "timestamp": 1765843126162}, {"id": "1012464027", "price": 127.68, "amount": 0.08, "side": "sell", "timestamp": 1765843126370}, {"id": "1012464028", "price": 127.69, "amount": 1.1, "side": "buy", "timestamp": 1765843126753}, {"id": "1012464029", "price": 127.68, "amount": 0.22, "side": "sell", "timestamp": 1765843126968}, {"id": "1012464030", "price": 127.68, "amount": 7.89, "side": "sell", "timestamp": 1765843127525}, {"id": "1012464031", "price": 127.68, "amount": 0.1, "side": "sell", "timestamp": 1765843127633}, {"id": "1012464032", "price": 127.69, "amount": 0.4, "side": "buy", "timestamp": 1765843127792}, {"id": "1012464033", "price": 127.69, "amount": 1.62, "side": "buy", "timestamp": 1765843128272}, {"id": "1012464034", "price": 127.68, "amount": 2.44, "side": "sell", "timestamp": 1765843128378}, {"id": "1012464035", "price": 127.69, "amount": 0.23, "side": "buy", "timestamp": 1765843129056}, {"id": "1012464036", "price": 127.68, "amount": 0.28, "side": "sell", "timestamp": 1765843129062}, {"id": "1012464037", "price": 127.69, "amount": 2.28, "side": "buy", "timestamp": 1765843129489}, {"id": "1012464038", "price": 127.69, "amount": 1.68, "side": "buy", "timestamp": 1765843129761}, {"id": "1012464039", "price": 127.68, "amount": 2.32, "side": "sell", "timestamp": 1765843129845}, {"id": "1012464040", "price": 127.69, "amount": 8.42, "side": "buy", "timestamp": 1765843129856}, {"id": "1012464041", "price": 127.69, "amount": 1.34, "side": "buy", "timestamp": 1765843129959}, {"id": "1012464042", "price": 127.69, "amount": 0.48, "side": "buy", "timestamp": 1765843130074}, {"id": "1012464043", "price": 127.68, "amount": 0.43, "side": "sell", "timestamp": 1765843130180}, {"id": "1012464044", "price": 127.68, "amount": 0.06, "side": "sell", "timestamp": 1765843130387}, {"id": "1012464045", "price": 127.68, "amount": 0.11, "side": "sell", "timestamp": 1765843130544}, {"id": "1012464046", "price": 127.68, "amount": 0.12, "side": "sell", "timestamp": 1765843130836}, {"id": "1012464047", "price": 127.69, "amount": 0.15, "side": "buy", "timestamp": 1765843130893}, {"id": "1012464048", "price": 127.68, "amount": 0.42, "side": "sell", "timestamp": 1765843131285}, {"id": "1012464049", "price": 127.69, "amount": 0.16, "side": "buy", "timestamp": 1765843131602}, {"id": "1012464050", "price": 127.68, "amount": 0.16, "side": "sell", "timestamp": 1765843131671}, {"id": "1012464051", "price": 127.68, "amount": 4.0, "side": "sell", "timestamp": 1765843131908}, {"id": "1012464052", "price": 127.69, "amount": 1.56, "side": "buy", "timestamp": 1765843132177}, {"id": "1012464053", "price": 127.68, "amount": 16.53, "side": "sell", "timestamp": 1765843132788}, {"id": "1012464054", "price": 127.69, "amount": 11.12, "side": "buy", "timestamp": 1765843132895}, {"id": "1012464164", "price": 127.7, "amount": 12.22, "side": "buy", "timestamp": 1765843165817}, {"id": "1012464165", "price": 127.69, "amount": 1537.74, "side": "sell", "timestamp": 1765843166660}, {"id": "1012464166", "price": 127.68, "amount": 86.35, "side": "sell", "timestamp": 1765843166668}, {"id": "1012464167", "price": 127.68, "amount": 11.73, "side": "buy", "timestamp": 1765843166672}, {"id": "1012464168", "price": 127.68, "amount": 2.0, "side": "buy", "timestamp": 1765843166916}, {"id": "1012464169", "price": 127.67, "amount": 1.04, "side": "sell", "timestamp": 1765843167712}, {"id": "1012464170", "price": 127.68, "amount": 12.95, "side": "buy", "timestamp": 1765843168629}, {"id": "1012464171", "price": 127.68, "amount": 178.0, "side": "buy", "timestamp": 1765843169134}, {"id": "1012464172", "price": 127.67, "amount": 54.65, "side": "sell", "timestamp": 1765843171140}, {"id": "1012464173", "price": 127.68, "amount": 0.22, "side": "buy", "timestamp": 1765843172180}, {"id": "1012464174", "price": 127.68, "amount": 0.1, "side": "buy", "timestamp": 1765843172351}, {"id": "1012464175", "price": 127.68, "amount": 380.67, "side": "buy", "timestamp": 1765843173704}, {"id": "1012464176", "price": 127.69, "amount": 105.0, "side": "buy", "timestamp": 1765843173737}, {"id": "1012464177", "price": 127.7, "amount": 44.84, "side": "buy", "timestamp": 1765843173741}, {"id": "1012464178", "price": 127.71, "amount": 339.06, "side": "buy", "timestamp": 1765843173752}, {"id": "1012464179", "price": 127.72, "amount": 358.8, "side": "buy", "timestamp": 1765843173842}, {"id": "1012464180", "price": 127.73, "amount": 260.14, "side": "buy", "timestamp": 1765843173842}, {"id": "1012464181", "price": 127.72, "amount": 112.34, "side": "sell", "timestamp": 1765843173846}, {"id": "1012464182", "price": 127.72, "amount": 7.79, "side": "sell", "timestamp": 1765843174163}, {"id": "1012464183", "price": 127.72, "amount": 10.69, "side": "buy", "timestamp": 1765843174414}, {"id": "1012464184", "price": 127.72, "amount": 0.12, "side": "buy", "timestamp": 1765843174950}, {"id": "1012464185", "price": 127.72, "amount": 6.0, "side": "buy", "timestamp": 1765843175646}, {"id": "1012464186", "price": 127.72, "amount": 1.0, "side": "buy", "timestamp": 1765843178165}, {"id": "1012464187", "price": 127.71, "amount": 2.0, "side": "sell", "timestamp": 1765843178353}, {"id": "1012464188", "price": 127.71, "amount": 0.09, "side": "sell", "timestamp": 1765843178796}, {"id": "1012464189", "price": 127.72, "amount": 0.31, "side": "buy", "timestamp": 1765843178850}, {"id": "1012464190", "price": 127.71, "amount": 2.41, "side": "sell", "timestamp": 1765843179081}, {"id": "1012464191", "price": 127.72, "amount": 0.56, "side": "buy", "timestamp": 1765843179244}, {"id": "1012464192", "price": 127.71, "amount": 0.06, "side": "sell", "timestamp": 1765843179517}, {"id": "1012464193", "price": 127.72, "amount": 11.82, "side": "buy", "timestamp": 1765843179848}, {"id": "1012464194", "price": 127.72, "amount": 301.13, "side": "buy", "timestamp": 1765843180071}, {"id": "1012464195", "price": 127.73, "amount": 0.23, "side": "buy", "timestamp": 1765843180205}, {"id": "1012464196", "price": 127.72, "amount": 8.34, "side": "sell", "timestamp": 1765843181255}, {"id": "1012464197", "price": 127.73, "amount": 23.07, "side": "buy", "timestamp": 1765843181393}, {"id": "1012464198", "price": 127.73, "amount": 11.57, "side": "buy", "timestamp": 1765843182037}, {"id": "1012464199", "price": 127.72, "amount": 39.15, "side": "sell", "timestamp": 1765843182854}, {"id": "1012464200", "price": 127.72, "amount": 1.61, "side": "sell", "timestamp": 1765843182955}, {"id": "1012464201", "price": 127.72, "amount": 0.43, "side": "sell", "timestamp": 1765843183131}, {"id": "1012464202", "price": 127.72, "amount": 0.4, "side": "sell", "timestamp": 1765843184179}, {"id": "1012464203", "price": 127.73, "amount": 1.27, "side": "buy", "timestamp": 1765843184711}, {"id": "1012464204", "price": 127.73, "amount": 2.33, "side": "buy", "timestamp": 1765843184832}, {"id": "1012464205", "price": 127.73, "amount": 4.4, "side": "buy", "timestamp": 1765843184948}, {"id": "1012464206", "price": 127.73, "amount": 5.18, "side": "buy", "timestamp": 1765843185082}, {"id": "1012464207", "price": 127.72, "amount": 0.58, "side": "sell", "timestamp": 1765843185546}, {"id": "1012464208", "price": 127.73, "amount": 0.05, "side": "buy", "timestamp": 1765843185893}, {"id": "1012464209", "price": 127.73, "amount": 1.0, "side": "buy", "timestamp": 1765843186109}, {"id": "1012464210", "price": 127.72, "amount": 0.4, "side": "sell", "timestamp": 1765843186295}, {"id": "1012464211", "price": 127.72, "amount": 0.09, "side": "sell", "timestamp": 1765843187009}, {"id": "1012464212", "price": 127.72, "amount": 30.64, "side": "sell", "timestamp": 1765843187965}, {"id": "1012464213", "price": 127.72, "amount": 0.32, "side": "sell", "timestamp": 1765843188173}]