[{"symbol": "DOGEUSDT", "bids": [[0.13203, 193449.0], [0.13202, 185077.0], [0.13201, 370425.0], [0.132, 284705.0], [0.13199, 455022.0], [0.13198, 392673.0], [0.13197, 376124.0], [0.13196, 460972.0], [0.13195, 399177.0], [0.13194, 494428.0], [0.13193, 399236.0], [0.13192, 311816.0], [0.13191, 424315.0], [0.1319, 348588.0], [0.13189, 750441.0], [0.13188, 510780.0], [0.13187, 410730.0], [0.13186, 426400.0], [0.13185, 1416877.0], [0.13184, 840896.0]], "asks": [[0.13204, 79257.0], [0.13205, 269812.0], [0.13206, 174101.0], [0.13207, 398371.0], [0.13208, 966583.0], [0.13209, 899120.0], [0.1321, 812387.0], [0.13211, 720953.0], [0.13212, 762320.0], [0.13213, 691561.0], [0.13214, 329271.0], [0.13215, 293913.0], [0.13216, 465433.0], [0.13217, 513212.0], [0.13218, 478197.0], [0.13219, 412700.0], [0.1322, 493043.0], [0.13221, 847855.0], [0.13222, 553625.0], [0.13223, 422108.0]], "timestamp": "2025-12-20T00:00:26.978022+00:00"}, {"symbol": "DOGEUSDT", "bids": [[0.13215, 154148.0], [0.13214, 415161.0], [0.13213, 434220.0], [0.13212, 370835.0], [0.13211, 571824.0], [0.1321, 883511.0], [0.13209, 345646.0], [0.13208, 462935.0], [0.13207, 733996.0], [0.13206, 653273.0], [0.13205, 302752.0], [0.13204, 347371.0], [0.13203, 168252.0], [0.13202, 220161.0], [0.13201, 322622.0], [0.132, 322268.0], [0.13199, 208089.0], [0.13198, 489825.0], [0.13197, 1166474.0], [0.13196, 709847.0]], "asks": [[0.13216, 165776.0], [0.13217, 210400.0], [0.13218, 291984.0], [0.13219, 211648.0], [0.1322, 757157.0], [0.13221, 503079.0], [0.13222, 391753.0], [0.13223, 589233.0], [0.13224, 601813.0], [0.13225, 724203.0], [0.13226, 976588.0], [0.13227, 284844.0], [0.13228, 173452.0], [0.13229, 395804.0], [0.1323, 839565.0], [0.13231, 711212.0], [0.13232, 930790.0], [0.13233, 464069.0], [0.13234, 662991.0], [0.13235, 733159.0]], "timestamp": "2025-12-20T00:01:20.368108+00:00"}, {"symbol": "DOGEUSDT", "bids": [[0.13187, 172385.0], [0.13186, 274188.0], [0.13185, 251898.0], [0.13184, 450048.0], [0.13183, 515675.0], [0.13182, 786776.0], [0.13181, 673172.0], [0.1318, 702700.0], [0.13179, 416655.0], [0.13178, 369086.0], [0.13177, 411647.0], [0.13176, 373100.0], [0.13175, 340525.0], [0.13174, 346742.0], [0.13173, 727347.0], [0.13172, 332766.0], [0.13171, 457849.0], [0.1317, 942750.0], [0.13169, 1269506.0], [0.13168, 385278.0]], "asks": [[0.13188, 139491.0], [0.13189, 249669.0], [0.1319, 408222.0], [0.13191, 1225301.0], [0.13192, 586214.0], [0.13193, 518292.0], [0.13194, 501665.0], [0.13195, 508984.0], [0.13196, 328042.0], [0.13197, 553843.0], [0.13198, 1097342.0], [0.13199, 296357.0], [0.132, 673503.0], [0.13201, 373543.0], [0.13202, 514642.0], [0.13203, 1144286.0], [0.13204, 459486.0], [0.13205, 345543.0], [0.13206, 412284.0], [0.13207, 510559.0]], "timestamp": "2025-12-20T00:02:31.519220+00:00"}, {"symbol": "DOGEUSDT", "bids": [[0.13196, 219877.0], [0.13195, 252333.0], [0.13194, 318835.0], [0.13193, 333883.0], [0.13192, 658181.0], [0.13191, 389424.0], [0.1319, 374355.0], [0.13189, 275634.0], [0.13188, 341661.0], [0.13187, 413495.0], [0.13186, 395534.0], [0.13185, 177922.0], [0.13184, 357141.0], [0.13183, 431852.0], [0.13182, 722486.0], [0.13181, 286424.0], [0.1318, 298479.0], [0.13179, 598636.0], [0.13178, 1102601.0], [0.13177, 371369.0]], "asks": [[0.13197, 180588.0], [0.13198, 180249.0], [0.13199, 375463.0], [0.132, 371914.0], [0.13201, 563406.0], [0.13202, 398858.0], [0.13203, 479265.0], [0.13204, 671055.0], [0.13205, 500713.0], [0.13206, 547398.0], [0.13207, 1128619.0], [0.13208, 508459.0], [0.13209, 568485.0], [0.1321, 331426.0], [0.13211, 399283.0], [0.13212, 795264.0], [0.13213, 496878.0], [0.13214, 358718.0], [0.13215, 486649.0], [0.13216, 1038053.0]], "timestamp": "2025-12-20T00:03:26.014967+00:00"}, {"symbol": "DOGEUSDT", "bids": [[0.13188, 268029.0], [0.13187, 310975.0], [0.13186, 261064.0], [0.13185, 203394.0], [0.13184, 427117.0], [0.13183, 256539.0], [0.13182, 367110.0], [0.13181, 651110.0], [0.1318, 435530.0], [0.13179, 483769.0], [0.13178, 250855.0], [0.13177, 302997.0], [0.13176, 428021.0], [0.13175, 653200.0], [0.13174, 659224.0], [0.13173, 962994.0], [0.13172, 714096.0], [0.13171, 1062913.0], [0.1317, 883713.0], [0.13169, 606160.0]], "asks": [[0.13189, 33007.0], [0.1319, 196874.0], [0.13191, 182567.0], [0.13192, 518526.0], [0.13193, 747633.0], [0.13194, 553307.0], [0.13195, 433590.0], [0.13196, 921648.0], [0.13197, 509898.0], [0.13198, 436135.0], [0.13199, 1133218.0], [0.132, 499633.0], [0.13201, 365548.0], [0.13202, 480903.0], [0.13203, 683489.0], [0.13204, 474615.0], [0.13205, 435404.0], [0.13206, 536498.0], [0.13207, 739979.0], [0.13208, 546180.0]], "timestamp": "2025-12-20T00:05:23.256207+00:00"}, {"symbol": "DOGEUSDT", "bids": [[0.13185, 259759.0], [0.13184, 517758.0], [0.13183, 316269.0], [0.13182, 440018.0], [0.13181, 782528.0], [0.1318, 467287.0], [0.13179, 490327.0], [0.13178, 535758.0], [0.13177, 463202.0], [0.13176, 478465.0], [0.13175, 694217.0], [0.13174, 432448.0], [0.13173, 918548.0], [0.13172, 708954.0], [0.13171, 1041799.0], [0.1317, 350927.0], [0.13169, 536797.0], [0.13168, 511167.0], [0.13167, 1386737.0], [0.13166, 245098.0]], "asks": [[0.13186, 13783.0], [0.13187, 131202.0], [0.13188, 344888.0], [0.13189, 407037.0], [0.1319, 736147.0], [0.13191, 675077.0], [0.13192, 687056.0], [0.13193, 525612.0], [0.13194, 491931.0], [0.13195, 354493.0], [0.13196, 647595.0], [0.13197, 1140886.0], [0.13198, 384629.0], [0.13199, 488119.0], [0.132, 452535.0], [0.13201, 418400.0], [0.13202, 481971.0], [0.13203, 694543.0], [0.13204, 855284.0], [0.13205, 436290.0]], "timestamp": "2025-12-20T00:06:16.929321+00:00"}, {"symbol": "DOGEUSDT", "bids": [[0.13186, 463924.0], [0.13185, 167355.0], [0.13184, 262227.0], [0.13183, 362466.0], [0.13182, 1022890.0], [0.13181, 709929.0], [0.1318, 389209.0], [0.13179, 290607.0], [0.13178, 502988.0], [0.13177, 440043.0], [0.13176, 426758.0], [0.13175, 671897.0], [0.13174, 543845.0], [0.13173, 1021183.0], [0.13172, 668108.0], [0.13171, 340893.0], [0.1317, 341907.0], [0.13169, 777171.0], [0.13168, 1400159.0], [0.13167, 1588856.0]], "asks": [[0.13187, 606821.0], [0.13188, 439519.0], [0.13189, 161726.0], [0.1319, 313173.0], [0.13191, 807529.0], [0.13192, 545624.0], [0.13193, 545733.0], [0.13194, 392279.0], [0.13195, 563120.0], [0.13196, 831163.0], [0.13197, 859600.0], [0.13198, 1142748.0], [0.13199, 487536.0], [0.132, 363794.0], [0.13201, 416648.0], [0.13202, 482275.0], [0.13203, 613576.0], [0.13204, 842335.0], [0.13205, 451961.0], [0.13206, 425452.0]], "timestamp": "2025-12-20T00:07:09.514724+00:00"}, {"symbol": "DOGEUSDT", "bids": [[0.13185, 52868.0], [0.13184, 615083.0], [0.13183, 322656.0], [0.13182, 817201.0], [0.13181, 712867.0], [0.1318, 484830.0], [0.13179, 357023.0], [0.13178, 491256.0], [0.13177, 453138.0], [0.13176, 483114.0], [0.13175, 654351.0], [0.13174, 546563.0], [0.13173, 919310.0], [0.13172, 659098.0], [0.13171, 217393.0], [0.1317, 342263.0], [0.13169, 651368.0], [0.13168, 667070.0], [0.13167, 2535727.0], [0.13166, 250301.0]], "asks": [[0.13186, 375319.0], [0.13187, 467799.0], [0.13188, 410357.0], [0.13189, 614676.0], [0.1319, 818608.0], [0.13191, 431139.0], [0.13192, 593264.0], [0.13193, 610723.0], [0.13194, 522873.0], [0.13195, 310923.0], [0.13196, 933591.0], [0.13197, 1191492.0], [0.13198, 345163.0], [0.13199, 502152.0], [0.132, 502498.0], [0.13201, 548231.0], [0.13202, 479066.0], [0.13203, 679207.0], [0.13204, 813860.0], [0.13205, 535680.0]], "timestamp": "2025-12-20T00:08:02.395931+00:00"}, {"symbol": "DOGEUSDT", "bids": [[0.13187, 402130.0], [0.13186, 181053.0], [0.13185, 476173.0], [0.13184, 754061.0], [0.13183, 518069.0], [0.13182, 976245.0], [0.13181, 677102.0], [0.1318, 443527.0], [0.13179, 491738.0], [0.13178, 429694.0], [0.13177, 295816.0], [0.13176, 304412.0], [0.13175, 732492.0], [0.13174, 447008.0], [0.13173, 971104.0], [0.13172, 780672.0], [0.13171, 468297.0], [0.1317, 2130686.0], [0.13169, 509823.0], [0.13168, 395644.0]], "asks": [[0.13188, 302466.0], [0.13189, 337458.0], [0.1319, 203687.0], [0.13191, 481789.0], [0.13192, 726967.0], [0.13193, 494407.0], [0.13194, 455855.0], [0.13195, 533638.0], [0.13196, 978702.0], [0.13197, 436274.0], [0.13198, 552103.0], [0.13199, 1041604.0], [0.132, 451573.0], [0.13201, 659594.0], [0.13202, 521270.0], [0.13203, 641382.0], [0.13204, 516006.0], [0.13205, 569939.0], [0.13206, 456961.0], [0.13207, 813510.0]], "timestamp": "2025-12-20T00:08:55.951409+00:00"}, {"symbol": "DOGEUSDT", "bids": [[0.13193, 301049.0], [0.13192, 393453.0], [0.13191, 566364.0], [0.1319, 394874.0], [0.13189, 919335.0], [0.13188, 528460.0], [0.13187, 462695.0], [0.13186, 573216.0], [0.13185, 461789.0], [0.13184, 984473.0], [0.13183, 395796.0], [0.13182, 788952.0], [0.13181, 576593.0], [0.1318, 247746.0], [0.13179, 332222.0], [0.13178, 458150.0], [0.13177, 748018.0], [0.13176, 395121.0], [0.13175, 1351105.0], [0.13174, 481396.0]], "asks": [[0.13194, 94798.0], [0.13195, 165096.0], [0.13196, 230844.0], [0.13197, 405505.0], [0.13198, 1106799.0], [0.13199, 694781.0], [0.132, 623269.0], [0.13201, 846485.0], [0.13202, 430419.0], [0.13203, 300026.0], [0.13204, 572753.0], [0.13205, 1394696.0], [0.13206, 379839.0], [0.13207, 601626.0], [0.13208, 449176.0], [0.13209, 688808.0], [0.1321, 321523.0], [0.13211, 967080.0], [0.13212, 640021.0], [0.13213, 679097.0]], "timestamp": "2025-12-20T00:09:49.302262+00:00"}, {"symbol": "DOGEUSDT", "bids": [[0.13194, 90315.0], [0.13193, 130667.0], [0.13192, 541334.0], [0.13191, 323345.0], [0.1319, 767726.0], [0.13189, 530707.0], [0.13188, 461237.0], [0.13187, 457323.0], [0.13186, 566413.0], [0.13185, 148777.0], [0.13184, 226118.0], [0.13183, 324496.0], [0.13182, 767251.0], [0.13181, 615710.0], [0.1318, 266373.0], [0.13179, 328117.0], [0.13178, 421797.0], [0.13177, 755397.0], [0.13176, 1649727.0], [0.13175, 635107.0]], "asks": [[0.13195, 516947.0], [0.13196, 366173.0], [0.13197, 500078.0], [0.13198, 577510.0], [0.13199, 1041240.0], [0.132, 633780.0], [0.13201, 1063144.0], [0.13202, 537432.0], [0.13203, 524764.0], [0.13204, 670844.0], [0.13205, 536611.0], [0.13206, 1555729.0], [0.13207, 645573.0], [0.13208, 482908.0], [0.13209, 338136.0], [0.1321, 385351.0], [0.13211, 308911.0], [0.13212, 526227.0], [0.13213, 387058.0], [0.13214, 544595.0]], "timestamp": "2025-12-20T00:10:42.755553+00:00"}, {"symbol": "DOGEUSDT", "bids": [[0.13197, 183022.0], [0.13196, 164724.0], [0.13195, 494502.0], [0.13194, 400576.0], [0.13193, 342239.0], [0.13192, 804951.0], [0.13191, 491022.0], [0.1319, 829952.0], [0.13189, 503395.0], [0.13188, 494495.0], [0.13187, 229099.0], [0.13186, 523119.0], [0.13185, 156962.0], [0.13184, 218809.0], [0.13183, 342492.0], [0.13182, 1232291.0], [0.13181, 550689.0], [0.1318, 359768.0], [0.13179, 1693252.0], [0.13178, 454153.0]], "asks": [[0.13198, 312399.0], [0.13199, 189843.0], [0.132, 269056.0], [0.13201, 265288.0], [0.13202, 799250.0], [0.13203, 422267.0], [0.13204, 682376.0], [0.13205, 949778.0], [0.13206, 875757.0], [0.13207, 782934.0], [0.13208, 623254.0], [0.13209, 1244533.0], [0.1321, 393699.0], [0.13211, 446323.0], [0.13212, 547617.0], [0.13213, 684036.0], [0.13214, 523016.0], [0.13215, 322254.0], [0.13216, 499890.0], [0.13217, 650684.0]], "timestamp": "2025-12-20T00:11:35.696114+00:00"}, {"symbol": "DOGEUSDT", "bids": [[0.13207, 148001.0], [0.13206, 681351.0], [0.13205, 407696.0], [0.13204, 564716.0], [0.13203, 592595.0], [0.13202, 562762.0], [0.13201, 657603.0], [0.132, 786396.0], [0.13199, 548501.0], [0.13198, 396024.0], [0.13197, 301365.0], [0.13196, 291573.0], [0.13195, 401674.0], [0.13194, 217784.0], [0.13193, 287787.0], [0.13192, 268649.0], [0.13191, 513594.0], [0.1319, 627380.0], [0.13189, 1067458.0], [0.13188, 1087435.0]], "asks": [[0.13208, 189839.0], [0.13209, 141154.0], [0.1321, 276153.0], [0.13211, 345677.0], [0.13212, 659709.0], [0.13213, 667378.0], [0.13214, 1024806.0], [0.13215, 550025.0], [0.13216, 756248.0], [0.13217, 826922.0], [0.13218, 1317275.0], [0.13219, 466012.0], [0.1322, 381637.0], [0.13221, 463245.0], [0.13222, 433501.0], [0.13223, 432459.0], [0.13224, 657424.0], [0.13225, 653776.0], [0.13226, 303501.0], [0.13227, 1087850.0]], "timestamp": "2025-12-20T00:12:30.996703+00:00"}, {"symbol": "DOGEUSDT", "bids": [[0.13211, 218943.0], [0.1321, 470774.0], [0.13209, 575167.0], [0.13208, 726216.0], [0.13207, 382568.0], [0.13206, 257507.0], [0.13205, 278472.0], [0.13204, 345598.0], [0.13203, 302070.0], [0.13202, 300839.0], [0.13201, 394362.0], [0.132, 309750.0], [0.13199, 277513.0], [0.13198, 495924.0], [0.13197, 262866.0], [0.13196, 400459.0], [0.13195, 1561684.0], [0.13194, 964122.0], [0.13193, 215752.0], [0.13192, 289419.0]], "asks": [[0.13212, 164361.0], [0.13213, 310257.0], [0.13214, 413363.0], [0.13215, 372295.0], [0.13216, 647794.0], [0.13217, 762843.0], [0.13218, 388713.0], [0.13219, 528784.0], [0.1322, 591368.0], [0.13221, 935012.0], [0.13222, 714049.0], [0.13223, 1501398.0], [0.13224, 633146.0], [0.13225, 1211777.0], [0.13226, 316272.0], [0.13227, 478382.0], [0.13228, 290867.0], [0.13229, 460652.0], [0.1323, 380478.0], [0.13231, 384611.0]], "timestamp": "2025-12-20T00:13:24.241614+00:00"}, {"symbol": "DOGEUSDT", "bids": [[0.13211, 322685.0], [0.1321, 196588.0], [0.13209, 242387.0], [0.13208, 402479.0], [0.13207, 417362.0], [0.13206, 503632.0], [0.13205, 363075.0], [0.13204, 419422.0], [0.13203, 401520.0], [0.13202, 359039.0], [0.13201, 301113.0], [0.132, 367311.0], [0.13199, 631009.0], [0.13198, 556025.0], [0.13197, 538429.0], [0.13196, 580672.0], [0.13195, 1483835.0], [0.13194, 801936.0], [0.13193, 253477.0], [0.13192, 382882.0]], "asks": [[0.13212, 119775.0], [0.13213, 290779.0], [0.13214, 143058.0], [0.13215, 357448.0], [0.13216, 675019.0], [0.13217, 598601.0], [0.13218, 498743.0], [0.13219, 423134.0], [0.1322, 536134.0], [0.13221, 546141.0], [0.13222, 589341.0], [0.13223, 1316999.0], [0.13224, 451569.0], [0.13225, 932133.0], [0.13226, 234197.0], [0.13227, 311118.0], [0.13228, 299245.0], [0.13229, 481510.0], [0.1323, 370789.0], [0.13231, 491549.0]], "timestamp": "2025-12-20T00:14:17.492591+00:00"}, {"symbol": "DOGEUSDT", "bids": [[0.13193, 75831.0], [0.13192, 114506.0], [0.13191, 164524.0], [0.1319, 118073.0], [0.13189, 311369.0], [0.13188, 342740.0], [0.13187, 280789.0], [0.13186, 522401.0], [0.13185, 360765.0], [0.13184, 536525.0], [0.13183, 344707.0], [0.13182, 740944.0], [0.13181, 630873.0], [0.1318, 327951.0], [0.13179, 521097.0], [0.13178, 546598.0], [0.13177, 551667.0], [0.13176, 419409.0], [0.13175, 2018502.0], [0.13174, 904376.0]], "asks": [[0.13194, 514912.0], [0.13195, 458508.0], [0.13196, 423710.0], [0.13197, 812774.0], [0.13198, 1009078.0], [0.13199, 581421.0], [0.132, 574533.0], [0.13201, 604977.0], [0.13202, 448510.0], [0.13203, 477860.0], [0.13204, 1165682.0], [0.13205, 317349.0], [0.13206, 261615.0], [0.13207, 570079.0], [0.13208, 380589.0], [0.13209, 384835.0], [0.1321, 739227.0], [0.13211, 1061457.0], [0.13212, 830809.0], [0.13213, 407541.0]], "timestamp": "2025-12-20T00:15:20.553173+00:00"}, {"symbol": "DOGEUSDT", "bids": [[0.13182, 219999.0], [0.13181, 428854.0], [0.1318, 132398.0], [0.13179, 168225.0], [0.13178, 270106.0], [0.13177, 436472.0], [0.13176, 467949.0], [0.13175, 812080.0], [0.13174, 432672.0], [0.13173, 883476.0], [0.13172, 834434.0], [0.13171, 1028058.0], [0.1317, 376324.0], [0.13169, 648005.0], [0.13168, 448710.0], [0.13167, 912084.0], [0.13166, 152385.0], [0.13165, 318678.0], [0.13164, 1029628.0], [0.13163, 348173.0]], "asks": [[0.13183, 72659.0], [0.13184, 342630.0], [0.13185, 497724.0], [0.13186, 936076.0], [0.13187, 849578.0], [0.13188, 719633.0], [0.13189, 614768.0], [0.1319, 469748.0], [0.13191, 890099.0], [0.13192, 375889.0], [0.13193, 532654.0], [0.13194, 1093928.0], [0.13195, 324365.0], [0.13196, 433465.0], [0.13197, 450580.0], [0.13198, 1019588.0], [0.13199, 812033.0], [0.132, 685224.0], [0.13201, 330974.0], [0.13202, 753621.0]], "timestamp": "2025-12-20T00:16:13.512088+00:00"}]