[{"id": "981480396", "price": 0.13213, "amount": 668.0, "side": "buy", "timestamp": 1766188818563}, {"id": "981480397", "price": 0.13213, "amount": 49.0, "side": "buy", "timestamp": 1766188818999}, {"id": "981480398", "price": 0.13212, "amount": 20924.0, "side": "sell", "timestamp": 1766188819267}, {"id": "981480399", "price": 0.13213, "amount": 106.0, "side": "buy", "timestamp": 1766188820153}, {"id": "981480400", "price": 0.13212, "amount": 2661.0, "side": "sell", "timestamp": 1766188820164}, {"id": "981480401", "price": 0.13213, "amount": 180.0, "side": "buy", "timestamp": 1766188820294}, {"id": "981480402", "price": 0.13212, "amount": 30980.0, "side": "sell", "timestamp": 1766188821130}, {"id": "981480403", "price": 0.13213, "amount": 3801.0, "side": "buy", "timestamp": 1766188821134}, {"id": "981480404", "price": 0.13212, "amount": 246525.0, "side": "sell", "timestamp": 1766188821178}, {"id": "981480405", "price": 0.13211, "amount": 325750.0, "side": "sell", "timestamp": 1766188821206}, {"id": "981480406", "price": 0.1321, "amount": 138300.0, "side": "sell", "timestamp": 1766188821235}, {"id": "981480407", "price": 0.13209, "amount": 328231.0, "side": "sell", "timestamp": 1766188821329}, {"id": "981480408", "price": 0.13208, "amount": 269539.0, "side": "sell", "timestamp": 1766188821330}, {"id": "981480409", "price": 0.13207, "amount": 122522.0, "side": "sell", "timestamp": 1766188821390}, {"id": "981480410", "price": 0.13206, "amount": 360548.0, "side": "sell", "timestamp": 1766188821390}, {"id": "981480411", "price": 0.13205, "amount": 166158.0, "side": "sell", "timestamp": 1766188821390}, {"id": "981480412", "price": 0.13204, "amount": 133346.0, "side": "sell", "timestamp": 1766188821390}, {"id": "981480413", "price": 0.13207, "amount": 77.0, "side": "sell", "timestamp": 1766188821394}, {"id": "981480414", "price": 0.13207, "amount": 80.0, "side": "buy", "timestamp": 1766188821401}, {"id": "981480415", "price": 0.13206, "amount": 19867.0, "side": "sell", "timestamp": 1766188821411}, {"id": "981480416", "price": 0.13205, "amount": 18125.0, "side": "sell", "timestamp": 1766188821428}, {"id": "981480417", "price": 0.13204, "amount": 77995.0, "side": "sell", "timestamp": 1766188821430}, {"id": "981480418", "price": 0.13204, "amount": 352877.0, "side": "buy", "timestamp": 1766188821441}, {"id": "981480419", "price": 0.13204, "amount": 32283.0, "side": "sell", "timestamp": 1766188821497}, {"id": "981480420", "price": 0.13205, "amount": 33100.0, "side": "buy", "timestamp": 1766188821498}, {"id": "981480421", "price": 0.13205, "amount": 40269.0, "side": "sell", "timestamp": 1766188821580}, {"id": "981480422", "price": 0.13205, "amount": 558.0, "side": "buy", "timestamp": 1766188821638}, {"id": "981480423", "price": 0.13204, "amount": 28644.0, "side": "sell", "timestamp": 1766188821796}, {"id": "981480424", "price": 0.13205, "amount": 3030.0, "side": "buy", "timestamp": 1766188821821}, {"id": "981480425", "price": 0.13204, "amount": 27111.0, "side": "sell", "timestamp": 1766188822142}, {"id": "981480426", "price": 0.13204, "amount": 106.0, "side": "buy", "timestamp": 1766188822170}, {"id": "981480427", "price": 0.13204, "amount": 180160.0, "side": "buy", "timestamp": 1766188822365}, {"id": "981480428", "price": 0.13205, "amount": 42798.0, "side": "buy", "timestamp": 1766188822365}, {"id": "981480429", "price": 0.13204, "amount": 447699.0, "side": "sell", "timestamp": 1766188822539}, {"id": "981480430", "price": 0.13203, "amount": 117494.0, "side": "sell", "timestamp": 1766188822539}, {"id": "981480431", "price": 0.13202, "amount": 33401.0, "side": "sell", "timestamp": 1766188822539}, {"id": "981480432", "price": 0.13203, "amount": 429.0, "side": "sell", "timestamp": 1766188822542}, {"id": "981480433", "price": 0.13204, "amount": 3143.0, "side": "buy", "timestamp": 1766188822585}, {"id": "981480434", "price": 0.13204, "amount": 72.0, "side": "buy", "timestamp": 1766188822830}, {"id": "981480435", "price": 0.13204, "amount": 39.0, "side": "buy", "timestamp": 1766188823199}, {"id": "981480436", "price": 0.13204, "amount": 3349.0, "side": "buy", "timestamp": 1766188823352}, {"id": "981480437", "price": 0.13203, "amount": 2713.0, "side": "sell", "timestamp": 1766188824038}, {"id": "981480438", "price": 0.13204, "amount": 214.0, "side": "buy", "timestamp": 1766188824132}, {"id": "981480439", "price": 0.13204, "amount": 59.0, "side": "buy", "timestamp": 1766188824376}, {"id": "981480440", "price": 0.13204, "amount": 10032.0, "side": "buy", "timestamp": 1766188824705}, {"id": "981480441", "price": 0.13203, "amount": 500.0, "side": "sell", "timestamp": 1766188825541}, {"id": "981480442", "price": 0.13203, "amount": 1980.0, "side": "sell", "timestamp": 1766188825754}, {"id": "981480443", "price": 0.13204, "amount": 232.0, "side": "buy", "timestamp": 1766188825896}, {"id": "981480444", "price": 0.13204, "amount": 106.0, "side": "buy", "timestamp": 1766188826005}, {"id": "981480445", "price": 0.13204, "amount": 224.0, "side": "buy", "timestamp": 1766188826117}, {"id": "981480572", "price": 0.13213, "amount": 106.0, "side": "buy", "timestamp": 1766188864081}, {"id": "981480573", "price": 0.13213, "amount": 21066.0, "side": "buy", "timestamp": 1766188864309}, {"id": "981480574", "price": 0.13214, "amount": 40418.0, "side": "buy", "timestamp": 1766188864315}, {"id": "981480575", "price": 0.13215, "amount": 95616.0, "side": "buy", "timestamp": 1766188864327}, {"id": "981480576", "price": 0.13215, "amount": 30187.0, "side": "sell", "timestamp": 1766188864570}, {"id": "981480577", "price": 0.13214, "amount": 59063.0, "side": "sell", "timestamp": 1766188864570}, {"id": "981480578", "price": 0.13214, "amount": 318.0, "side": "buy", "timestamp": 1766188864621}, {"id": "981480579", "price": 0.13213, "amount": 184382.0, "side": "sell", "timestamp": 1766188864662}, {"id": "981480580", "price": 0.13212, "amount": 20218.0, "side": "sell", "timestamp": 1766188864662}, {"id": "981480581", "price": 0.13213, "amount": 1556.0, "side": "buy", "timestamp": 1766188864668}, {"id": "981480582", "price": 0.13212, "amount": 229152.0, "side": "sell", "timestamp": 1766188864782}, {"id": "981480583", "price": 0.13213, "amount": 40.0, "side": "buy", "timestamp": 1766188865492}, {"id": "981480584", "price": 0.13213, "amount": 93.0, "side": "buy", "timestamp": 1766188865677}, {"id": "981480585", "price": 0.13213, "amount": 318.0, "side": "buy", "timestamp": 1766188866204}, {"id": "981480586", "price": 0.13212, "amount": 298.0, "side": "sell", "timestamp": 1766188866423}, {"id": "981480587", "price": 0.13213, "amount": 47496.0, "side": "buy", "timestamp": 1766188866424}, {"id": "981480588", "price": 0.13213, "amount": 43.0, "side": "buy", "timestamp": 1766188866768}, {"id": "981480589", "price": 0.13213, "amount": 46.0, "side": "buy", "timestamp": 1766188867050}, {"id": "981480590", "price": 0.13213, "amount": 46.0, "side": "buy", "timestamp": 1766188867713}, {"id": "981480591", "price": 0.13212, "amount": 178.0, "side": "sell", "timestamp": 1766188867737}, {"id": "981480592", "price": 0.13213, "amount": 106.0, "side": "buy", "timestamp": 1766188868029}, {"id": "981480593", "price": 0.13212, "amount": 9943.0, "side": "sell", "timestamp": 1766188868342}, {"id": "981480594", "price": 0.13213, "amount": 75.0, "side": "buy", "timestamp": 1766188869681}, {"id": "981480595", "price": 0.13213, "amount": 106.0, "side": "buy", "timestamp": 1766188870044}, {"id": "981480596", "price": 0.13213, "amount": 748.0, "side": "buy", "timestamp": 1766188870466}, {"id": "981480597", "price": 0.13213, "amount": 1994.0, "side": "buy", "timestamp": 1766188870822}, {"id": "981480598", "price": 0.13214, "amount": 1730.0, "side": "buy", "timestamp": 1766188871040}, {"id": "981480599", "price": 0.13215, "amount": 976.0, "side": "buy", "timestamp": 1766188871512}, {"id": "981480600", "price": 0.13215, "amount": 437.0, "side": "buy", "timestamp": 1766188871749}, {"id": "981480601", "price": 0.13215, "amount": 172.0, "side": "buy", "timestamp": 1766188871992}, {"id": "981480602", "price": 0.13215, "amount": 93.0, "side": "buy", "timestamp": 1766188872148}, {"id": "981480603", "price": 0.13214, "amount": 18729.0, "side": "sell", "timestamp": 1766188873599}, {"id": "981480604", "price": 0.13215, "amount": 2280.0, "side": "buy", "timestamp": 1766188874032}, {"id": "981480605", "price": 0.13216, "amount": 106.0, "side": "buy", "timestamp": 1766188874108}, {"id": "981480606", "price": 0.13216, "amount": 619.0, "side": "buy", "timestamp": 1766188874719}, {"id": "981480607", "price": 0.13216, "amount": 914.0, "side": "buy", "timestamp": 1766188874939}, {"id": "981480608", "price": 0.13216, "amount": 49.0, "side": "buy", "timestamp": 1766188875548}, {"id": "981480609", "price": 0.13216, "amount": 1528.0, "side": "buy", "timestamp": 1766188875856}, {"id": "981480610", "price": 0.13215, "amount": 468.0, "side": "sell", "timestamp": 1766188875963}, {"id": "981480611", "price": 0.13216, "amount": 129.0, "side": "buy", "timestamp": 1766188875991}, {"id": "981480612", "price": 0.13216, "amount": 129.0, "side": "buy", "timestamp": 1766188876120}, {"id": "981480613", "price": 0.13216, "amount": 136.0, "side": "buy", "timestamp": 1766188876410}, {"id": "981480614", "price": 0.13216, "amount": 5039.0, "side": "buy", "timestamp": 1766188876879}, {"id": "981480615", "price": 0.13216, "amount": 29218.0, "side": "buy", "timestamp": 1766188877518}, {"id": "981480616", "price": 0.13216, "amount": 5920.0, "side": "buy", "timestamp": 1766188877880}, {"id": "981480617", "price": 0.13216, "amount": 106.0, "side": "buy", "timestamp": 1766188878191}, {"id": "981480618", "price": 0.13216, "amount": 1484.0, "side": "buy", "timestamp": 1766188879708}, {"id": "981480619", "price": 0.13216, "amount": 505.0, "side": "buy", "timestamp": 1766188879823}, {"id": "981480620", "price": 0.13216, "amount": 336.0, "side": "buy", "timestamp": 1766188879946}, {"id": "981480621", "price": 0.13216, "amount": 231.0, "side": "buy", "timestamp": 1766188880055}, {"id": "981480868", "price": 0.13188, "amount": 1060.0, "side": "sell", "timestamp": 1766188945292}, {"id": "981480869", "price": 0.13188, "amount": 42361.0, "side": "sell", "timestamp": 1766188945425}, {"id": "981480870", "price": 0.13187, "amount": 27706.0, "side": "sell", "timestamp": 1766188945426}, {"id": "981480871", "price": 0.13188, "amount": 151.0, "side": "buy", "timestamp": 1766188945924}, {"id": "981480872", "price": 0.13187, "amount": 82822.0, "side": "sell", "timestamp": 1766188946025}, {"id": "981480873", "price": 0.13186, "amount": 40315.0, "side": "sell", "timestamp": 1766188946025}, {"id": "981480874", "price": 0.13185, "amount": 16183.0, "side": "sell", "timestamp": 1766188946025}, {"id": "981480875", "price": 0.13184, "amount": 25585.0, "side": "sell", "timestamp": 1766188946142}, {"id": "981480876", "price": 0.13183, "amount": 8689.0, "side": "sell", "timestamp": 1766188946231}, {"id": "981480877", "price": 0.13183, "amount": 106.0, "side": "buy", "timestamp": 1766188946250}, {"id": "981480878", "price": 0.13182, "amount": 120.0, "side": "sell", "timestamp": 1766188946288}, {"id": "981480879", "price": 0.13183, "amount": 108.0, "side": "buy", "timestamp": 1766188946432}, {"id": "981480880", "price": 0.13182, "amount": 23884.0, "side": "sell", "timestamp": 1766188946609}, {"id": "981480881", "price": 0.13183, "amount": 201511.0, "side": "buy", "timestamp": 1766188946733}, {"id": "981480882", "price": 0.13182, "amount": 1523.0, "side": "sell", "timestamp": 1766188946741}, {"id": "981480883", "price": 0.13183, "amount": 7037.0, "side": "buy", "timestamp": 1766188946828}, {"id": "981480884", "price": 0.13183, "amount": 120.0, "side": "sell", "timestamp": 1766188946870}, {"id": "981480885", "price": 0.13183, "amount": 41841.0, "side": "sell", "timestamp": 1766188947042}, {"id": "981480886", "price": 0.13184, "amount": 1068.0, "side": "buy", "timestamp": 1766188947056}, {"id": "981480887", "price": 0.13183, "amount": 3694.0, "side": "sell", "timestamp": 1766188947193}, {"id": "981480888", "price": 0.13184, "amount": 23105.0, "side": "buy", "timestamp": 1766188947359}, {"id": "981480889", "price": 0.13185, "amount": 216.0, "side": "buy", "timestamp": 1766188947389}, {"id": "981480890", "price": 0.13184, "amount": 38860.0, "side": "sell", "timestamp": 1766188947696}, {"id": "981480891", "price": 0.13183, "amount": 218169.0, "side": "sell", "timestamp": 1766188947794}, {"id": "981480892", "price": 0.13182, "amount": 707.0, "side": "sell", "timestamp": 1766188947857}, {"id": "981480893", "price": 0.13181, "amount": 2406.0, "side": "sell", "timestamp": 1766188947982}, {"id": "981480894", "price": 0.13181, "amount": 1318.0, "side": "sell", "timestamp": 1766188948096}, {"id": "981480895", "price": 0.13182, "amount": 106.0, "side": "buy", "timestamp": 1766188948146}, {"id": "981480896", "price": 0.13181, "amount": 32887.0, "side": "sell", "timestamp": 1766188948360}, {"id": "981480897", "price": 0.13181, "amount": 47.0, "side": "buy", "timestamp": 1766188948424}, {"id": "981480898", "price": 0.1318, "amount": 383.0, "side": "sell", "timestamp": 1766188948448}, {"id": "981480899", "price": 0.13181, "amount": 3.0, "side": "buy", "timestamp": 1766188948480}, {"id": "981480900", "price": 0.1318, "amount": 18164.0, "side": "sell", "timestamp": 1766188948618}, {"id": "981480901", "price": 0.13181, "amount": 103508.0, "side": "buy", "timestamp": 1766188948879}, {"id": "981480902", "price": 0.13181, "amount": 27427.0, "side": "buy", "timestamp": 1766188949047}, {"id": "981480903", "price": 0.13182, "amount": 2051.0, "side": "buy", "timestamp": 1766188949058}, {"id": "981480904", "price": 0.13183, "amount": 193.0, "side": "buy", "timestamp": 1766188949095}, {"id": "981480905", "price": 0.13184, "amount": 592.0, "side": "buy", "timestamp": 1766188949141}, {"id": "981480906", "price": 0.13183, "amount": 3523.0, "side": "sell", "timestamp": 1766188949189}, {"id": "981480907", "price": 0.13183, "amount": 19991.0, "side": "sell", "timestamp": 1766188949302}, {"id": "981480908", "price": 0.13184, "amount": 1500.0, "side": "buy", "timestamp": 1766188949310}, {"id": "981480909", "price": 0.13184, "amount": 5709.0, "side": "buy", "timestamp": 1766188949524}, {"id": "981480910", "price": 0.13185, "amount": 18411.0, "side": "buy", "timestamp": 1766188949624}, {"id": "981480911", "price": 0.13186, "amount": 3023.0, "side": "buy", "timestamp": 1766188949635}, {"id": "981480912", "price": 0.13186, "amount": 191.0, "side": "sell", "timestamp": 1766188949827}, {"id": "981480913", "price": 0.13186, "amount": 236.0, "side": "buy", "timestamp": 1766188950061}, {"id": "981480914", "price": 0.13186, "amount": 4670.0, "side": "buy", "timestamp": 1766188950575}, {"id": "981480915", "price": 0.13186, "amount": 49556.0, "side": "sell", "timestamp": 1766188951126}, {"id": "981480916", "price": 0.13187, "amount": 31213.0, "side": "buy", "timestamp": 1766188951129}, {"id": "981480917", "price": 0.13187, "amount": 2455.0, "side": "sell", "timestamp": 1766188951221}, {"id": "981481042", "price": 0.13199, "amount": 2559.0, "side": "buy", "timestamp": 1766188990011}, {"id": "981481043", "price": 0.132, "amount": 573.0, "side": "buy", "timestamp": 1766188990054}, {"id": "981481044", "price": 0.13199, "amount": 4284.0, "side": "sell", "timestamp": 1766188990700}, {"id": "981481045", "price": 0.13199, "amount": 4282.0, "side": "sell", "timestamp": 1766188991628}, {"id": "981481046", "price": 0.132, "amount": 258.0, "side": "buy", "timestamp": 1766188991838}, {"id": "981481047", "price": 0.132, "amount": 106.0, "side": "buy", "timestamp": 1766188992055}, {"id": "981481048", "price": 0.132, "amount": 54.0, "side": "buy", "timestamp": 1766188992580}, {"id": "981481049", "price": 0.13199, "amount": 4280.0, "side": "sell", "timestamp": 1766188992603}, {"id": "981481050", "price": 0.132, "amount": 45.0, "side": "buy", "timestamp": 1766188992989}, {"id": "981481051", "price": 0.13199, "amount": 8575.0, "side": "sell", "timestamp": 1766188993169}, {"id": "981481052", "price": 0.13198, "amount": 31848.0, "side": "sell", "timestamp": 1766188993169}, {"id": "981481053", "price": 0.13199, "amount": 10.0, "side": "buy", "timestamp": 1766188993395}, {"id": "981481054", "price": 0.13198, "amount": 4653.0, "side": "sell", "timestamp": 1766188993641}, {"id": "981481055", "price": 0.13199, "amount": 106.0, "side": "buy", "timestamp": 1766188994065}, {"id": "981481056", "price": 0.13198, "amount": 2312.0, "side": "sell", "timestamp": 1766188994313}, {"id": "981481057", "price": 0.13197, "amount": 3222.0, "side": "sell", "timestamp": 1766188994320}, {"id": "981481058", "price": 0.13196, "amount": 768.0, "side": "sell", "timestamp": 1766188994325}, {"id": "981481059", "price": 0.13196, "amount": 4275.0, "side": "sell", "timestamp": 1766188994629}, {"id": "981481060", "price": 0.13197, "amount": 68.0, "side": "buy", "timestamp": 1766188994666}, {"id": "981481061", "price": 0.13196, "amount": 136.0, "side": "sell", "timestamp": 1766188995102}, {"id": "981481062", "price": 0.13197, "amount": 1021.0, "side": "buy", "timestamp": 1766188995204}, {"id": "981481063", "price": 0.13197, "amount": 5.0, "side": "buy", "timestamp": 1766188995561}, {"id": "981481064", "price": 0.13196, "amount": 4271.0, "side": "sell", "timestamp": 1766188995612}, {"id": "981481065", "price": 0.13197, "amount": 106.0, "side": "buy", "timestamp": 1766188996080}, {"id": "981481066", "price": 0.13196, "amount": 6723.0, "side": "sell", "timestamp": 1766188996604}, {"id": "981481067", "price": 0.13195, "amount": 3520.0, "side": "sell", "timestamp": 1766188996726}, {"id": "981481068", "price": 0.13195, "amount": 4259.0, "side": "sell", "timestamp": 1766188997602}, {"id": "981481069", "price": 0.13196, "amount": 46.0, "side": "buy", "timestamp": 1766188997643}, {"id": "981481070", "price": 0.13196, "amount": 98.0, "side": "buy", "timestamp": 1766188997808}, {"id": "981481071", "price": 0.13195, "amount": 16611.0, "side": "sell", "timestamp": 1766188997953}, {"id": "981481072", "price": 0.13196, "amount": 28457.0, "side": "buy", "timestamp": 1766188998098}, {"id": "981481073", "price": 0.13195, "amount": 4251.0, "side": "sell", "timestamp": 1766188998545}, {"id": "981481074", "price": 0.13195, "amount": 189.0, "side": "sell", "timestamp": 1766188998765}, {"id": "981481075", "price": 0.13196, "amount": 6497.0, "side": "buy", "timestamp": 1766188998995}, {"id": "981481076", "price": 0.13196, "amount": 750.0, "side": "buy", "timestamp": 1766188999165}, {"id": "981481077", "price": 0.13195, "amount": 4240.0, "side": "sell", "timestamp": 1766188999468}, {"id": "981481078", "price": 0.13196, "amount": 106.0, "side": "buy", "timestamp": 1766189000126}, {"id": "981481079", "price": 0.13196, "amount": 179.0, "side": "buy", "timestamp": 1766189000365}, {"id": "981481080", "price": 0.13195, "amount": 4230.0, "side": "sell", "timestamp": 1766189000513}, {"id": "981481081", "price": 0.13195, "amount": 4220.0, "side": "sell", "timestamp": 1766189001463}, {"id": "981481082", "price": 0.13196, "amount": 106.0, "side": "buy", "timestamp": 1766189002153}, {"id": "981481083", "price": 0.13195, "amount": 4210.0, "side": "sell", "timestamp": 1766189002437}, {"id": "981481084", "price": 0.13196, "amount": 20722.0, "side": "buy", "timestamp": 1766189002777}, {"id": "981481085", "price": 0.13196, "amount": 4195.0, "side": "sell", "timestamp": 1766189003458}, {"id": "981481086", "price": 0.13197, "amount": 106.0, "side": "buy", "timestamp": 1766189004163}, {"id": "981481087", "price": 0.13196, "amount": 4179.0, "side": "sell", "timestamp": 1766189004470}, {"id": "981481088", "price": 0.13196, "amount": 38.0, "side": "sell", "timestamp": 1766189005164}, {"id": "981481089", "price": 0.13196, "amount": 4161.0, "side": "sell", "timestamp": 1766189005454}, {"id": "981481090", "price": 0.13197, "amount": 54.0, "side": "buy", "timestamp": 1766189005816}, {"id": "981481091", "price": 0.13197, "amount": 299.0, "side": "buy", "timestamp": 1766189006069}, {"id": "981481222", "price": 0.13191, "amount": 58.0, "side": "buy", "timestamp": 1766189054473}, {"id": "981481223", "price": 0.1319, "amount": 92921.0, "side": "sell", "timestamp": 1766189054475}, {"id": "981481224", "price": 0.13189, "amount": 32960.0, "side": "sell", "timestamp": 1766189054476}, {"id": "981481225", "price": 0.13188, "amount": 116808.0, "side": "sell", "timestamp": 1766189054476}, {"id": "981481226", "price": 0.13187, "amount": 190402.0, "side": "sell", "timestamp": 1766189054476}, {"id": "981481227", "price": 0.13186, "amount": 105568.0, "side": "sell", "timestamp": 1766189054476}, {"id": "981481228", "price": 0.13187, "amount": 28962.0, "side": "buy", "timestamp": 1766189054489}, {"id": "981481229", "price": 0.13188, "amount": 36779.0, "side": "buy", "timestamp": 1766189054493}, {"id": "981481230", "price": 0.13189, "amount": 7983.0, "side": "buy", "timestamp": 1766189054500}, {"id": "981481231", "price": 0.1319, "amount": 20088.0, "side": "buy", "timestamp": 1766189054502}, {"id": "981481232", "price": 0.1319, "amount": 1213.0, "side": "buy", "timestamp": 1766189054955}, {"id": "981481233", "price": 0.1319, "amount": 106.0, "side": "buy", "timestamp": 1766189056037}, {"id": "981481234", "price": 0.1319, "amount": 4.0, "side": "buy", "timestamp": 1766189056503}, {"id": "981481235", "price": 0.13189, "amount": 443.0, "side": "sell", "timestamp": 1766189056601}, {"id": "981481236", "price": 0.1319, "amount": 46.0, "side": "buy", "timestamp": 1766189056656}, {"id": "981481237", "price": 0.1319, "amount": 241.0, "side": "buy", "timestamp": 1766189056898}, {"id": "981481238", "price": 0.13189, "amount": 1000.0, "side": "sell", "timestamp": 1766189057050}, {"id": "981481239", "price": 0.1319, "amount": 106.0, "side": "buy", "timestamp": 1766189058048}, {"id": "981481240", "price": 0.13189, "amount": 47299.0, "side": "sell", "timestamp": 1766189058698}, {"id": "981481241", "price": 0.13188, "amount": 760.0, "side": "sell", "timestamp": 1766189058710}, {"id": "981481242", "price": 0.13188, "amount": 239.0, "side": "buy", "timestamp": 1766189058857}, {"id": "981481243", "price": 0.13188, "amount": 95610.0, "side": "buy", "timestamp": 1766189059051}, {"id": "981481244", "price": 0.13189, "amount": 331421.0, "side": "buy", "timestamp": 1766189059051}, {"id": "981481245", "price": 0.1319, "amount": 276958.0, "side": "buy", "timestamp": 1766189059051}, {"id": "981481246", "price": 0.13191, "amount": 169.0, "side": "buy", "timestamp": 1766189059122}, {"id": "981481247", "price": 0.1319, "amount": 3816.0, "side": "sell", "timestamp": 1766189059225}, {"id": "981481248", "price": 0.13191, "amount": 40.0, "side": "buy", "timestamp": 1766189059358}, {"id": "981481249", "price": 0.13191, "amount": 8027.0, "side": "buy", "timestamp": 1766189059560}, {"id": "981481250", "price": 0.13191, "amount": 106.0, "side": "buy", "timestamp": 1766189060126}, {"id": "981481251", "price": 0.1319, "amount": 2390.0, "side": "sell", "timestamp": 1766189060254}, {"id": "981481252", "price": 0.13191, "amount": 31987.0, "side": "buy", "timestamp": 1766189062009}, {"id": "981481253", "price": 0.13192, "amount": 71246.0, "side": "buy", "timestamp": 1766189062013}, {"id": "981481254", "price": 0.13193, "amount": 106.0, "side": "buy", "timestamp": 1766189062155}, {"id": "981481255", "price": 0.13193, "amount": 432.0, "side": "buy", "timestamp": 1766189062672}, {"id": "981481256", "price": 0.13193, "amount": 116.0, "side": "buy", "timestamp": 1766189062964}, {"id": "981481257", "price": 0.13193, "amount": 172.0, "side": "buy", "timestamp": 1766189063461}, {"id": "981481258", "price": 0.13193, "amount": 106.0, "side": "buy", "timestamp": 1766189064171}, {"id": "981481259", "price": 0.13193, "amount": 147.0, "side": "buy", "timestamp": 1766189064452}, {"id": "981481260", "price": 0.13193, "amount": 106.0, "side": "buy", "timestamp": 1766189066182}, {"id": "981481261", "price": 0.13193, "amount": 65.0, "side": "buy", "timestamp": 1766189066297}, {"id": "981481262", "price": 0.13193, "amount": 725.0, "side": "buy", "timestamp": 1766189067223}, {"id": "981481263", "price": 0.13193, "amount": 239.0, "side": "buy", "timestamp": 1766189067559}, {"id": "981481264", "price": 0.13192, "amount": 378.0, "side": "sell", "timestamp": 1766189067609}, {"id": "981481265", "price": 0.13193, "amount": 193.0, "side": "buy", "timestamp": 1766189067621}, {"id": "981481266", "price": 0.13193, "amount": 831.0, "side": "buy", "timestamp": 1766189068130}, {"id": "981481267", "price": 0.13192, "amount": 40.0, "side": "sell", "timestamp": 1766189068213}, {"id": "981481268", "price": 0.13193, "amount": 2319.0, "side": "buy", "timestamp": 1766189068553}, {"id": "981481269", "price": 0.13193, "amount": 8322.0, "side": "buy", "timestamp": 1766189069736}, {"id": "981481270", "price": 0.13192, "amount": 10593.0, "side": "sell", "timestamp": 1766189069818}, {"id": "981481271", "price": 0.13192, "amount": 543.0, "side": "buy", "timestamp": 1766189070005}, {"id": "981481339", "price": 0.13192, "amount": 979.0, "side": "buy", "timestamp": 1766189102073}, {"id": "981481340", "price": 0.13191, "amount": 2282.0, "side": "sell", "timestamp": 1766189102598}, {"id": "981481341", "price": 0.13191, "amount": 3469.0, "side": "sell", "timestamp": 1766189102910}, {"id": "981481342", "price": 0.13191, "amount": 107.0, "side": "buy", "timestamp": 1766189103401}, {"id": "981481343", "price": 0.13191, "amount": 221.0, "side": "buy", "timestamp": 1766189104350}, {"id": "981481344", "price": 0.13191, "amount": 1214.0, "side": "buy", "timestamp": 1766189104554}, {"id": "981481345", "price": 0.13191, "amount": 9297.0, "side": "buy", "timestamp": 1766189104892}, {"id": "981481346", "price": 0.13191, "amount": 37814.0, "side": "buy", "timestamp": 1766189105896}, {"id": "981481347", "price": 0.13191, "amount": 1338.0, "side": "sell", "timestamp": 1766189106450}, {"id": "981481348", "price": 0.13192, "amount": 824.0, "side": "buy", "timestamp": 1766189106966}, {"id": "981481349", "price": 0.13191, "amount": 18266.0, "side": "sell", "timestamp": 1766189107082}, {"id": "981481350", "price": 0.13192, "amount": 25.0, "side": "buy", "timestamp": 1766189107643}, {"id": "981481351", "price": 0.13191, "amount": 340.0, "side": "sell", "timestamp": 1766189107969}, {"id": "981481352", "price": 0.13191, "amount": 580.0, "side": "sell", "timestamp": 1766189108200}, {"id": "981481353", "price": 0.13191, "amount": 58393.0, "side": "sell", "timestamp": 1766189108337}, {"id": "981481354", "price": 0.13192, "amount": 209.0, "side": "buy", "timestamp": 1766189109034}, {"id": "981481355", "price": 0.13191, "amount": 309.0, "side": "sell", "timestamp": 1766189109103}, {"id": "981481356", "price": 0.13192, "amount": 424.0, "side": "buy", "timestamp": 1766189109788}, {"id": "981481357", "price": 0.13192, "amount": 1309.0, "side": "buy", "timestamp": 1766189109982}, {"id": "981481358", "price": 0.13192, "amount": 106.0, "side": "buy", "timestamp": 1766189111048}, {"id": "981481359", "price": 0.13191, "amount": 14869.0, "side": "sell", "timestamp": 1766189111505}, {"id": "981481360", "price": 0.1319, "amount": 14152.0, "side": "sell", "timestamp": 1766189112656}, {"id": "981481361", "price": 0.13191, "amount": 55.0, "side": "buy", "timestamp": 1766189112679}, {"id": "981481362", "price": 0.13191, "amount": 2125.0, "side": "buy", "timestamp": 1766189113057}, {"id": "981481363", "price": 0.13191, "amount": 1082.0, "side": "buy", "timestamp": 1766189113608}, {"id": "981481364", "price": 0.13191, "amount": 89.0, "side": "buy", "timestamp": 1766189114720}, {"id": "981481365", "price": 0.1319, "amount": 250869.0, "side": "sell", "timestamp": 1766189115039}, {"id": "981481366", "price": 0.13191, "amount": 632.0, "side": "buy", "timestamp": 1766189115051}, {"id": "981481367", "price": 0.1319, "amount": 200065.0, "side": "sell", "timestamp": 1766189115084}, {"id": "981481368", "price": 0.13189, "amount": 14657.0, "side": "sell", "timestamp": 1766189115087}, {"id": "981481369", "price": 0.13189, "amount": 31684.0, "side": "buy", "timestamp": 1766189115087}, {"id": "981481370", "price": 0.13188, "amount": 52.0, "side": "sell", "timestamp": 1766189115978}, {"id": "981481371", "price": 0.13188, "amount": 2290.0, "side": "sell", "timestamp": 1766189116269}, {"id": "981481372", "price": 0.13189, "amount": 106.0, "side": "buy", "timestamp": 1766189117092}, {"id": "981481373", "price": 0.13188, "amount": 3283.0, "side": "sell", "timestamp": 1766189117385}, {"id": "981481374", "price": 0.13189, "amount": 44.0, "side": "buy", "timestamp": 1766189118191}, {"id": "981481375", "price": 0.13188, "amount": 44890.0, "side": "sell", "timestamp": 1766189118381}, {"id": "981481376", "price": 0.13188, "amount": 61.0, "side": "buy", "timestamp": 1766189118702}, {"id": "981481377", "price": 0.13188, "amount": 823.0, "side": "buy", "timestamp": 1766189118968}, {"id": "981481378", "price": 0.13188, "amount": 106.0, "side": "buy", "timestamp": 1766189119115}, {"id": "981481379", "price": 0.13188, "amount": 150152.0, "side": "buy", "timestamp": 1766189119644}, {"id": "981481380", "price": 0.13189, "amount": 2883.0, "side": "buy", "timestamp": 1766189119945}, {"id": "981481381", "price": 0.1319, "amount": 6414.0, "side": "buy", "timestamp": 1766189119945}, {"id": "981481382", "price": 0.13189, "amount": 944.0, "side": "sell", "timestamp": 1766189120236}, {"id": "981481383", "price": 0.13189, "amount": 106.0, "side": "buy", "timestamp": 1766189121133}, {"id": "981481384", "price": 0.13188, "amount": 301.0, "side": "sell", "timestamp": 1766189121265}, {"id": "981481385", "price": 0.13189, "amount": 9743.0, "side": "buy", "timestamp": 1766189123161}, {"id": "981481386", "price": 0.1319, "amount": 383.0, "side": "buy", "timestamp": 1766189123271}, {"id": "981481387", "price": 0.1319, "amount": 593.0, "side": "sell", "timestamp": 1766189123374}, {"id": "981481388", "price": 0.1319, "amount": 91.0, "side": "buy", "timestamp": 1766189123666}, {"id": "981481469", "price": 0.13188, "amount": 888.0, "side": "sell", "timestamp": 1766189162301}, {"id": "981481470", "price": 0.13189, "amount": 106.0, "side": "buy", "timestamp": 1766189163153}, {"id": "981481471", "price": 0.13189, "amount": 360.0, "side": "buy", "timestamp": 1766189163358}, {"id": "981481472", "price": 0.13189, "amount": 1409.0, "side": "buy", "timestamp": 1766189163484}, {"id": "981481473", "price": 0.13188, "amount": 1739.0, "side": "sell", "timestamp": 1766189163503}, {"id": "981481474", "price": 0.13189, "amount": 636.0, "side": "buy", "timestamp": 1766189163890}, {"id": "981481475", "price": 0.13189, "amount": 239.0, "side": "buy", "timestamp": 1766189164061}, {"id": "981481476", "price": 0.13189, "amount": 1108.0, "side": "buy", "timestamp": 1766189164471}, {"id": "981481477", "price": 0.13188, "amount": 49.0, "side": "sell", "timestamp": 1766189165070}, {"id": "981481478", "price": 0.13189, "amount": 9403.0, "side": "buy", "timestamp": 1766189165184}, {"id": "981481479", "price": 0.13189, "amount": 208.0, "side": "buy", "timestamp": 1766189165902}, {"id": "981481480", "price": 0.13188, "amount": 18858.0, "side": "sell", "timestamp": 1766189166029}, {"id": "981481481", "price": 0.13189, "amount": 741.0, "side": "buy", "timestamp": 1766189166275}, {"id": "981481482", "price": 0.13188, "amount": 42.0, "side": "sell", "timestamp": 1766189166989}, {"id": "981481483", "price": 0.13189, "amount": 106.0, "side": "buy", "timestamp": 1766189167010}, {"id": "981481484", "price": 0.13189, "amount": 88.0, "side": "buy", "timestamp": 1766189167599}, {"id": "981481485", "price": 0.13189, "amount": 823.0, "side": "buy", "timestamp": 1766189168026}, {"id": "981481486", "price": 0.13189, "amount": 83.0, "side": "buy", "timestamp": 1766189168499}, {"id": "981481487", "price": 0.13189, "amount": 106.0, "side": "buy", "timestamp": 1766189169048}, {"id": "981481488", "price": 0.13189, "amount": 229.0, "side": "buy", "timestamp": 1766189169153}, {"id": "981481489", "price": 0.13188, "amount": 78.0, "side": "sell", "timestamp": 1766189169365}, {"id": "981481490", "price": 0.13188, "amount": 75.0, "side": "sell", "timestamp": 1766189169489}, {"id": "981481491", "price": 0.13188, "amount": 8002.0, "side": "sell", "timestamp": 1766189169616}, {"id": "981481492", "price": 0.13188, "amount": 66.0, "side": "sell", "timestamp": 1766189169757}, {"id": "981481493", "price": 0.13189, "amount": 53.0, "side": "buy", "timestamp": 1766189169799}, {"id": "981481494", "price": 0.13189, "amount": 68.0, "side": "buy", "timestamp": 1766189169941}, {"id": "981481495", "price": 0.13189, "amount": 59.0, "side": "buy", "timestamp": 1766189170482}, {"id": "981481496", "price": 0.13188, "amount": 500.0, "side": "sell", "timestamp": 1766189170674}, {"id": "981481497", "price": 0.13189, "amount": 106.0, "side": "buy", "timestamp": 1766189171076}, {"id": "981481498", "price": 0.13189, "amount": 174.0, "side": "buy", "timestamp": 1766189171308}, {"id": "981481499", "price": 0.13188, "amount": 8801.0, "side": "sell", "timestamp": 1766189171421}, {"id": "981481500", "price": 0.13189, "amount": 106.0, "side": "buy", "timestamp": 1766189171483}, {"id": "981481501", "price": 0.13189, "amount": 174.0, "side": "buy", "timestamp": 1766189171610}, {"id": "981481502", "price": 0.13188, "amount": 107972.0, "side": "sell", "timestamp": 1766189171807}, {"id": "981481503", "price": 0.13187, "amount": 37500.0, "side": "sell", "timestamp": 1766189171821}, {"id": "981481504", "price": 0.13186, "amount": 15493.0, "side": "sell", "timestamp": 1766189172383}, {"id": "981481505", "price": 0.13187, "amount": 106.0, "side": "buy", "timestamp": 1766189173164}, {"id": "981481506", "price": 0.13186, "amount": 399.0, "side": "sell", "timestamp": 1766189174009}, {"id": "981481507", "price": 0.13186, "amount": 136677.0, "side": "sell", "timestamp": 1766189174465}, {"id": "981481508", "price": 0.13185, "amount": 155937.0, "side": "sell", "timestamp": 1766189174465}, {"id": "981481509", "price": 0.13184, "amount": 251490.0, "side": "sell", "timestamp": 1766189174465}, {"id": "981481510", "price": 0.13183, "amount": 17731.0, "side": "sell", "timestamp": 1766189174466}, {"id": "981481511", "price": 0.13184, "amount": 55719.0, "side": "buy", "timestamp": 1766189174471}, {"id": "981481512", "price": 0.13185, "amount": 155.0, "side": "buy", "timestamp": 1766189174477}, {"id": "981481513", "price": 0.13186, "amount": 170.0, "side": "buy", "timestamp": 1766189174783}, {"id": "981481514", "price": 0.13185, "amount": 387.0, "side": "sell", "timestamp": 1766189174811}, {"id": "981481515", "price": 0.13185, "amount": 496.0, "side": "sell", "timestamp": 1766189175075}, {"id": "981481516", "price": 0.13186, "amount": 106.0, "side": "buy", "timestamp": 1766189175179}, {"id": "981481517", "price": 0.13186, "amount": 42.0, "side": "buy", "timestamp": 1766189176031}, {"id": "981481518", "price": 0.13185, "amount": 395991.0, "side": "sell", "timestamp": 1766189176199}, {"id": "981481604", "price": 0.13187, "amount": 9391.0, "side": "buy", "timestamp": 1766189210555}, {"id": "981481605", "price": 0.13187, "amount": 132.0, "side": "buy", "timestamp": 1766189210701}, {"id": "981481606", "price": 0.13186, "amount": 126.0, "side": "sell", "timestamp": 1766189210822}, {"id": "981481607", "price": 0.13187, "amount": 106.0, "side": "buy", "timestamp": 1766189211158}, {"id": "981481608", "price": 0.13187, "amount": 157.0, "side": "buy", "timestamp": 1766189211690}, {"id": "981481609", "price": 0.13187, "amount": 285.0, "side": "buy", "timestamp": 1766189213047}, {"id": "981481610", "price": 0.13187, "amount": 106.0, "side": "buy", "timestamp": 1766189213187}, {"id": "981481611", "price": 0.13187, "amount": 57.0, "side": "buy", "timestamp": 1766189213788}, {"id": "981481612", "price": 0.13187, "amount": 1000.0, "side": "buy", "timestamp": 1766189213930}, {"id": "981481613", "price": 0.13187, "amount": 42.0, "side": "buy", "timestamp": 1766189214128}, {"id": "981481614", "price": 0.13187, "amount": 75.0, "side": "buy", "timestamp": 1766189214719}, {"id": "981481615", "price": 0.13187, "amount": 59.0, "side": "buy", "timestamp": 1766189214968}, {"id": "981481616", "price": 0.13187, "amount": 106.0, "side": "buy", "timestamp": 1766189215210}, {"id": "981481617", "price": 0.13187, "amount": 60.0, "side": "buy", "timestamp": 1766189215656}, {"id": "981481618", "price": 0.13186, "amount": 143.0, "side": "sell", "timestamp": 1766189215938}, {"id": "981481619", "price": 0.13187, "amount": 81.0, "side": "buy", "timestamp": 1766189216432}, {"id": "981481620", "price": 0.13187, "amount": 823.0, "side": "buy", "timestamp": 1766189216577}, {"id": "981481621", "price": 0.13187, "amount": 106.0, "side": "buy", "timestamp": 1766189217057}, {"id": "981481622", "price": 0.13187, "amount": 77.0, "side": "buy", "timestamp": 1766189217558}, {"id": "981481623", "price": 0.13187, "amount": 5133.0, "side": "buy", "timestamp": 1766189218357}, {"id": "981481624", "price": 0.13187, "amount": 106.0, "side": "buy", "timestamp": 1766189219083}, {"id": "981481625", "price": 0.13187, "amount": 43.0, "side": "buy", "timestamp": 1766189219553}, {"id": "981481626", "price": 0.13187, "amount": 68.0, "side": "buy", "timestamp": 1766189219800}, {"id": "981481627", "price": 0.13187, "amount": 47.0, "side": "buy", "timestamp": 1766189220330}, {"id": "981481628", "price": 0.13186, "amount": 3548.0, "side": "sell", "timestamp": 1766189220390}, {"id": "981481629", "price": 0.13187, "amount": 144.0, "side": "buy", "timestamp": 1766189221114}, {"id": "981481630", "price": 0.13187, "amount": 30135.0, "side": "buy", "timestamp": 1766189221279}, {"id": "981481631", "price": 0.13188, "amount": 8513.0, "side": "buy", "timestamp": 1766189221328}, {"id": "981481632", "price": 0.13187, "amount": 604.0, "side": "sell", "timestamp": 1766189221549}, {"id": "981481633", "price": 0.13188, "amount": 1404.0, "side": "buy", "timestamp": 1766189221883}, {"id": "981481634", "price": 0.13188, "amount": 381.0, "side": "buy", "timestamp": 1766189223048}, {"id": "981481635", "price": 0.13188, "amount": 500.0, "side": "buy", "timestamp": 1766189223800}, {"id": "981481636", "price": 0.13188, "amount": 334.0, "side": "buy", "timestamp": 1766189224069}, {"id": "981481637", "price": 0.13188, "amount": 1307.0, "side": "buy", "timestamp": 1766189224483}, {"id": "981481638", "price": 0.13188, "amount": 506.0, "side": "buy", "timestamp": 1766189224804}, {"id": "981481639", "price": 0.13187, "amount": 144.0, "side": "sell", "timestamp": 1766189224805}, {"id": "981481640", "price": 0.13188, "amount": 818.0, "side": "buy", "timestamp": 1766189224908}, {"id": "981481641", "price": 0.13188, "amount": 401.0, "side": "buy", "timestamp": 1766189225053}, {"id": "981481642", "price": 0.13187, "amount": 1717.0, "side": "sell", "timestamp": 1766189225356}, {"id": "981481643", "price": 0.13188, "amount": 10291.0, "side": "buy", "timestamp": 1766189225527}, {"id": "981481644", "price": 0.13187, "amount": 42683.0, "side": "sell", "timestamp": 1766189225921}, {"id": "981481645", "price": 0.13188, "amount": 94.0, "side": "buy", "timestamp": 1766189226150}, {"id": "981481646", "price": 0.13188, "amount": 206.0, "side": "buy", "timestamp": 1766189226293}, {"id": "981481647", "price": 0.13188, "amount": 824.0, "side": "buy", "timestamp": 1766189226562}, {"id": "981481648", "price": 0.13187, "amount": 48207.0, "side": "sell", "timestamp": 1766189226988}, {"id": "981481649", "price": 0.13187, "amount": 106.0, "side": "buy", "timestamp": 1766189227104}, {"id": "981481650", "price": 0.13186, "amount": 5803.0, "side": "sell", "timestamp": 1766189227984}, {"id": "981481651", "price": 0.13187, "amount": 103.0, "side": "buy", "timestamp": 1766189228029}, {"id": "981481652", "price": 0.13187, "amount": 49.0, "side": "buy", "timestamp": 1766189228819}, {"id": "981481653", "price": 0.13187, "amount": 106.0, "side": "buy", "timestamp": 1766189229131}, {"id": "981481712", "price": 0.13188, "amount": 16621.0, "side": "sell", "timestamp": 1766189257907}, {"id": "981481713", "price": 0.13189, "amount": 869.0, "side": "buy", "timestamp": 1766189258498}, {"id": "981481714", "price": 0.13188, "amount": 214190.0, "side": "sell", "timestamp": 1766189258636}, {"id": "981481715", "price": 0.13187, "amount": 103499.0, "side": "sell", "timestamp": 1766189258645}, {"id": "981481716", "price": 0.13187, "amount": 43.0, "side": "buy", "timestamp": 1766189258860}, {"id": "981481717", "price": 0.13187, "amount": 106.0, "side": "buy", "timestamp": 1766189259169}, {"id": "981481718", "price": 0.13187, "amount": 41.0, "side": "buy", "timestamp": 1766189259584}, {"id": "981481719", "price": 0.13186, "amount": 130.0, "side": "sell", "timestamp": 1766189260016}, {"id": "981481720", "price": 0.13187, "amount": 106.0, "side": "buy", "timestamp": 1766189261201}, {"id": "981481721", "price": 0.13187, "amount": 823.0, "side": "buy", "timestamp": 1766189262569}, {"id": "981481722", "price": 0.13186, "amount": 6306.0, "side": "sell", "timestamp": 1766189262910}, {"id": "981481723", "price": 0.13187, "amount": 106.0, "side": "buy", "timestamp": 1766189263016}, {"id": "981481724", "price": 0.13186, "amount": 38205.0, "side": "sell", "timestamp": 1766189263489}, {"id": "981481725", "price": 0.13187, "amount": 195.0, "side": "buy", "timestamp": 1766189264146}, {"id": "981481726", "price": 0.13187, "amount": 38.0, "side": "buy", "timestamp": 1766189264850}, {"id": "981481727", "price": 0.13187, "amount": 2986.0, "side": "buy", "timestamp": 1766189264964}, {"id": "981481728", "price": 0.13187, "amount": 47.0, "side": "buy", "timestamp": 1766189265772}, {"id": "981481729", "price": 0.13187, "amount": 212.0, "side": "buy", "timestamp": 1766189266378}, {"id": "981481730", "price": 0.13186, "amount": 55622.0, "side": "sell", "timestamp": 1766189267030}, {"id": "981481731", "price": 0.13186, "amount": 106.0, "side": "buy", "timestamp": 1766189267097}, {"id": "981481732", "price": 0.13185, "amount": 134.0, "side": "sell", "timestamp": 1766189267593}, {"id": "981481733", "price": 0.13186, "amount": 91.0, "side": "buy", "timestamp": 1766189267660}, {"id": "981481734", "price": 0.13186, "amount": 75.0, "side": "buy", "timestamp": 1766189267815}, {"id": "981481735", "price": 0.13186, "amount": 94.0, "side": "buy", "timestamp": 1766189268380}, {"id": "981481736", "price": 0.13185, "amount": 3213.0, "side": "sell", "timestamp": 1766189268514}, {"id": "981481737", "price": 0.13186, "amount": 106.0, "side": "buy", "timestamp": 1766189269148}, {"id": "981481738", "price": 0.13186, "amount": 10069.0, "side": "buy", "timestamp": 1766189270852}, {"id": "981481739", "price": 0.13186, "amount": 106.0, "side": "buy", "timestamp": 1766189271204}, {"id": "981481740", "price": 0.13186, "amount": 2104.0, "side": "buy", "timestamp": 1766189271834}, {"id": "981481741", "price": 0.13186, "amount": 21.0, "side": "buy", "timestamp": 1766189272573}, {"id": "981481742", "price": 0.13186, "amount": 106.0, "side": "buy", "timestamp": 1766189273021}, {"id": "981481743", "price": 0.13185, "amount": 68.0, "side": "sell", "timestamp": 1766189273630}, {"id": "981481744", "price": 0.13186, "amount": 3740.0, "side": "buy", "timestamp": 1766189273633}, {"id": "981481745", "price": 0.13185, "amount": 42683.0, "side": "sell", "timestamp": 1766189273926}, {"id": "981481746", "price": 0.13186, "amount": 86.0, "side": "buy", "timestamp": 1766189274066}, {"id": "981481747", "price": 0.13186, "amount": 39.0, "side": "buy", "timestamp": 1766189274515}, {"id": "981481748", "price": 0.13185, "amount": 5273.0, "side": "sell", "timestamp": 1766189274947}, {"id": "981481749", "price": 0.13186, "amount": 106.0, "side": "buy", "timestamp": 1766189275088}, {"id": "981481750", "price": 0.13186, "amount": 191.0, "side": "buy", "timestamp": 1766189275973}, {"id": "981481751", "price": 0.13186, "amount": 3.0, "side": "buy", "timestamp": 1766189276112}, {"id": "981481752", "price": 0.13186, "amount": 106.0, "side": "buy", "timestamp": 1766189277106}, {"id": "981481753", "price": 0.13186, "amount": 824.0, "side": "buy", "timestamp": 1766189277570}, {"id": "981481754", "price": 0.13186, "amount": 76.0, "side": "buy", "timestamp": 1766189278991}, {"id": "981481755", "price": 0.13186, "amount": 106.0, "side": "buy", "timestamp": 1766189279124}, {"id": "981481756", "price": 0.13186, "amount": 43.0, "side": "buy", "timestamp": 1766189280104}, {"id": "981481757", "price": 0.13185, "amount": 2265.0, "side": "sell", "timestamp": 1766189280509}, {"id": "981481758", "price": 0.13186, "amount": 82.0, "side": "buy", "timestamp": 1766189280548}, {"id": "981481759", "price": 0.13186, "amount": 76.0, "side": "buy", "timestamp": 1766189280663}, {"id": "981481760", "price": 0.13186, "amount": 106.0, "side": "buy", "timestamp": 1766189281172}, {"id": "981481761", "price": 0.13185, "amount": 12110.0, "side": "sell", "timestamp": 1766189282095}, {"id": "981481844", "price": 0.13188, "amount": 107517.0, "side": "buy", "timestamp": 1766189316916}, {"id": "981481845", "price": 0.13189, "amount": 40193.0, "side": "buy", "timestamp": 1766189316941}, {"id": "981481846", "price": 0.1319, "amount": 16850.0, "side": "buy", "timestamp": 1766189317114}, {"id": "981481847", "price": 0.1319, "amount": 114.0, "side": "buy", "timestamp": 1766189317324}, {"id": "981481848", "price": 0.13189, "amount": 3634.0, "side": "sell", "timestamp": 1766189317364}, {"id": "981481849", "price": 0.13189, "amount": 1225.0, "side": "sell", "timestamp": 1766189317467}, {"id": "981481850", "price": 0.1319, "amount": 86930.0, "side": "buy", "timestamp": 1766189318591}, {"id": "981481851", "price": 0.13191, "amount": 106.0, "side": "buy", "timestamp": 1766189319044}, {"id": "981481852", "price": 0.13191, "amount": 221448.0, "side": "buy", "timestamp": 1766189319353}, {"id": "981481853", "price": 0.13192, "amount": 192055.0, "side": "buy", "timestamp": 1766189319353}, {"id": "981481854", "price": 0.13193, "amount": 118432.0, "side": "buy", "timestamp": 1766189319354}, {"id": "981481855", "price": 0.13192, "amount": 55964.0, "side": "sell", "timestamp": 1766189319363}, {"id": "981481856", "price": 0.13192, "amount": 43.0, "side": "buy", "timestamp": 1766189319496}, {"id": "981481857", "price": 0.13192, "amount": 5.0, "side": "buy", "timestamp": 1766189319698}, {"id": "981481858", "price": 0.13192, "amount": 1212.0, "side": "buy", "timestamp": 1766189319842}, {"id": "981481859", "price": 0.13192, "amount": 484.0, "side": "buy", "timestamp": 1766189320019}, {"id": "981481860", "price": 0.13192, "amount": 5803.0, "side": "buy", "timestamp": 1766189320150}, {"id": "981481861", "price": 0.13192, "amount": 106.0, "side": "buy", "timestamp": 1766189321080}, {"id": "981481862", "price": 0.13192, "amount": 49.0, "side": "buy", "timestamp": 1766189321346}, {"id": "981481863", "price": 0.13191, "amount": 126024.0, "side": "sell", "timestamp": 1766189321452}, {"id": "981481864", "price": 0.1319, "amount": 26191.0, "side": "sell", "timestamp": 1766189321465}, {"id": "981481865", "price": 0.13189, "amount": 21391.0, "side": "sell", "timestamp": 1766189321469}, {"id": "981481866", "price": 0.13188, "amount": 4478.0, "side": "sell", "timestamp": 1766189321470}, {"id": "981481867", "price": 0.13189, "amount": 431730.0, "side": "buy", "timestamp": 1766189321589}, {"id": "981481868", "price": 0.13189, "amount": 64.0, "side": "buy", "timestamp": 1766189322846}, {"id": "981481869", "price": 0.13188, "amount": 7.0, "side": "sell", "timestamp": 1766189322860}, {"id": "981481870", "price": 0.13189, "amount": 106.0, "side": "buy", "timestamp": 1766189323149}, {"id": "981481871", "price": 0.13189, "amount": 49.0, "side": "buy", "timestamp": 1766189324437}, {"id": "981481872", "price": 0.13189, "amount": 106.0, "side": "buy", "timestamp": 1766189325193}, {"id": "981481873", "price": 0.13189, "amount": 1080.0, "side": "buy", "timestamp": 1766189325649}, {"id": "981481874", "price": 0.13189, "amount": 824.0, "side": "buy", "timestamp": 1766189325838}, {"id": "981481875", "price": 0.13189, "amount": 38.0, "side": "buy", "timestamp": 1766189326120}, {"id": "981481876", "price": 0.13189, "amount": 52.0, "side": "buy", "timestamp": 1766189326640}, {"id": "981481877", "price": 0.13188, "amount": 141.0, "side": "sell", "timestamp": 1766189326897}, {"id": "981481878", "price": 0.13189, "amount": 106.0, "side": "buy", "timestamp": 1766189327033}, {"id": "981481879", "price": 0.13189, "amount": 1291.0, "side": "buy", "timestamp": 1766189328269}, {"id": "981481880", "price": 0.13189, "amount": 206.0, "side": "buy", "timestamp": 1766189328499}, {"id": "981481881", "price": 0.13189, "amount": 106.0, "side": "buy", "timestamp": 1766189329074}, {"id": "981481882", "price": 0.13189, "amount": 1334.0, "side": "buy", "timestamp": 1766189329550}, {"id": "981481883", "price": 0.13188, "amount": 544.0, "side": "sell", "timestamp": 1766189329891}, {"id": "981481884", "price": 0.13188, "amount": 1516.0, "side": "sell", "timestamp": 1766189330002}, {"id": "981481885", "price": 0.13188, "amount": 11917.0, "side": "sell", "timestamp": 1766189330310}, {"id": "981481886", "price": 0.13188, "amount": 111.0, "side": "buy", "timestamp": 1766189330882}, {"id": "981481887", "price": 0.13188, "amount": 106.0, "side": "buy", "timestamp": 1766189331100}, {"id": "981481888", "price": 0.13188, "amount": 12069.0, "side": "buy", "timestamp": 1766189331350}, {"id": "981481889", "price": 0.13188, "amount": 162.0, "side": "buy", "timestamp": 1766189331833}, {"id": "981481890", "price": 0.13187, "amount": 2091.0, "side": "sell", "timestamp": 1766189332160}, {"id": "981481891", "price": 0.13188, "amount": 106.0, "side": "buy", "timestamp": 1766189333127}, {"id": "981481892", "price": 0.13188, "amount": 30843.0, "side": "buy", "timestamp": 1766189334394}, {"id": "981481893", "price": 0.13188, "amount": 106.0, "side": "buy", "timestamp": 1766189335145}, {"id": "981481982", "price": 0.13189, "amount": 75.0, "side": "buy", "timestamp": 1766189366555}, {"id": "981481983", "price": 0.13189, "amount": 40.0, "side": "buy", "timestamp": 1766189366693}, {"id": "981481984", "price": 0.13188, "amount": 663.0, "side": "sell", "timestamp": 1766189367033}, {"id": "981481985", "price": 0.13189, "amount": 106.0, "side": "buy", "timestamp": 1766189367069}, {"id": "981481986", "price": 0.13189, "amount": 63.0, "side": "buy", "timestamp": 1766189367343}, {"id": "981481987", "price": 0.13189, "amount": 38.0, "side": "buy", "timestamp": 1766189367977}, {"id": "981481988", "price": 0.13189, "amount": 106.0, "side": "buy", "timestamp": 1766189369134}, {"id": "981481989", "price": 0.13189, "amount": 199.0, "side": "buy", "timestamp": 1766189369611}, {"id": "981481990", "price": 0.13188, "amount": 307.0, "side": "sell", "timestamp": 1766189369623}, {"id": "981481991", "price": 0.13189, "amount": 73.0, "side": "buy", "timestamp": 1766189369864}, {"id": "981481992", "price": 0.13189, "amount": 602.0, "side": "buy", "timestamp": 1766189370014}, {"id": "981481993", "price": 0.13189, "amount": 48.0, "side": "buy", "timestamp": 1766189370509}, {"id": "981481994", "price": 0.13189, "amount": 106.0, "side": "buy", "timestamp": 1766189371176}, {"id": "981481995", "price": 0.13189, "amount": 1080.0, "side": "buy", "timestamp": 1766189372722}, {"id": "981481996", "price": 0.13189, "amount": 106.0, "side": "buy", "timestamp": 1766189373220}, {"id": "981481997", "price": 0.13189, "amount": 51.0, "side": "buy", "timestamp": 1766189373576}, {"id": "981481998", "price": 0.13189, "amount": 824.0, "side": "buy", "timestamp": 1766189374283}, {"id": "981481999", "price": 0.13189, "amount": 76.0, "side": "buy", "timestamp": 1766189374710}, {"id": "981482000", "price": 0.13189, "amount": 636.0, "side": "buy", "timestamp": 1766189374925}, {"id": "981482001", "price": 0.13189, "amount": 106.0, "side": "buy", "timestamp": 1766189375034}, {"id": "981482002", "price": 0.13189, "amount": 108.0, "side": "buy", "timestamp": 1766189375373}, {"id": "981482003", "price": 0.13189, "amount": 91.0, "side": "buy", "timestamp": 1766189375665}, {"id": "981482004", "price": 0.13189, "amount": 1334.0, "side": "buy", "timestamp": 1766189376319}, {"id": "981482005", "price": 0.13189, "amount": 12916.0, "side": "buy", "timestamp": 1766189376568}, {"id": "981482006", "price": 0.13189, "amount": 106.0, "side": "buy", "timestamp": 1766189377088}, {"id": "981482007", "price": 0.13189, "amount": 106.0, "side": "buy", "timestamp": 1766189379153}, {"id": "981482008", "price": 0.13189, "amount": 606.0, "side": "buy", "timestamp": 1766189379739}, {"id": "981482009", "price": 0.13189, "amount": 80.0, "side": "buy", "timestamp": 1766189379999}, {"id": "981482010", "price": 0.13189, "amount": 43.0, "side": "buy", "timestamp": 1766189380183}, {"id": "981482011", "price": 0.13189, "amount": 23074.0, "side": "buy", "timestamp": 1766189380946}, {"id": "981482012", "price": 0.1319, "amount": 5827.0, "side": "buy", "timestamp": 1766189381012}, {"id": "981482013", "price": 0.13191, "amount": 58.0, "side": "buy", "timestamp": 1766189381251}, {"id": "981482014", "price": 0.13191, "amount": 65.0, "side": "buy", "timestamp": 1766189381375}, {"id": "981482015", "price": 0.13191, "amount": 82.0, "side": "buy", "timestamp": 1766189382348}, {"id": "981482016", "price": 0.13191, "amount": 427.0, "side": "buy", "timestamp": 1766189382532}, {"id": "981482017", "price": 0.13191, "amount": 92.0, "side": "buy", "timestamp": 1766189382636}, {"id": "981482018", "price": 0.1319, "amount": 5273.0, "side": "sell", "timestamp": 1766189382680}, {"id": "981482019", "price": 0.13191, "amount": 106.0, "side": "buy", "timestamp": 1766189383081}, {"id": "981482020", "price": 0.13191, "amount": 71.0, "side": "buy", "timestamp": 1766189384738}, {"id": "981482021", "price": 0.13191, "amount": 629.0, "side": "buy", "timestamp": 1766189384903}, {"id": "981482022", "price": 0.13191, "amount": 106.0, "side": "buy", "timestamp": 1766189385120}, {"id": "981482023", "price": 0.13191, "amount": 815.0, "side": "buy", "timestamp": 1766189385304}, {"id": "981482024", "price": 0.13191, "amount": 17025.0, "side": "buy", "timestamp": 1766189385708}, {"id": "981482025", "price": 0.13192, "amount": 2327.0, "side": "buy", "timestamp": 1766189385834}, {"id": "981482026", "price": 0.13193, "amount": 862.0, "side": "buy", "timestamp": 1766189386061}, {"id": "981482027", "price": 0.13193, "amount": 3156.0, "side": "buy", "timestamp": 1766189386283}, {"id": "981482028", "price": 0.13194, "amount": 106.0, "side": "buy", "timestamp": 1766189387168}, {"id": "981482029", "price": 0.13194, "amount": 199.0, "side": "buy", "timestamp": 1766189388649}, {"id": "981482030", "price": 0.13193, "amount": 554.0, "side": "sell", "timestamp": 1766189388702}, {"id": "981482031", "price": 0.13194, "amount": 601.0, "side": "buy", "timestamp": 1766189389011}, {"id": "981482123", "price": 0.13195, "amount": 106.0, "side": "buy", "timestamp": 1766189423062}, {"id": "981482124", "price": 0.13195, "amount": 1516.0, "side": "buy", "timestamp": 1766189424494}, {"id": "981482125", "price": 0.13195, "amount": 1394.0, "side": "buy", "timestamp": 1766189424776}, {"id": "981482126", "price": 0.13195, "amount": 1146.0, "side": "buy", "timestamp": 1766189424963}, {"id": "981482127", "price": 0.13195, "amount": 24894.0, "side": "buy", "timestamp": 1766189425077}, {"id": "981482128", "price": 0.13196, "amount": 26151.0, "side": "buy", "timestamp": 1766189425324}, {"id": "981482129", "price": 0.13196, "amount": 973.0, "side": "sell", "timestamp": 1766189425526}, {"id": "981482130", "price": 0.13197, "amount": 774.0, "side": "buy", "timestamp": 1766189426761}, {"id": "981482131", "price": 0.13196, "amount": 57.0, "side": "sell", "timestamp": 1766189426816}, {"id": "981482132", "price": 0.13197, "amount": 321.0, "side": "buy", "timestamp": 1766189427062}, {"id": "981482133", "price": 0.13197, "amount": 92.0, "side": "buy", "timestamp": 1766189427894}, {"id": "981482134", "price": 0.13197, "amount": 10525.0, "side": "buy", "timestamp": 1766189428067}, {"id": "981482135", "price": 0.13198, "amount": 30796.0, "side": "buy", "timestamp": 1766189428068}, {"id": "981482136", "price": 0.13198, "amount": 485982.0, "side": "sell", "timestamp": 1766189428125}, {"id": "981482137", "price": 0.13197, "amount": 221147.0, "side": "sell", "timestamp": 1766189428130}, {"id": "981482138", "price": 0.13197, "amount": 128.0, "side": "buy", "timestamp": 1766189428196}, {"id": "981482139", "price": 0.13196, "amount": 6651.0, "side": "sell", "timestamp": 1766189428238}, {"id": "981482140", "price": 0.13197, "amount": 644.0, "side": "buy", "timestamp": 1766189428362}, {"id": "981482141", "price": 0.13197, "amount": 106.0, "side": "buy", "timestamp": 1766189429169}, {"id": "981482142", "price": 0.13197, "amount": 309.0, "side": "buy", "timestamp": 1766189429633}, {"id": "981482143", "price": 0.13197, "amount": 60.0, "side": "buy", "timestamp": 1766189429773}, {"id": "981482144", "price": 0.13197, "amount": 1208.0, "side": "buy", "timestamp": 1766189429881}, {"id": "981482145", "price": 0.13197, "amount": 244.0, "side": "buy", "timestamp": 1766189430020}, {"id": "981482146", "price": 0.13196, "amount": 42.0, "side": "sell", "timestamp": 1766189430450}, {"id": "981482147", "price": 0.13196, "amount": 5273.0, "side": "sell", "timestamp": 1766189430555}, {"id": "981482148", "price": 0.13197, "amount": 105.0, "side": "buy", "timestamp": 1766189430693}, {"id": "981482149", "price": 0.13197, "amount": 106.0, "side": "buy", "timestamp": 1766189431197}, {"id": "981482150", "price": 0.13196, "amount": 63.0, "side": "sell", "timestamp": 1766189432377}, {"id": "981482151", "price": 0.13197, "amount": 106.0, "side": "buy", "timestamp": 1766189433022}, {"id": "981482152", "price": 0.13196, "amount": 1513.0, "side": "sell", "timestamp": 1766189433540}, {"id": "981482153", "price": 0.13196, "amount": 14172.0, "side": "sell", "timestamp": 1766189434394}, {"id": "981482154", "price": 0.13197, "amount": 1086.0, "side": "buy", "timestamp": 1766189434590}, {"id": "981482155", "price": 0.13197, "amount": 1424.0, "side": "buy", "timestamp": 1766189434717}, {"id": "981482156", "price": 0.13197, "amount": 139.0, "side": "buy", "timestamp": 1766189434877}, {"id": "981482157", "price": 0.13197, "amount": 800.0, "side": "buy", "timestamp": 1766189435016}, {"id": "981482158", "price": 0.13197, "amount": 16271.0, "side": "buy", "timestamp": 1766189437052}, {"id": "981482159", "price": 0.13196, "amount": 14506.0, "side": "sell", "timestamp": 1766189438786}, {"id": "981482160", "price": 0.13197, "amount": 106.0, "side": "buy", "timestamp": 1766189439100}, {"id": "981482161", "price": 0.13197, "amount": 2166.0, "side": "buy", "timestamp": 1766189439797}, {"id": "981482162", "price": 0.13197, "amount": 594.0, "side": "buy", "timestamp": 1766189439903}, {"id": "981482163", "price": 0.13197, "amount": 165.0, "side": "buy", "timestamp": 1766189440607}, {"id": "981482164", "price": 0.13197, "amount": 106.0, "side": "buy", "timestamp": 1766189441119}, {"id": "981482165", "price": 0.13196, "amount": 90256.0, "side": "sell", "timestamp": 1766189441699}, {"id": "981482166", "price": 0.13196, "amount": 66.0, "side": "buy", "timestamp": 1766189441824}, {"id": "981482167", "price": 0.13195, "amount": 96717.0, "side": "sell", "timestamp": 1766189441896}, {"id": "981482168", "price": 0.13194, "amount": 76.0, "side": "sell", "timestamp": 1766189441930}, {"id": "981482169", "price": 0.13195, "amount": 542.0, "side": "buy", "timestamp": 1766189442071}, {"id": "981482170", "price": 0.13195, "amount": 149.0, "side": "buy", "timestamp": 1766189442294}, {"id": "981482171", "price": 0.13195, "amount": 44.0, "side": "buy", "timestamp": 1766189442446}, {"id": "981482172", "price": 0.13195, "amount": 70.0, "side": "buy", "timestamp": 1766189442740}, {"id": "981482235", "price": 0.13199, "amount": 1555.0, "side": "buy", "timestamp": 1766189478913}, {"id": "981482236", "price": 0.13199, "amount": 106.0, "side": "buy", "timestamp": 1766189479172}, {"id": "981482237", "price": 0.13199, "amount": 77.0, "side": "buy", "timestamp": 1766189479705}, {"id": "981482238", "price": 0.13199, "amount": 50.0, "side": "buy", "timestamp": 1766189480803}, {"id": "981482239", "price": 0.13198, "amount": 319071.0, "side": "sell", "timestamp": 1766189481116}, {"id": "981482240", "price": 0.13197, "amount": 56349.0, "side": "sell", "timestamp": 1766189481119}, {"id": "981482241", "price": 0.13197, "amount": 1315.0, "side": "buy", "timestamp": 1766189481191}, {"id": "981482242", "price": 0.13196, "amount": 4596.0, "side": "sell", "timestamp": 1766189481302}, {"id": "981482243", "price": 0.13197, "amount": 824.0, "side": "buy", "timestamp": 1766189481777}, {"id": "981482244", "price": 0.13197, "amount": 2621.0, "side": "buy", "timestamp": 1766189481910}, {"id": "981482245", "price": 0.13197, "amount": 45.0, "side": "buy", "timestamp": 1766189482049}, {"id": "981482246", "price": 0.13197, "amount": 162522.0, "side": "buy", "timestamp": 1766189482388}, {"id": "981482247", "price": 0.13198, "amount": 15330.0, "side": "buy", "timestamp": 1766189482624}, {"id": "981482248", "price": 0.13198, "amount": 106.0, "side": "buy", "timestamp": 1766189483109}, {"id": "981482249", "price": 0.13198, "amount": 90.0, "side": "buy", "timestamp": 1766189483662}, {"id": "981482250", "price": 0.13197, "amount": 2104.0, "side": "sell", "timestamp": 1766189483690}, {"id": "981482251", "price": 0.13197, "amount": 5273.0, "side": "sell", "timestamp": 1766189484481}, {"id": "981482252", "price": 0.13198, "amount": 23928.0, "side": "buy", "timestamp": 1766189484661}, {"id": "981482253", "price": 0.13198, "amount": 54.0, "side": "buy", "timestamp": 1766189484845}, {"id": "981482254", "price": 0.13198, "amount": 981.0, "side": "buy", "timestamp": 1766189485127}, {"id": "981482255", "price": 0.13198, "amount": 182.0, "side": "buy", "timestamp": 1766189485229}, {"id": "981482256", "price": 0.13198, "amount": 856.0, "side": "buy", "timestamp": 1766189485389}, {"id": "981482257", "price": 0.13198, "amount": 782.0, "side": "buy", "timestamp": 1766189485513}, {"id": "981482258", "price": 0.13198, "amount": 182.0, "side": "buy", "timestamp": 1766189485623}, {"id": "981482259", "price": 0.13198, "amount": 229.0, "side": "buy", "timestamp": 1766189486194}, {"id": "981482260", "price": 0.13198, "amount": 106.0, "side": "buy", "timestamp": 1766189487170}, {"id": "981482261", "price": 0.13198, "amount": 284.0, "side": "buy", "timestamp": 1766189487440}, {"id": "981482262", "price": 0.13198, "amount": 508.0, "side": "buy", "timestamp": 1766189488058}, {"id": "981482263", "price": 0.13197, "amount": 41.0, "side": "sell", "timestamp": 1766189488094}, {"id": "981482264", "price": 0.13198, "amount": 7988.0, "side": "buy", "timestamp": 1766189488723}, {"id": "981482265", "price": 0.13197, "amount": 39.0, "side": "sell", "timestamp": 1766189489055}, {"id": "981482266", "price": 0.13198, "amount": 106.0, "side": "buy", "timestamp": 1766189489200}, {"id": "981482267", "price": 0.13198, "amount": 44.0, "side": "buy", "timestamp": 1766189490626}, {"id": "981482268", "price": 0.13197, "amount": 120.0, "side": "sell", "timestamp": 1766189490729}, {"id": "981482269", "price": 0.13198, "amount": 90.0, "side": "buy", "timestamp": 1766189490890}, {"id": "981482270", "price": 0.13198, "amount": 106.0, "side": "buy", "timestamp": 1766189491032}, {"id": "981482271", "price": 0.13198, "amount": 80.0, "side": "buy", "timestamp": 1766189491727}, {"id": "981482272", "price": 0.13198, "amount": 67.0, "side": "buy", "timestamp": 1766189491888}, {"id": "981482273", "price": 0.13198, "amount": 100.0, "side": "buy", "timestamp": 1766189492134}, {"id": "981482274", "price": 0.13197, "amount": 90.0, "side": "sell", "timestamp": 1766189492938}, {"id": "981482275", "price": 0.13198, "amount": 106.0, "side": "buy", "timestamp": 1766189493063}, {"id": "981482276", "price": 0.13198, "amount": 60524.0, "side": "buy", "timestamp": 1766189493176}, {"id": "981482277", "price": 0.13197, "amount": 2.0, "side": "sell", "timestamp": 1766189493246}, {"id": "981482278", "price": 0.13197, "amount": 45.0, "side": "sell", "timestamp": 1766189493513}, {"id": "981482279", "price": 0.13198, "amount": 715.0, "side": "buy", "timestamp": 1766189493643}, {"id": "981482280", "price": 0.13199, "amount": 824.0, "side": "buy", "timestamp": 1766189493779}, {"id": "981482281", "price": 0.13198, "amount": 1251.0, "side": "sell", "timestamp": 1766189493829}, {"id": "981482282", "price": 0.13198, "amount": 41263.0, "side": "sell", "timestamp": 1766189494432}, {"id": "981482283", "price": 0.13198, "amount": 937.0, "side": "buy", "timestamp": 1766189494440}, {"id": "981482284", "price": 0.13198, "amount": 106.0, "side": "buy", "timestamp": 1766189495109}, {"id": "981482370", "price": 0.13208, "amount": 106.0, "side": "buy", "timestamp": 1766189533045}, {"id": "981482371", "price": 0.13208, "amount": 130.0, "side": "buy", "timestamp": 1766189533405}, {"id": "981482372", "price": 0.13207, "amount": 21.0, "side": "sell", "timestamp": 1766189533628}, {"id": "981482373", "price": 0.13208, "amount": 18911.0, "side": "buy", "timestamp": 1766189533838}, {"id": "981482374", "price": 0.13207, "amount": 19.0, "side": "sell", "timestamp": 1766189534668}, {"id": "981482375", "price": 0.13208, "amount": 106.0, "side": "buy", "timestamp": 1766189535070}, {"id": "981482376", "price": 0.13207, "amount": 38.0, "side": "sell", "timestamp": 1766189535128}, {"id": "981482377", "price": 0.13208, "amount": 277.0, "side": "buy", "timestamp": 1766189535510}, {"id": "981482378", "price": 0.13208, "amount": 1528.0, "side": "buy", "timestamp": 1766189536163}, {"id": "981482379", "price": 0.13207, "amount": 77656.0, "side": "sell", "timestamp": 1766189536168}, {"id": "981482380", "price": 0.13207, "amount": 7274.0, "side": "sell", "timestamp": 1766189536269}, {"id": "981482381", "price": 0.13208, "amount": 66.0, "side": "buy", "timestamp": 1766189536786}, {"id": "981482382", "price": 0.13208, "amount": 106.0, "side": "buy", "timestamp": 1766189537103}, {"id": "981482383", "price": 0.13208, "amount": 38.0, "side": "buy", "timestamp": 1766189537520}, {"id": "981482384", "price": 0.13208, "amount": 5601.0, "side": "buy", "timestamp": 1766189538733}, {"id": "981482385", "price": 0.13208, "amount": 85.0, "side": "buy", "timestamp": 1766189539004}, {"id": "981482386", "price": 0.13207, "amount": 22.0, "side": "sell", "timestamp": 1766189539043}, {"id": "981482387", "price": 0.13208, "amount": 106.0, "side": "buy", "timestamp": 1766189539126}, {"id": "981482388", "price": 0.13207, "amount": 155.0, "side": "sell", "timestamp": 1766189539760}, {"id": "981482389", "price": 0.13207, "amount": 1240.0, "side": "sell", "timestamp": 1766189539891}, {"id": "981482390", "price": 0.13208, "amount": 96.0, "side": "buy", "timestamp": 1766189540049}, {"id": "981482391", "price": 0.13207, "amount": 55.0, "side": "sell", "timestamp": 1766189540097}, {"id": "981482392", "price": 0.13207, "amount": 2184.0, "side": "sell", "timestamp": 1766189541148}, {"id": "981482393", "price": 0.13208, "amount": 184.0, "side": "buy", "timestamp": 1766189541155}, {"id": "981482394", "price": 0.13207, "amount": 17.0, "side": "sell", "timestamp": 1766189541794}, {"id": "981482395", "price": 0.13208, "amount": 824.0, "side": "buy", "timestamp": 1766189542029}, {"id": "981482396", "price": 0.13208, "amount": 789.0, "side": "buy", "timestamp": 1766189542229}, {"id": "981482397", "price": 0.13207, "amount": 8474.0, "side": "sell", "timestamp": 1766189542874}, {"id": "981482398", "price": 0.13208, "amount": 106.0, "side": "buy", "timestamp": 1766189543179}, {"id": "981482399", "price": 0.13208, "amount": 14039.0, "side": "buy", "timestamp": 1766189543443}, {"id": "981482400", "price": 0.13207, "amount": 182081.0, "side": "sell", "timestamp": 1766189543644}, {"id": "981482401", "price": 0.13206, "amount": 765.0, "side": "sell", "timestamp": 1766189544793}, {"id": "981482402", "price": 0.13206, "amount": 608.0, "side": "sell", "timestamp": 1766189544953}, {"id": "981482403", "price": 0.13207, "amount": 10268.0, "side": "buy", "timestamp": 1766189544966}, {"id": "981482404", "price": 0.13208, "amount": 106.0, "side": "buy", "timestamp": 1766189545009}, {"id": "981482405", "price": 0.13207, "amount": 60.0, "side": "sell", "timestamp": 1766189545053}, {"id": "981482406", "price": 0.13208, "amount": 52.0, "side": "buy", "timestamp": 1766189545457}, {"id": "981482407", "price": 0.13208, "amount": 60.0, "side": "buy", "timestamp": 1766189545597}, {"id": "981482408", "price": 0.13208, "amount": 3430.0, "side": "buy", "timestamp": 1766189546743}, {"id": "981482409", "price": 0.13208, "amount": 106.0, "side": "buy", "timestamp": 1766189547046}, {"id": "981482410", "price": 0.13207, "amount": 18.0, "side": "sell", "timestamp": 1766189547204}, {"id": "981482411", "price": 0.13208, "amount": 3825.0, "side": "buy", "timestamp": 1766189548422}, {"id": "981482412", "price": 0.13207, "amount": 15310.0, "side": "sell", "timestamp": 1766189548952}, {"id": "981482413", "price": 0.13208, "amount": 106.0, "side": "buy", "timestamp": 1766189549074}, {"id": "981482414", "price": 0.13208, "amount": 192.0, "side": "buy", "timestamp": 1766189549312}, {"id": "981482415", "price": 0.13207, "amount": 242.0, "side": "sell", "timestamp": 1766189549753}, {"id": "981482416", "price": 0.13207, "amount": 677.0, "side": "sell", "timestamp": 1766189549875}, {"id": "981482417", "price": 0.13207, "amount": 572.0, "side": "sell", "timestamp": 1766189550041}, {"id": "981482418", "price": 0.13207, "amount": 3555.0, "side": "sell", "timestamp": 1766189550858}, {"id": "981482419", "price": 0.13207, "amount": 8083.0, "side": "sell", "timestamp": 1766189550978}, {"id": "981482499", "price": 0.13214, "amount": 503.0, "side": "sell", "timestamp": 1766189582018}, {"id": "981482500", "price": 0.13215, "amount": 708.0, "side": "buy", "timestamp": 1766189583972}, {"id": "981482501", "price": 0.13215, "amount": 240.0, "side": "buy", "timestamp": 1766189584373}, {"id": "981482502", "price": 0.13214, "amount": 22.0, "side": "sell", "timestamp": 1766189584574}, {"id": "981482503", "price": 0.13215, "amount": 265295.0, "side": "buy", "timestamp": 1766189584752}, {"id": "981482504", "price": 0.13215, "amount": 10.0, "side": "sell", "timestamp": 1766189585059}, {"id": "981482505", "price": 0.13215, "amount": 123193.0, "side": "sell", "timestamp": 1766189585439}, {"id": "981482506", "price": 0.13214, "amount": 589.0, "side": "sell", "timestamp": 1766189585896}, {"id": "981482507", "price": 0.13215, "amount": 2270.0, "side": "buy", "timestamp": 1766189586654}, {"id": "981482508", "price": 0.13215, "amount": 205.0, "side": "buy", "timestamp": 1766189587390}, {"id": "981482509", "price": 0.13215, "amount": 18228.0, "side": "buy", "timestamp": 1766189587581}, {"id": "981482510", "price": 0.13215, "amount": 15329.0, "side": "buy", "timestamp": 1766189588584}, {"id": "981482511", "price": 0.13215, "amount": 687.0, "side": "buy", "timestamp": 1766189589530}, {"id": "981482512", "price": 0.13215, "amount": 614.0, "side": "buy", "timestamp": 1766189589839}, {"id": "981482513", "price": 0.13215, "amount": 463.0, "side": "buy", "timestamp": 1766189589976}, {"id": "981482514", "price": 0.13215, "amount": 824.0, "side": "buy", "timestamp": 1766189590699}, {"id": "981482515", "price": 0.13214, "amount": 91.0, "side": "sell", "timestamp": 1766189591673}, {"id": "981482516", "price": 0.13215, "amount": 985.0, "side": "buy", "timestamp": 1766189592137}, {"id": "981482517", "price": 0.13214, "amount": 77643.0, "side": "sell", "timestamp": 1766189592141}, {"id": "981482518", "price": 0.13215, "amount": 44.0, "side": "buy", "timestamp": 1766189592386}, {"id": "981482519", "price": 0.13214, "amount": 45406.0, "side": "sell", "timestamp": 1766189592458}, {"id": "981482520", "price": 0.13215, "amount": 69.0, "side": "buy", "timestamp": 1766189593046}, {"id": "981482521", "price": 0.13214, "amount": 35.0, "side": "sell", "timestamp": 1766189593632}, {"id": "981482522", "price": 0.13215, "amount": 711.0, "side": "buy", "timestamp": 1766189594164}, {"id": "981482523", "price": 0.13215, "amount": 186.0, "side": "buy", "timestamp": 1766189594330}, {"id": "981482524", "price": 0.13215, "amount": 48.0, "side": "buy", "timestamp": 1766189595190}, {"id": "981482525", "price": 0.13215, "amount": 1550.0, "side": "buy", "timestamp": 1766189596147}, {"id": "981482526", "price": 0.13214, "amount": 3.0, "side": "sell", "timestamp": 1766189596957}, {"id": "981482527", "price": 0.13214, "amount": 2.0, "side": "sell", "timestamp": 1766189598769}, {"id": "981482528", "price": 0.13214, "amount": 1276.0, "side": "sell", "timestamp": 1766189599336}, {"id": "981482529", "price": 0.13215, "amount": 645.0, "side": "buy", "timestamp": 1766189599337}, {"id": "981482530", "price": 0.13214, "amount": 61951.0, "side": "sell", "timestamp": 1766189599538}, {"id": "981482531", "price": 0.13215, "amount": 16987.0, "side": "buy", "timestamp": 1766189599728}, {"id": "981482532", "price": 0.13214, "amount": 2389.0, "side": "sell", "timestamp": 1766189599990}, {"id": "981482533", "price": 0.13214, "amount": 40488.0, "side": "sell", "timestamp": 1766189600659}, {"id": "981482534", "price": 0.13213, "amount": 99056.0, "side": "sell", "timestamp": 1766189600836}, {"id": "981482535", "price": 0.13212, "amount": 2182.0, "side": "sell", "timestamp": 1766189600881}, {"id": "981482536", "price": 0.13212, "amount": 106.0, "side": "buy", "timestamp": 1766189600966}, {"id": "981482537", "price": 0.13211, "amount": 67006.0, "side": "sell", "timestamp": 1766189601018}, {"id": "981482538", "price": 0.1321, "amount": 768.0, "side": "sell", "timestamp": 1766189601021}, {"id": "981482539", "price": 0.1321, "amount": 257322.0, "side": "buy", "timestamp": 1766189601210}, {"id": "981482540", "price": 0.13209, "amount": 9070.0, "side": "sell", "timestamp": 1766189601214}, {"id": "981482541", "price": 0.1321, "amount": 43681.0, "side": "buy", "timestamp": 1766189601379}, {"id": "981482542", "price": 0.1321, "amount": 61.0, "side": "buy", "timestamp": 1766189601694}, {"id": "981482543", "price": 0.13209, "amount": 77627.0, "side": "sell", "timestamp": 1766189601698}, {"id": "981482544", "price": 0.1321, "amount": 106.0, "side": "buy", "timestamp": 1766189602073}, {"id": "981482545", "price": 0.1321, "amount": 823.0, "side": "buy", "timestamp": 1766189602698}, {"id": "981482546", "price": 0.1321, "amount": 22799.0, "side": "buy", "timestamp": 1766189603649}, {"id": "981482547", "price": 0.13211, "amount": 1138.0, "side": "buy", "timestamp": 1766189603739}, {"id": "981482548", "price": 0.13212, "amount": 106.0, "side": "buy", "timestamp": 1766189604102}, {"id": "981482618", "price": 0.13214, "amount": 47853.0, "side": "sell", "timestamp": 1766189638476}, {"id": "981482619", "price": 0.13215, "amount": 21520.0, "side": "buy", "timestamp": 1766189640091}, {"id": "981482620", "price": 0.13215, "amount": 17.0, "side": "sell", "timestamp": 1766189640139}, {"id": "981482621", "price": 0.13216, "amount": 339.0, "side": "buy", "timestamp": 1766189640565}, {"id": "981482622", "price": 0.13216, "amount": 102.0, "side": "buy", "timestamp": 1766189641515}, {"id": "981482623", "price": 0.13215, "amount": 72.0, "side": "sell", "timestamp": 1766189641624}, {"id": "981482624", "price": 0.13216, "amount": 1759.0, "side": "buy", "timestamp": 1766189641911}, {"id": "981482625", "price": 0.13215, "amount": 585.0, "side": "sell", "timestamp": 1766189641944}, {"id": "981482626", "price": 0.13216, "amount": 238.0, "side": "buy", "timestamp": 1766189641960}, {"id": "981482627", "price": 0.13215, "amount": 149.0, "side": "sell", "timestamp": 1766189643225}, {"id": "981482628", "price": 0.13216, "amount": 43.0, "side": "buy", "timestamp": 1766189643316}, {"id": "981482629", "price": 0.13215, "amount": 10.0, "side": "sell", "timestamp": 1766189643777}, {"id": "981482630", "price": 0.13215, "amount": 76.0, "side": "sell", "timestamp": 1766189644124}, {"id": "981482631", "price": 0.13216, "amount": 16252.0, "side": "buy", "timestamp": 1766189644313}, {"id": "981482632", "price": 0.13216, "amount": 78.0, "side": "buy", "timestamp": 1766189644466}, {"id": "981482633", "price": 0.13215, "amount": 24990.0, "side": "sell", "timestamp": 1766189644833}, {"id": "981482634", "price": 0.13215, "amount": 41.0, "side": "buy", "timestamp": 1766189645807}, {"id": "981482635", "price": 0.13214, "amount": 20.0, "side": "sell", "timestamp": 1766189646005}, {"id": "981482636", "price": 0.13214, "amount": 16178.0, "side": "sell", "timestamp": 1766189647277}, {"id": "981482637", "price": 0.13215, "amount": 199.0, "side": "buy", "timestamp": 1766189648505}, {"id": "981482638", "price": 0.13215, "amount": 17605.0, "side": "buy", "timestamp": 1766189648715}, {"id": "981482639", "price": 0.13214, "amount": 30258.0, "side": "sell", "timestamp": 1766189648719}, {"id": "981482640", "price": 0.13214, "amount": 153.0, "side": "sell", "timestamp": 1766189648848}, {"id": "981482641", "price": 0.13214, "amount": 106.0, "side": "buy", "timestamp": 1766189648867}, {"id": "981482642", "price": 0.13214, "amount": 246.0, "side": "buy", "timestamp": 1766189649535}, {"id": "981482643", "price": 0.13213, "amount": 861.0, "side": "sell", "timestamp": 1766189649775}, {"id": "981482644", "price": 0.13213, "amount": 584.0, "side": "sell", "timestamp": 1766189650061}, {"id": "981482645", "price": 0.13214, "amount": 106.0, "side": "buy", "timestamp": 1766189650127}, {"id": "981482646", "price": 0.13214, "amount": 19580.0, "side": "buy", "timestamp": 1766189650228}, {"id": "981482647", "price": 0.13214, "amount": 1251.0, "side": "buy", "timestamp": 1766189651727}, {"id": "981482648", "price": 0.13214, "amount": 824.0, "side": "buy", "timestamp": 1766189651931}, {"id": "981482649", "price": 0.13214, "amount": 106.0, "side": "buy", "timestamp": 1766189652159}, {"id": "981482650", "price": 0.13213, "amount": 2.0, "side": "sell", "timestamp": 1766189652327}, {"id": "981482651", "price": 0.13214, "amount": 12996.0, "side": "buy", "timestamp": 1766189652706}, {"id": "981482652", "price": 0.13214, "amount": 106.0, "side": "buy", "timestamp": 1766189654188}, {"id": "981482653", "price": 0.13213, "amount": 472.0, "side": "sell", "timestamp": 1766189654756}, {"id": "981482654", "price": 0.13213, "amount": 766.0, "side": "sell", "timestamp": 1766189654884}, {"id": "981482655", "price": 0.13213, "amount": 223.0, "side": "sell", "timestamp": 1766189655076}, {"id": "981482656", "price": 0.13213, "amount": 384069.0, "side": "sell", "timestamp": 1766189655313}, {"id": "981482657", "price": 0.13212, "amount": 1185.0, "side": "sell", "timestamp": 1766189655343}, {"id": "981482658", "price": 0.13212, "amount": 32.0, "side": "sell", "timestamp": 1766189655551}, {"id": "981482659", "price": 0.13213, "amount": 106.0, "side": "buy", "timestamp": 1766189656025}, {"id": "981482660", "price": 0.13212, "amount": 77667.0, "side": "sell", "timestamp": 1766189656029}, {"id": "981482661", "price": 0.13212, "amount": 23272.0, "side": "sell", "timestamp": 1766189656242}, {"id": "981482662", "price": 0.13212, "amount": 242300.0, "side": "sell", "timestamp": 1766189656375}, {"id": "981482663", "price": 0.13212, "amount": 173743.0, "side": "sell", "timestamp": 1766189656537}, {"id": "981482664", "price": 0.13211, "amount": 97633.0, "side": "sell", "timestamp": 1766189656537}, {"id": "981482665", "price": 0.13212, "amount": 60.0, "side": "buy", "timestamp": 1766189656745}, {"id": "981482666", "price": 0.13211, "amount": 567.0, "side": "sell", "timestamp": 1766189656983}, {"id": "981482667", "price": 0.13212, "amount": 92555.0, "side": "buy", "timestamp": 1766189657294}, {"id": "981482793", "price": 0.13198, "amount": 15360.0, "side": "sell", "timestamp": 1766189705408}, {"id": "981482794", "price": 0.13199, "amount": 93.0, "side": "buy", "timestamp": 1766189705862}, {"id": "981482795", "price": 0.13199, "amount": 106.0, "side": "buy", "timestamp": 1766189706151}, {"id": "981482796", "price": 0.13198, "amount": 22728.0, "side": "sell", "timestamp": 1766189706202}, {"id": "981482797", "price": 0.13198, "amount": 300.0, "side": "sell", "timestamp": 1766189706558}, {"id": "981482798", "price": 0.13199, "amount": 71906.0, "side": "buy", "timestamp": 1766189706691}, {"id": "981482799", "price": 0.13199, "amount": 77652.0, "side": "sell", "timestamp": 1766189706700}, {"id": "981482800", "price": 0.132, "amount": 54.0, "side": "buy", "timestamp": 1766189707165}, {"id": "981482801", "price": 0.13199, "amount": 88.0, "side": "sell", "timestamp": 1766189707489}, {"id": "981482802", "price": 0.132, "amount": 500.0, "side": "buy", "timestamp": 1766189707613}, {"id": "981482803", "price": 0.132, "amount": 106.0, "side": "buy", "timestamp": 1766189708189}, {"id": "981482804", "price": 0.13199, "amount": 1682.0, "side": "sell", "timestamp": 1766189708806}, {"id": "981482805", "price": 0.132, "amount": 18667.0, "side": "buy", "timestamp": 1766189709230}, {"id": "981482806", "price": 0.13199, "amount": 98035.0, "side": "sell", "timestamp": 1766189709796}, {"id": "981482807", "price": 0.13199, "amount": 106.0, "side": "buy", "timestamp": 1766189710206}, {"id": "981482808", "price": 0.13198, "amount": 1614.0, "side": "sell", "timestamp": 1766189710666}, {"id": "981482809", "price": 0.13199, "amount": 82.0, "side": "buy", "timestamp": 1766189710826}, {"id": "981482810", "price": 0.13199, "amount": 231.0, "side": "buy", "timestamp": 1766189711258}, {"id": "981482811", "price": 0.13199, "amount": 11713.0, "side": "buy", "timestamp": 1766189711827}, {"id": "981482812", "price": 0.13199, "amount": 824.0, "side": "buy", "timestamp": 1766189711940}, {"id": "981482813", "price": 0.13198, "amount": 1021.0, "side": "sell", "timestamp": 1766189711973}, {"id": "981482814", "price": 0.13199, "amount": 106.0, "side": "buy", "timestamp": 1766189712031}, {"id": "981482815", "price": 0.13198, "amount": 1.0, "side": "sell", "timestamp": 1766189712087}, {"id": "981482816", "price": 0.13198, "amount": 3.0, "side": "sell", "timestamp": 1766189712298}, {"id": "981482817", "price": 0.13199, "amount": 58.0, "side": "buy", "timestamp": 1766189712437}, {"id": "981482818", "price": 0.13199, "amount": 114.0, "side": "buy", "timestamp": 1766189712856}, {"id": "981482819", "price": 0.13198, "amount": 3.0, "side": "sell", "timestamp": 1766189713086}, {"id": "981482820", "price": 0.13199, "amount": 67.0, "side": "buy", "timestamp": 1766189713444}, {"id": "981482821", "price": 0.13199, "amount": 106.0, "side": "buy", "timestamp": 1766189714059}, {"id": "981482822", "price": 0.13198, "amount": 258.0, "side": "sell", "timestamp": 1766189714725}, {"id": "981482823", "price": 0.13199, "amount": 106.0, "side": "buy", "timestamp": 1766189716074}, {"id": "981482824", "price": 0.13199, "amount": 3100.0, "side": "buy", "timestamp": 1766189716382}, {"id": "981482825", "price": 0.13198, "amount": 159.0, "side": "sell", "timestamp": 1766189716426}, {"id": "981482826", "price": 0.13198, "amount": 776.0, "side": "sell", "timestamp": 1766189717482}, {"id": "981482827", "price": 0.13198, "amount": 149.0, "side": "sell", "timestamp": 1766189717621}, {"id": "981482828", "price": 0.13199, "amount": 89.0, "side": "buy", "timestamp": 1766189717902}, {"id": "981482829", "price": 0.13199, "amount": 106.0, "side": "buy", "timestamp": 1766189718100}, {"id": "981482830", "price": 0.13198, "amount": 49549.0, "side": "sell", "timestamp": 1766189718256}, {"id": "981482831", "price": 0.13197, "amount": 8584.0, "side": "sell", "timestamp": 1766189718263}, {"id": "981482832", "price": 0.13196, "amount": 923.0, "side": "sell", "timestamp": 1766189718284}, {"id": "981482833", "price": 0.13195, "amount": 65585.0, "side": "sell", "timestamp": 1766189718323}, {"id": "981482834", "price": 0.13195, "amount": 1.0, "side": "buy", "timestamp": 1766189718458}, {"id": "981482835", "price": 0.13195, "amount": 154.0, "side": "buy", "timestamp": 1766189718655}, {"id": "981482836", "price": 0.13194, "amount": 12881.0, "side": "sell", "timestamp": 1766189718749}, {"id": "981482837", "price": 0.13193, "amount": 43.0, "side": "sell", "timestamp": 1766189719135}, {"id": "981482838", "price": 0.13193, "amount": 708.0, "side": "sell", "timestamp": 1766189719771}, {"id": "981482839", "price": 0.13193, "amount": 713.0, "side": "sell", "timestamp": 1766189720041}, {"id": "981482840", "price": 0.13194, "amount": 106.0, "side": "buy", "timestamp": 1766189720128}, {"id": "981482841", "price": 0.13193, "amount": 49.0, "side": "sell", "timestamp": 1766189720344}, {"id": "981482842", "price": 0.13194, "amount": 171.0, "side": "buy", "timestamp": 1766189720586}, {"id": "981482941", "price": 0.13192, "amount": 219.0, "side": "buy", "timestamp": 1766189761087}, {"id": "981482942", "price": 0.13191, "amount": 193.0, "side": "sell", "timestamp": 1766189761519}, {"id": "981482943", "price": 0.13192, "amount": 1192.0, "side": "buy", "timestamp": 1766189761525}, {"id": "981482944", "price": 0.13191, "amount": 236.0, "side": "sell", "timestamp": 1766189761861}, {"id": "981482945", "price": 0.13192, "amount": 344.0, "side": "buy", "timestamp": 1766189761872}, {"id": "981482946", "price": 0.13192, "amount": 388.0, "side": "buy", "timestamp": 1766189761981}, {"id": "981482947", "price": 0.13191, "amount": 117.0, "side": "sell", "timestamp": 1766189762093}, {"id": "981482948", "price": 0.13192, "amount": 106.0, "side": "buy", "timestamp": 1766189762167}, {"id": "981482949", "price": 0.13191, "amount": 256.0, "side": "sell", "timestamp": 1766189763126}, {"id": "981482950", "price": 0.13191, "amount": 111.0, "side": "sell", "timestamp": 1766189763251}, {"id": "981482951", "price": 0.13192, "amount": 241.0, "side": "buy", "timestamp": 1766189763610}, {"id": "981482952", "price": 0.13192, "amount": 106.0, "side": "buy", "timestamp": 1766189764182}, {"id": "981482953", "price": 0.13191, "amount": 242.0, "side": "sell", "timestamp": 1766189764575}, {"id": "981482954", "price": 0.13191, "amount": 102549.0, "side": "sell", "timestamp": 1766189764704}, {"id": "981482955", "price": 0.1319, "amount": 11055.0, "side": "sell", "timestamp": 1766189764709}, {"id": "981482956", "price": 0.13189, "amount": 95.0, "side": "sell", "timestamp": 1766189765418}, {"id": "981482957", "price": 0.1319, "amount": 106.0, "side": "buy", "timestamp": 1766189766201}, {"id": "981482958", "price": 0.13189, "amount": 220.0, "side": "sell", "timestamp": 1766189766611}, {"id": "981482959", "price": 0.1319, "amount": 83.0, "side": "buy", "timestamp": 1766189766858}, {"id": "981482960", "price": 0.13189, "amount": 378.0, "side": "sell", "timestamp": 1766189767481}, {"id": "981482961", "price": 0.1319, "amount": 106.0, "side": "buy", "timestamp": 1766189768016}, {"id": "981482962", "price": 0.13189, "amount": 115.0, "side": "sell", "timestamp": 1766189768131}, {"id": "981482963", "price": 0.1319, "amount": 89512.0, "side": "buy", "timestamp": 1766189768540}, {"id": "981482964", "price": 0.13191, "amount": 81640.0, "side": "buy", "timestamp": 1766189768546}, {"id": "981482965", "price": 0.13192, "amount": 4150.0, "side": "buy", "timestamp": 1766189768605}, {"id": "981482966", "price": 0.13192, "amount": 215.0, "side": "buy", "timestamp": 1766189768775}, {"id": "981482967", "price": 0.13191, "amount": 26665.0, "side": "sell", "timestamp": 1766189768825}, {"id": "981482968", "price": 0.13192, "amount": 18667.0, "side": "buy", "timestamp": 1766189769627}, {"id": "981482969", "price": 0.13191, "amount": 42377.0, "side": "sell", "timestamp": 1766189769932}, {"id": "981482970", "price": 0.1319, "amount": 13236.0, "side": "sell", "timestamp": 1766189769947}, {"id": "981482971", "price": 0.13189, "amount": 45979.0, "side": "sell", "timestamp": 1766189769972}, {"id": "981482972", "price": 0.13189, "amount": 25890.0, "side": "sell", "timestamp": 1766189770079}, {"id": "981482973", "price": 0.13189, "amount": 106.0, "side": "buy", "timestamp": 1766189770200}, {"id": "981482974", "price": 0.13188, "amount": 70887.0, "side": "sell", "timestamp": 1766189770262}, {"id": "981482975", "price": 0.13187, "amount": 19282.0, "side": "sell", "timestamp": 1766189770278}, {"id": "981482976", "price": 0.13186, "amount": 19515.0, "side": "sell", "timestamp": 1766189770318}, {"id": "981482977", "price": 0.13185, "amount": 20216.0, "side": "sell", "timestamp": 1766189770422}, {"id": "981482978", "price": 0.13184, "amount": 38939.0, "side": "sell", "timestamp": 1766189770461}, {"id": "981482979", "price": 0.13183, "amount": 11120.0, "side": "sell", "timestamp": 1766189770509}, {"id": "981482980", "price": 0.13182, "amount": 144638.0, "side": "sell", "timestamp": 1766189770509}, {"id": "981482981", "price": 0.13183, "amount": 3618.0, "side": "buy", "timestamp": 1766189770648}, {"id": "981482982", "price": 0.13183, "amount": 2699.0, "side": "buy", "timestamp": 1766189770909}, {"id": "981482983", "price": 0.13183, "amount": 91.0, "side": "buy", "timestamp": 1766189771656}, {"id": "981482984", "price": 0.13183, "amount": 106.0, "side": "buy", "timestamp": 1766189772015}, {"id": "981482985", "price": 0.13182, "amount": 60.0, "side": "sell", "timestamp": 1766189772558}, {"id": "981482986", "price": 0.13182, "amount": 1478.0, "side": "sell", "timestamp": 1766189773033}, {"id": "981482987", "price": 0.13183, "amount": 145.0, "side": "buy", "timestamp": 1766189773077}, {"id": "981482988", "price": 0.13182, "amount": 11.0, "side": "sell", "timestamp": 1766189773130}, {"id": "981482989", "price": 0.13182, "amount": 644.0, "side": "sell", "timestamp": 1766189773399}, {"id": "981482990", "price": 0.13183, "amount": 2356.0, "side": "buy", "timestamp": 1766189773429}]