[{"symbol": "BTCUSDT", "bids": [[92132.0, 3.197], [92131.9, 0.007], [92131.4, 0.002], [92131.3, 0.011], [92131.1, 0.002], [92131.0, 0.008], [92130.6, 0.002], [92130.4, 0.002], [92130.3, 0.003], [92130.2, 0.002], [92130.1, 0.006], [92130.0, 0.002], [92129.8, 0.006], [92129.7, 0.013], [92129.3, 0.003], [92129.2, 0.002], [92129.0, 0.004], [92128.9, 0.003], [92128.8, 0.008], [92128.6, 0.003]], "asks": [[92132.1, 4.284], [92132.2, 0.009], [92132.5, 0.004], [92132.6, 0.003], [92132.7, 0.003], [92132.8, 0.002], [92133.0, 0.01], [92133.1, 0.002], [92133.2, 0.003], [92133.4, 0.007], [92133.7, 0.005], [92133.8, 0.002], [92133.9, 0.01], [92134.0, 0.002], [92134.2, 0.003], [92134.3, 0.003], [92134.4, 0.059], [92134.6, 0.002], [92134.7, 0.003], [92134.8, 0.023]], "timestamp": "2025-12-12T08:47:32.354721+00:00"}, {"symbol": "BTCUSDT", "bids": [[92166.8, 3.891], [92166.7, 0.004], [92166.5, 0.109], [92166.3, 0.057], [92166.2, 0.013], [92166.1, 0.002], [92165.9, 0.002], [92165.8, 0.109], [92165.7, 0.002], [92165.6, 0.009], [92165.5, 0.01], [92165.4, 0.003], [92165.3, 0.003], [92165.2, 0.005], [92165.1, 0.003], [92165.0, 0.018], [92164.9, 0.114], [92164.8, 0.016], [92164.7, 0.003], [92164.6, 0.006]], "asks": [[92166.9, 0.255], [92167.0, 0.005], [92167.1, 0.204], [92167.2, 0.002], [92167.3, 0.006], [92167.5, 0.003], [92168.2, 0.003], [92168.3, 0.032], [92168.5, 0.027], [92168.7, 0.003], [92169.0, 0.002], [92169.2, 0.006], [92169.4, 0.075], [92169.5, 0.004], [92169.7, 0.005], [92169.8, 0.008], [92170.0, 0.004], [92170.1, 0.005], [92170.2, 0.007], [92170.4, 0.004]], "timestamp": "2025-12-12T08:48:25.397551+00:00"}, {"symbol": "BTCUSDT", "bids": [[92224.3, 0.14], [92224.2, 0.002], [92224.1, 0.007], [92223.8, 0.054], [92223.6, 0.003], [92223.3, 0.005], [92223.2, 0.002], [92223.1, 0.003], [92223.0, 0.002], [92222.7, 0.781], [92222.6, 0.126], [92222.3, 0.202], [92222.2, 0.003], [92222.1, 0.003], [92221.8, 0.002], [92221.7, 0.003], [92221.2, 0.003], [92221.0, 0.003], [92220.9, 0.008], [92220.8, 0.007]], "asks": [[92224.4, 7.461], [92224.5, 0.159], [92224.6, 0.027], [92224.7, 0.003], [92224.8, 0.003], [92225.0, 0.017], [92225.2, 0.003], [92225.3, 0.011], [92225.4, 0.036], [92225.5, 0.002], [92225.6, 0.079], [92225.7, 0.123], [92226.0, 0.019], [92226.1, 0.002], [92226.2, 0.164], [92226.3, 0.007], [92226.4, 0.016], [92226.6, 0.03], [92226.7, 0.114], [92226.9, 0.838]], "timestamp": "2025-12-12T08:49:19.159182+00:00"}, {"symbol": "BTCUSDT", "bids": [[92258.2, 8.278], [92258.1, 0.108], [92258.0, 0.002], [92257.9, 0.003], [92257.7, 0.208], [92257.6, 0.052], [92257.4, 0.111], [92257.3, 0.002], [92257.2, 0.002], [92257.1, 0.057], [92256.9, 0.013], [92256.8, 0.052], [92256.6, 0.114], [92256.4, 0.002], [92256.2, 0.003], [92256.1, 0.403], [92256.0, 0.003], [92255.9, 0.006], [92255.8, 0.008], [92255.7, 0.002]], "asks": [[92258.3, 1.429], [92258.4, 0.197], [92258.7, 0.003], [92258.9, 0.013], [92259.0, 0.002], [92259.2, 0.005], [92259.5, 0.03], [92259.6, 0.003], [92259.7, 0.003], [92259.9, 0.002], [92260.0, 0.006], [92260.2, 0.006], [92260.4, 0.026], [92260.5, 0.002], [92260.6, 0.065], [92260.7, 0.003], [92260.8, 0.01], [92260.9, 0.007], [92261.2, 0.003], [92261.7, 0.033]], "timestamp": "2025-12-12T08:50:12.422264+00:00"}, {"symbol": "BTCUSDT", "bids": [[92200.0, 4.293], [92199.9, 0.136], [92199.8, 0.025], [92199.7, 0.016], [92199.6, 0.943], [92199.5, 0.003], [92199.4, 0.005], [92199.3, 0.112], [92199.2, 0.009], [92199.1, 0.012], [92198.8, 0.002], [92198.6, 0.062], [92198.5, 0.109], [92198.4, 0.004], [92198.1, 0.003], [92198.0, 0.002], [92197.9, 0.011], [92197.8, 0.006], [92197.6, 0.005], [92197.5, 0.112]], "asks": [[92200.1, 0.872], [92200.2, 0.012], [92200.5, 0.002], [92200.7, 0.003], [92200.8, 0.002], [92201.0, 0.002], [92201.3, 0.003], [92201.4, 0.002], [92201.8, 0.003], [92201.9, 0.011], [92202.0, 0.002], [92202.3, 0.006], [92202.4, 0.004], [92202.9, 0.003], [92203.1, 0.006], [92203.2, 0.003], [92203.3, 0.004], [92203.4, 0.003], [92203.9, 0.092], [92204.1, 0.003]], "timestamp": "2025-12-12T08:51:05.245966+00:00"}, {"symbol": "BTCUSDT", "bids": [[92214.4, 4.115], [92214.3, 0.005], [92214.2, 0.005], [92214.1, 0.005], [92214.0, 0.042], [92213.9, 0.087], [92213.8, 0.008], [92213.7, 0.114], [92213.6, 0.005], [92213.5, 0.007], [92213.4, 0.005], [92213.2, 0.019], [92213.1, 0.005], [92212.9, 0.005], [92212.8, 0.118], [92212.7, 0.011], [92212.6, 0.103], [92212.5, 0.002], [92212.4, 0.004], [92212.2, 0.003]], "asks": [[92214.5, 2.07], [92214.6, 0.006], [92214.8, 0.002], [92215.1, 0.002], [92215.2, 0.336], [92216.0, 0.542], [92216.1, 0.043], [92216.2, 0.004], [92216.6, 0.032], [92216.7, 0.002], [92216.8, 0.003], [92217.1, 0.002], [92217.6, 0.01], [92217.8, 0.111], [92217.9, 0.002], [92218.0, 0.011], [92218.1, 0.003], [92218.5, 0.168], [92218.6, 0.003], [92218.7, 0.002]], "timestamp": "2025-12-12T08:51:58.291115+00:00"}, {"symbol": "BTCUSDT", "bids": [[92228.2, 5.775], [92228.1, 0.006], [92227.9, 0.003], [92227.8, 0.002], [92227.6, 0.073], [92227.5, 0.054], [92227.4, 0.003], [92227.3, 0.111], [92227.2, 0.096], [92226.9, 0.005], [92226.6, 0.01], [92226.4, 0.002], [92226.3, 0.109], [92226.1, 0.003], [92226.0, 0.018], [92225.6, 0.021], [92225.5, 0.111], [92225.4, 0.005], [92225.1, 0.003], [92225.0, 0.004]], "asks": [[92228.3, 3.78], [92228.4, 0.026], [92228.5, 0.663], [92228.6, 0.003], [92229.0, 0.046], [92229.1, 1.011], [92229.2, 0.002], [92229.7, 0.002], [92229.8, 0.003], [92229.9, 0.002], [92230.0, 0.027], [92230.1, 0.005], [92230.2, 0.002], [92230.3, 0.003], [92230.4, 0.003], [92230.9, 0.016], [92231.0, 0.003], [92231.2, 0.116], [92231.5, 0.004], [92231.6, 0.003]], "timestamp": "2025-12-12T08:52:51.845530+00:00"}, {"symbol": "BTCUSDT", "bids": [[92242.8, 1.626], [92242.7, 0.007], [92242.6, 0.002], [92242.4, 0.003], [92242.2, 0.003], [92241.8, 0.064], [92241.7, 0.003], [92241.6, 0.005], [92241.4, 0.002], [92241.2, 0.003], [92241.1, 0.002], [92241.0, 0.005], [92240.9, 0.003], [92240.8, 0.002], [92240.5, 0.005], [92240.4, 0.005], [92240.3, 0.003], [92240.2, 0.002], [92240.0, 0.002], [92239.8, 0.013]], "asks": [[92242.9, 8.71], [92243.0, 0.008], [92243.2, 0.002], [92243.4, 0.002], [92243.6, 0.043], [92243.7, 0.109], [92243.8, 0.004], [92243.9, 0.011], [92244.3, 0.002], [92244.7, 0.39], [92244.9, 0.008], [92245.0, 0.004], [92245.1, 0.003], [92245.2, 0.002], [92245.9, 0.013], [92246.0, 0.005], [92246.1, 0.004], [92246.3, 0.002], [92246.4, 0.003], [92246.5, 0.418]], "timestamp": "2025-12-12T08:53:44.582618+00:00"}, {"symbol": "BTCUSDT", "bids": [[92243.7, 3.671], [92243.6, 0.007], [92243.5, 0.002], [92243.3, 0.003], [92243.2, 0.002], [92243.1, 0.003], [92242.9, 0.002], [92242.8, 0.069], [92242.7, 0.022], [92242.6, 0.002], [92242.4, 0.002], [92242.3, 0.211], [92242.2, 0.002], [92242.1, 0.004], [92241.9, 0.003], [92241.8, 0.003], [92241.6, 0.002], [92241.4, 0.007], [92241.3, 0.003], [92241.1, 0.002]], "asks": [[92243.8, 3.363], [92243.9, 0.014], [92244.0, 0.005], [92244.1, 0.012], [92244.3, 0.002], [92244.7, 0.002], [92245.1, 0.011], [92245.6, 0.002], [92245.7, 0.084], [92246.1, 0.002], [92246.3, 0.003], [92246.5, 0.019], [92246.6, 0.002], [92246.8, 0.042], [92247.0, 0.002], [92247.1, 0.005], [92247.2, 0.003], [92247.5, 0.002], [92247.7, 0.172], [92247.9, 0.003]], "timestamp": "2025-12-12T08:54:37.760232+00:00"}, {"symbol": "BTCUSDT", "bids": [[92221.7, 8.535], [92221.6, 0.006], [92221.5, 0.002], [92221.4, 0.002], [92221.2, 0.003], [92221.1, 0.054], [92221.0, 0.002], [92220.9, 0.245], [92220.8, 0.006], [92220.7, 0.087], [92220.3, 0.01], [92220.2, 0.011], [92219.8, 0.005], [92219.5, 0.003], [92219.4, 0.565], [92219.3, 0.624], [92219.2, 0.249], [92218.8, 0.011], [92218.7, 0.003], [92218.6, 0.005]], "asks": [[92221.8, 3.808], [92221.9, 0.127], [92222.2, 0.002], [92222.6, 0.002], [92222.7, 0.003], [92222.9, 0.12], [92223.0, 0.002], [92223.1, 0.006], [92223.4, 0.005], [92223.5, 0.002], [92223.6, 0.002], [92223.9, 0.003], [92224.1, 0.003], [92224.3, 0.022], [92224.4, 0.013], [92224.5, 0.011], [92224.7, 0.002], [92224.8, 0.109], [92224.9, 0.002], [92225.0, 0.007]], "timestamp": "2025-12-12T08:55:31.796170+00:00"}, {"symbol": "BTCUSDT", "bids": [[92240.4, 17.711], [92240.3, 0.094], [92240.2, 0.473], [92240.0, 0.278], [92239.8, 0.527], [92239.7, 0.111], [92239.2, 0.052], [92239.1, 0.042], [92239.0, 0.003], [92238.5, 0.004], [92238.4, 0.79], [92237.8, 0.006], [92237.6, 0.004], [92237.4, 0.002], [92237.3, 0.812], [92237.2, 0.111], [92237.1, 0.367], [92236.9, 0.003], [92236.8, 0.002], [92236.7, 0.111]], "asks": [[92240.5, 0.313], [92240.6, 0.002], [92240.9, 0.003], [92241.0, 0.004], [92241.4, 0.002], [92241.5, 0.003], [92241.9, 0.056], [92242.0, 0.003], [92242.2, 0.022], [92242.4, 0.002], [92242.6, 0.006], [92242.7, 0.02], [92242.8, 0.013], [92242.9, 0.002], [92243.1, 0.003], [92243.2, 0.002], [92243.4, 0.003], [92243.5, 0.002], [92243.6, 0.009], [92243.7, 4.151]], "timestamp": "2025-12-12T08:56:25.059437+00:00"}, {"symbol": "BTCUSDT", "bids": [[92240.1, 13.527], [92240.0, 0.117], [92239.9, 0.002], [92239.8, 0.002], [92239.7, 0.109], [92239.5, 0.003], [92239.2, 0.052], [92239.1, 0.064], [92239.0, 0.003], [92238.9, 0.016], [92238.7, 0.55], [92238.4, 0.004], [92238.3, 0.024], [92237.9, 0.003], [92237.8, 0.383], [92237.7, 0.109], [92237.6, 0.004], [92237.5, 0.013], [92237.3, 0.003], [92237.1, 0.003]], "asks": [[92240.2, 0.988], [92240.3, 0.023], [92240.6, 0.002], [92240.7, 0.003], [92241.0, 0.002], [92241.1, 0.002], [92241.2, 0.003], [92241.7, 0.003], [92242.0, 0.002], [92242.2, 0.003], [92242.3, 0.002], [92242.4, 0.003], [92242.6, 0.002], [92242.7, 0.003], [92242.8, 0.003], [92242.9, 0.002], [92243.2, 0.002], [92243.6, 0.011], [92243.8, 0.006], [92244.0, 0.002]], "timestamp": "2025-12-12T08:57:18.498561+00:00"}, {"symbol": "BTCUSDT", "bids": [[92244.4, 8.733], [92244.3, 0.095], [92244.0, 0.053], [92243.8, 0.002], [92243.7, 0.006], [92243.6, 0.043], [92243.5, 0.251], [92243.4, 0.051], [92243.3, 0.398], [92243.2, 0.052], [92243.0, 0.002], [92242.8, 0.096], [92242.7, 0.014], [92242.6, 0.006], [92242.5, 0.011], [92242.2, 0.115], [92242.1, 0.017], [92242.0, 0.011], [92241.9, 0.003], [92241.6, 0.003]], "asks": [[92244.5, 2.929], [92244.6, 0.009], [92244.7, 0.002], [92244.8, 0.109], [92244.9, 0.005], [92245.2, 0.587], [92245.6, 0.005], [92245.9, 0.002], [92246.0, 0.002], [92246.1, 0.002], [92246.2, 0.002], [92246.4, 0.005], [92246.6, 0.009], [92246.7, 0.011], [92246.8, 0.109], [92246.9, 0.003], [92247.1, 0.005], [92247.5, 1.004], [92247.7, 0.112], [92247.9, 0.003]], "timestamp": "2025-12-12T08:58:11.747353+00:00"}, {"symbol": "BTCUSDT", "bids": [[92238.3, 5.388], [92238.2, 0.066], [92238.1, 0.111], [92237.9, 0.005], [92237.8, 0.009], [92237.7, 0.003], [92237.6, 0.002], [92237.5, 0.005], [92237.3, 0.024], [92237.1, 0.013], [92237.0, 0.002], [92236.8, 0.005], [92236.5, 0.058], [92236.4, 0.002], [92236.2, 0.003], [92236.1, 0.002], [92236.0, 0.003], [92235.9, 0.002], [92235.7, 0.014], [92235.6, 0.034]], "asks": [[92238.4, 3.317], [92238.5, 0.113], [92238.8, 0.002], [92239.0, 0.005], [92239.1, 0.011], [92239.2, 0.004], [92239.3, 0.002], [92239.4, 0.109], [92239.5, 0.002], [92239.6, 1.0], [92240.0, 0.002], [92240.1, 0.006], [92240.3, 0.111], [92240.4, 0.002], [92240.6, 0.003], [92240.7, 0.011], [92241.0, 0.002], [92241.4, 0.109], [92241.5, 0.005], [92241.7, 0.003]], "timestamp": "2025-12-12T08:59:04.889907+00:00"}, {"symbol": "BTCUSDT", "bids": [[92251.8, 4.766], [92251.7, 0.111], [92251.4, 0.002], [92251.3, 0.005], [92251.2, 0.075], [92251.1, 0.006], [92251.0, 0.014], [92250.9, 0.002], [92250.8, 0.121], [92250.7, 0.002], [92250.6, 0.003], [92250.5, 0.008], [92250.1, 0.005], [92250.0, 0.009], [92249.9, 0.013], [92249.6, 0.159], [92249.5, 0.003], [92249.4, 0.004], [92249.1, 0.006], [92249.0, 0.002]], "asks": [[92251.9, 2.318], [92252.0, 0.006], [92252.4, 0.042], [92252.6, 0.002], [92253.0, 0.004], [92253.2, 0.657], [92253.5, 0.002], [92253.8, 0.002], [92253.9, 0.002], [92254.0, 1.0], [92254.1, 0.003], [92254.2, 0.007], [92254.4, 0.002], [92254.8, 0.109], [92254.9, 0.005], [92255.0, 0.005], [92255.1, 0.002], [92255.4, 0.011], [92255.5, 0.112], [92255.9, 0.003]], "timestamp": "2025-12-12T08:59:57.740017+00:00"}, {"symbol": "BTCUSDT", "bids": [[92275.0, 1.72], [92274.9, 0.117], [92274.8, 0.002], [92274.7, 0.006], [92274.0, 0.002], [92273.9, 0.003], [92273.8, 0.008], [92273.4, 0.004], [92273.0, 0.014], [92272.8, 0.003], [92272.6, 0.052], [92272.5, 0.036], [92272.2, 0.002], [92272.1, 0.005], [92272.0, 0.005], [92271.6, 0.003], [92271.5, 0.016], [92271.4, 0.004], [92271.3, 0.02], [92271.2, 0.01]], "asks": [[92275.1, 7.762], [92275.2, 0.03], [92275.3, 0.438], [92275.6, 0.014], [92275.7, 0.109], [92275.8, 0.011], [92276.0, 0.004], [92276.1, 0.003], [92276.5, 0.111], [92276.6, 0.003], [92276.8, 0.002], [92276.9, 0.003], [92277.0, 0.069], [92277.1, 1.158], [92277.2, 6.761], [92277.3, 0.019], [92277.5, 0.002], [92277.6, 0.003], [92277.8, 0.109], [92277.9, 0.313]], "timestamp": "2025-12-12T09:00:51.029189+00:00"}, {"symbol": "BTCUSDT", "bids": [[92267.3, 1.203], [92267.2, 0.116], [92267.1, 0.005], [92266.8, 0.002], [92266.7, 0.003], [92266.5, 0.002], [92266.2, 0.003], [92266.0, 0.002], [92265.8, 0.002], [92265.6, 0.003], [92265.1, 0.003], [92265.0, 0.005], [92264.7, 0.015], [92264.6, 0.005], [92264.2, 0.003], [92264.1, 0.003], [92263.8, 0.002], [92263.6, 0.006], [92263.5, 0.003], [92263.4, 0.042]], "asks": [[92267.4, 7.024], [92267.5, 0.031], [92267.8, 0.011], [92268.0, 0.059], [92268.2, 0.002], [92268.3, 0.111], [92268.4, 0.004], [92268.5, 0.003], [92268.6, 0.002], [92268.7, 0.004], [92268.8, 0.002], [92269.0, 0.005], [92269.1, 0.005], [92269.2, 0.013], [92269.4, 0.003], [92269.5, 0.009], [92269.6, 0.175], [92269.7, 0.417], [92269.8, 0.399], [92269.9, 0.525]], "timestamp": "2025-12-12T09:01:44.229964+00:00"}, {"symbol": "BTCUSDT", "bids": [[92270.0, 14.461], [92269.9, 0.943], [92269.8, 0.005], [92269.5, 0.691], [92269.4, 0.216], [92269.3, 0.8], [92269.2, 0.003], [92268.8, 0.012], [92268.6, 1.0], [92268.5, 1.937], [92268.4, 0.008], [92268.2, 0.1], [92268.1, 0.002], [92268.0, 0.002], [92267.8, 0.003], [92267.6, 0.003], [92267.4, 0.002], [92267.3, 0.8], [92267.1, 0.053], [92267.0, 0.018]], "asks": [[92270.1, 4.376], [92270.2, 0.002], [92270.4, 0.002], [92270.5, 0.002], [92270.6, 0.003], [92270.9, 0.003], [92271.0, 0.002], [92271.1, 0.003], [92271.2, 0.002], [92271.3, 0.02], [92271.4, 0.006], [92271.6, 0.003], [92271.7, 0.003], [92271.8, 0.002], [92271.9, 0.002], [92272.0, 0.002], [92272.1, 0.003], [92272.3, 0.003], [92272.4, 0.002], [92272.5, 0.062]], "timestamp": "2025-12-12T09:02:37.729677+00:00"}, {"symbol": "BTCUSDT", "bids": [[92250.0, 0.825], [92249.9, 0.056], [92249.5, 0.005], [92249.4, 0.004], [92249.1, 0.007], [92249.0, 0.007], [92248.8, 0.002], [92248.7, 0.005], [92248.6, 0.003], [92248.5, 0.005], [92248.4, 0.002], [92248.2, 0.002], [92248.0, 0.003], [92247.7, 0.002], [92247.6, 0.005], [92247.5, 0.003], [92247.4, 0.002], [92247.3, 0.012], [92247.2, 0.002], [92247.1, 0.003]], "asks": [[92250.1, 12.701], [92250.2, 0.008], [92250.5, 0.032], [92250.6, 0.279], [92250.8, 0.12], [92250.9, 0.054], [92251.1, 0.011], [92251.2, 0.002], [92251.4, 0.003], [92251.6, 0.002], [92251.7, 0.111], [92251.8, 0.002], [92252.1, 0.005], [92252.3, 0.003], [92252.5, 0.002], [92252.6, 0.128], [92252.7, 0.005], [92252.8, 0.075], [92253.0, 0.007], [92253.1, 0.003]], "timestamp": "2025-12-12T09:03:31.137193+00:00"}, {"symbol": "BTCUSDT", "bids": [[92241.2, 3.458], [92241.1, 0.002], [92241.0, 0.014], [92240.8, 0.003], [92240.7, 0.002], [92240.2, 0.002], [92240.1, 0.054], [92240.0, 0.003], [92239.9, 0.002], [92239.8, 0.004], [92239.7, 0.004], [92239.4, 0.013], [92239.2, 0.006], [92239.1, 0.027], [92238.9, 0.002], [92238.6, 0.002], [92238.4, 0.092], [92238.3, 0.032], [92238.2, 0.006], [92238.1, 0.002]], "asks": [[92241.3, 11.732], [92241.4, 0.029], [92241.5, 0.002], [92241.7, 0.109], [92241.9, 0.003], [92242.0, 0.279], [92242.3, 0.011], [92242.4, 0.003], [92242.9, 0.004], [92243.1, 0.003], [92243.2, 0.002], [92243.3, 0.002], [92243.6, 0.006], [92243.8, 0.004], [92243.9, 0.432], [92244.0, 0.124], [92244.1, 0.002], [92244.4, 0.009], [92244.5, 0.003], [92244.7, 0.011]], "timestamp": "2025-12-12T09:04:24.763492+00:00"}, {"symbol": "BTCUSDT", "bids": [[92233.8, 0.931], [92233.7, 0.012], [92233.6, 0.133], [92233.5, 0.003], [92233.3, 0.749], [92233.0, 0.067], [92232.8, 0.002], [92232.6, 0.002], [92232.5, 0.003], [92232.4, 0.002], [92232.2, 0.038], [92232.1, 0.002], [92232.0, 0.103], [92231.9, 0.002], [92231.5, 0.005], [92231.4, 0.003], [92231.1, 0.01], [92231.0, 0.005], [92230.8, 0.013], [92230.7, 0.166]], "asks": [[92233.9, 14.086], [92234.0, 3.681], [92234.1, 0.006], [92234.2, 0.002], [92234.4, 0.48], [92234.5, 0.109], [92234.6, 0.016], [92234.7, 0.513], [92234.8, 0.004], [92234.9, 0.011], [92235.0, 0.002], [92235.1, 0.002], [92235.2, 0.003], [92235.3, 0.109], [92235.5, 0.002], [92235.8, 0.483], [92236.0, 0.111], [92236.2, 0.01], [92236.3, 0.008], [92236.5, 0.068]], "timestamp": "2025-12-12T09:05:17.958092+00:00"}, {"symbol": "BTCUSDT", "bids": [[92219.8, 2.374], [92219.7, 0.002], [92219.5, 0.007], [92219.3, 0.009], [92219.2, 0.003], [92219.1, 0.014], [92219.0, 0.003], [92218.9, 0.003], [92218.8, 0.006], [92218.7, 0.038], [92218.6, 0.002], [92218.5, 0.003], [92218.4, 0.011], [92218.3, 0.004], [92218.1, 0.002], [92218.0, 0.01], [92217.8, 0.002], [92217.7, 0.016], [92217.6, 0.054], [92217.5, 0.006]], "asks": [[92219.9, 10.945], [92220.0, 0.039], [92220.3, 0.005], [92220.8, 0.009], [92220.9, 0.003], [92221.3, 0.003], [92221.7, 0.002], [92221.8, 0.003], [92221.9, 0.002], [92222.1, 0.632], [92222.2, 0.111], [92222.3, 0.003], [92222.6, 0.002], [92222.8, 0.003], [92222.9, 0.007], [92223.0, 0.005], [92223.1, 0.004], [92223.3, 0.003], [92223.4, 0.109], [92223.5, 0.434]], "timestamp": "2025-12-12T09:06:11.294259+00:00"}, {"symbol": "BTCUSDT", "bids": [[92220.9, 7.589], [92220.8, 0.123], [92220.4, 0.109], [92220.3, 0.173], [92220.2, 0.003], [92220.0, 0.037], [92219.6, 0.112], [92219.1, 0.003], [92219.0, 0.002], [92218.9, 0.002], [92218.7, 0.003], [92218.6, 0.014], [92218.5, 0.053], [92218.4, 0.109], [92218.2, 0.443], [92218.1, 0.005], [92218.0, 0.004], [92217.8, 0.003], [92217.7, 0.065], [92217.6, 1.31]], "asks": [[92221.0, 1.393], [92221.1, 0.005], [92221.2, 0.003], [92221.3, 0.008], [92221.4, 0.003], [92221.5, 0.045], [92221.6, 0.003], [92221.7, 0.003], [92221.8, 0.009], [92221.9, 0.003], [92222.0, 0.096], [92222.2, 0.002], [92222.3, 0.078], [92222.6, 0.002], [92222.8, 0.003], [92222.9, 0.007], [92223.0, 0.219], [92223.1, 0.004], [92223.3, 0.003], [92223.5, 0.002]], "timestamp": "2025-12-12T09:07:05.397311+00:00"}, {"symbol": "BTCUSDT", "bids": [[92228.4, 4.343], [92228.3, 0.183], [92228.1, 0.002], [92228.0, 0.004], [92227.9, 0.005], [92227.8, 0.002], [92227.7, 0.002], [92227.6, 0.126], [92227.5, 0.054], [92227.4, 0.002], [92227.3, 0.002], [92227.2, 0.035], [92227.0, 0.003], [92226.9, 0.009], [92226.7, 0.005], [92226.4, 0.006], [92226.3, 0.162], [92226.2, 0.016], [92225.9, 0.005], [92225.8, 0.002]], "asks": [[92228.5, 3.376], [92228.6, 0.074], [92228.7, 0.003], [92229.1, 0.045], [92229.2, 0.003], [92229.6, 0.002], [92229.8, 0.075], [92230.0, 0.007], [92230.2, 0.005], [92230.3, 0.014], [92230.5, 0.002], [92230.7, 0.003], [92230.8, 0.003], [92230.9, 0.002], [92231.1, 0.052], [92231.2, 0.003], [92231.4, 0.002], [92231.5, 0.002], [92231.6, 0.008], [92231.8, 0.016]], "timestamp": "2025-12-12T09:07:58.635194+00:00"}, {"symbol": "BTCUSDT", "bids": [[92213.1, 0.174], [92213.0, 0.009], [92212.7, 0.047], [92212.6, 0.002], [92212.5, 0.007], [92212.4, 0.002], [92212.2, 0.011], [92212.1, 0.002], [92212.0, 0.006], [92211.7, 0.002], [92211.6, 0.005], [92211.5, 0.003], [92211.4, 0.054], [92211.3, 0.002], [92211.2, 0.002], [92211.0, 0.016], [92210.9, 0.003], [92210.7, 0.003], [92210.6, 0.038], [92210.5, 0.007]], "asks": [[92213.2, 14.697], [92213.3, 0.004], [92214.0, 1.038], [92214.1, 0.644], [92214.2, 0.002], [92214.7, 0.042], [92214.9, 0.003], [92215.0, 0.032], [92215.1, 1.0], [92215.2, 0.115], [92215.4, 0.008], [92215.6, 0.003], [92215.8, 0.083], [92215.9, 0.005], [92216.0, 0.015], [92216.1, 0.591], [92216.2, 0.167], [92216.3, 0.009], [92216.6, 0.011], [92216.7, 1.012]], "timestamp": "2025-12-12T09:08:51.358867+00:00"}, {"symbol": "BTCUSDT", "bids": [[92204.8, 8.348], [92204.7, 0.01], [92204.4, 0.009], [92204.3, 0.677], [92204.0, 0.002], [92203.9, 0.005], [92203.4, 0.005], [92203.2, 0.05], [92203.0, 0.002], [92202.7, 0.005], [92202.5, 0.002], [92202.4, 0.054], [92202.2, 0.003], [92202.1, 0.003], [92202.0, 0.008], [92201.8, 0.064], [92201.7, 0.006], [92201.5, 0.008], [92201.4, 0.002], [92201.2, 0.007]], "asks": [[92204.9, 4.833], [92205.0, 0.014], [92205.1, 0.112], [92205.3, 0.003], [92205.4, 0.003], [92205.5, 0.003], [92205.6, 0.008], [92205.7, 0.057], [92205.8, 0.003], [92205.9, 0.057], [92206.0, 0.29], [92206.1, 0.115], [92206.2, 0.003], [92206.3, 0.01], [92206.5, 0.002], [92206.7, 0.442], [92206.8, 0.114], [92207.0, 0.004], [92207.1, 0.003], [92207.4, 0.002]], "timestamp": "2025-12-12T09:09:45.105957+00:00"}, {"symbol": "BTCUSDT", "bids": [[92200.0, 22.862], [92199.9, 0.015], [92199.8, 0.033], [92199.7, 0.162], [92199.6, 1.082], [92199.5, 0.003], [92199.2, 0.004], [92199.0, 0.003], [92198.9, 0.025], [92198.8, 0.125], [92198.5, 0.003], [92198.4, 0.004], [92198.2, 0.003], [92198.1, 0.109], [92198.0, 0.003], [92197.8, 0.007], [92197.6, 0.002], [92197.5, 0.003], [92197.3, 0.011], [92197.2, 0.145]], "asks": [[92200.1, 20.761], [92200.2, 0.016], [92200.3, 0.008], [92200.4, 0.003], [92200.5, 0.1], [92200.6, 0.003], [92200.7, 0.003], [92200.8, 0.035], [92200.9, 0.003], [92201.0, 0.005], [92201.1, 0.008], [92201.4, 0.01], [92201.5, 0.01], [92201.6, 0.003], [92201.7, 0.005], [92201.9, 0.002], [92202.2, 0.003], [92202.3, 0.005], [92202.4, 0.044], [92202.5, 0.011]], "timestamp": "2025-12-12T09:10:37.945459+00:00"}, {"symbol": "BTCUSDT", "bids": [[92228.3, 17.1], [92228.2, 0.521], [92228.1, 0.004], [92228.0, 0.004], [92227.9, 0.237], [92227.8, 0.004], [92227.6, 0.152], [92227.5, 0.204], [92227.3, 0.005], [92227.2, 0.005], [92226.9, 0.036], [92226.8, 0.106], [92226.7, 0.568], [92226.5, 0.003], [92226.4, 0.006], [92226.2, 0.109], [92226.0, 0.002], [92225.9, 0.005], [92225.7, 0.003], [92225.6, 0.108]], "asks": [[92228.4, 2.12], [92228.5, 0.011], [92228.6, 0.01], [92228.7, 0.003], [92228.8, 0.003], [92228.9, 0.008], [92229.1, 0.005], [92229.2, 0.005], [92229.3, 0.087], [92229.6, 0.002], [92229.7, 0.004], [92230.0, 0.013], [92230.2, 0.056], [92230.3, 0.002], [92230.4, 0.042], [92230.5, 0.005], [92230.7, 0.008], [92230.8, 0.003], [92230.9, 0.004], [92231.2, 0.005]], "timestamp": "2025-12-12T09:11:31.398417+00:00"}, {"symbol": "BTCUSDT", "bids": [[92237.5, 2.002], [92237.4, 0.009], [92237.3, 0.012], [92237.2, 0.049], [92237.0, 0.002], [92236.9, 0.003], [92236.8, 0.05], [92236.5, 0.088], [92236.3, 0.002], [92236.2, 0.005], [92236.1, 0.013], [92236.0, 0.05], [92235.8, 0.109], [92235.7, 0.003], [92235.6, 0.002], [92235.3, 0.003], [92235.2, 0.007], [92235.0, 0.002], [92234.9, 0.109], [92234.8, 0.002]], "asks": [[92237.6, 7.09], [92237.7, 0.009], [92237.8, 0.003], [92237.9, 0.003], [92238.0, 0.046], [92238.1, 0.006], [92238.8, 0.008], [92238.9, 0.031], [92239.0, 0.002], [92239.2, 0.006], [92239.3, 0.006], [92239.7, 0.002], [92239.8, 0.017], [92240.0, 0.01], [92240.1, 0.007], [92240.3, 0.011], [92240.4, 0.004], [92240.5, 0.006], [92240.6, 0.113], [92240.8, 0.012]], "timestamp": "2025-12-12T09:12:25.592289+00:00"}, {"symbol": "BTCUSDT", "bids": [[92283.6, 18.381], [92283.5, 0.01], [92283.4, 0.002], [92283.3, 0.031], [92283.2, 0.159], [92283.1, 0.002], [92283.0, 0.011], [92282.7, 0.003], [92282.6, 0.002], [92282.4, 0.066], [92282.2, 0.002], [92282.1, 0.326], [92282.0, 1.006], [92281.9, 0.115], [92281.8, 0.007], [92281.7, 0.007], [92281.6, 0.003], [92281.5, 0.035], [92281.4, 1.009], [92281.3, 0.094]], "asks": [[92283.7, 1.111], [92283.8, 0.445], [92283.9, 0.021], [92284.2, 0.007], [92284.3, 0.002], [92284.4, 0.003], [92284.9, 0.003], [92285.0, 0.1], [92285.1, 0.002], [92285.2, 0.004], [92285.3, 0.609], [92285.4, 0.503], [92285.5, 0.028], [92285.9, 0.011], [92286.0, 0.005], [92286.1, 0.002], [92286.2, 0.015], [92286.3, 0.101], [92286.4, 0.005], [92286.6, 0.005]], "timestamp": "2025-12-12T09:13:18.613386+00:00"}, {"symbol": "BTCUSDT", "bids": [[92321.9, 4.665], [92321.8, 0.008], [92321.6, 0.002], [92321.5, 0.003], [92321.3, 0.002], [92320.6, 0.006], [92320.3, 0.002], [92320.2, 0.029], [92320.1, 0.064], [92320.0, 0.004], [92319.9, 0.004], [92319.8, 0.004], [92319.7, 0.003], [92319.5, 0.003], [92319.4, 0.002], [92319.2, 0.003], [92319.1, 0.002], [92319.0, 0.002], [92318.8, 0.004], [92318.7, 0.013]], "asks": [[92322.0, 5.192], [92322.1, 0.002], [92323.4, 0.011], [92323.9, 0.002], [92324.1, 0.034], [92324.2, 0.064], [92324.3, 0.003], [92324.4, 0.022], [92324.5, 0.002], [92325.0, 0.013], [92325.1, 0.003], [92325.2, 0.002], [92326.0, 0.003], [92326.1, 0.002], [92326.5, 0.059], [92326.6, 0.065], [92326.8, 0.005], [92326.9, 0.003], [92327.0, 0.003], [92327.2, 0.009]], "timestamp": "2025-12-12T09:14:11.354624+00:00"}, {"symbol": "BTCUSDT", "bids": [[92303.9, 12.075], [92303.8, 0.816], [92303.7, 1.003], [92303.6, 0.16], [92303.5, 0.009], [92303.4, 0.005], [92303.3, 0.003], [92303.1, 0.067], [92303.0, 0.002], [92302.8, 0.002], [92302.6, 0.003], [92302.2, 0.109], [92302.1, 0.041], [92302.0, 0.002], [92301.7, 0.005], [92301.6, 0.003], [92301.4, 1.0], [92301.3, 0.293], [92301.2, 0.006], [92301.0, 1.0]], "asks": [[92304.0, 0.114], [92304.1, 0.002], [92304.2, 0.005], [92304.5, 0.002], [92304.6, 0.002], [92304.8, 0.003], [92305.3, 0.003], [92305.4, 0.002], [92305.7, 0.003], [92305.8, 0.003], [92306.3, 0.003], [92306.7, 0.005], [92306.8, 0.003], [92306.9, 0.006], [92307.1, 0.002], [92307.3, 0.005], [92307.6, 0.145], [92307.8, 0.002], [92308.0, 0.034], [92308.1, 0.003]], "timestamp": "2025-12-12T09:15:04.396200+00:00"}, {"symbol": "BTCUSDT", "bids": [[92284.4, 8.383], [92284.3, 0.113], [92284.2, 0.014], [92283.7, 0.003], [92283.5, 0.004], [92283.2, 0.003], [92282.9, 0.003], [92282.8, 0.011], [92282.7, 0.003], [92282.6, 0.002], [92282.4, 0.004], [92282.3, 0.005], [92282.2, 0.066], [92282.1, 0.109], [92282.0, 0.005], [92281.8, 0.002], [92281.7, 0.007], [92281.5, 0.003], [92281.4, 0.005], [92281.3, 0.018]], "asks": [[92284.5, 0.335], [92284.6, 0.116], [92284.8, 0.002], [92285.1, 0.054], [92285.2, 0.002], [92285.8, 0.002], [92285.9, 0.004], [92286.0, 0.002], [92286.2, 0.002], [92286.4, 0.002], [92286.8, 0.003], [92286.9, 0.003], [92287.1, 0.002], [92287.2, 0.005], [92287.4, 0.003], [92287.5, 0.003], [92287.6, 0.005], [92287.7, 0.002], [92287.9, 0.003], [92288.0, 0.002]], "timestamp": "2025-12-12T09:15:57.339607+00:00"}, {"symbol": "BTCUSDT", "bids": [[92312.2, 3.414], [92312.1, 0.147], [92312.0, 0.05], [92311.7, 0.047], [92311.6, 0.002], [92311.2, 0.003], [92311.1, 0.002], [92310.6, 0.011], [92310.5, 0.002], [92310.4, 0.005], [92310.2, 0.002], [92310.0, 0.002], [92309.9, 0.112], [92309.8, 0.004], [92309.5, 0.003], [92309.3, 0.008], [92309.1, 0.011], [92308.9, 0.002], [92308.6, 0.003], [92308.5, 0.003]], "asks": [[92312.3, 1.23], [92312.4, 0.005], [92312.5, 0.002], [92312.9, 0.012], [92313.0, 0.002], [92313.2, 0.002], [92313.4, 0.003], [92313.5, 0.002], [92313.6, 0.011], [92313.8, 0.002], [92313.9, 0.088], [92314.1, 0.023], [92314.2, 0.005], [92314.3, 0.002], [92314.7, 0.082], [92314.8, 0.002], [92314.9, 0.002], [92315.0, 0.005], [92315.2, 0.005], [92315.6, 0.002]], "timestamp": "2025-12-12T09:16:50.852047+00:00"}, {"symbol": "BTCUSDT", "bids": [[92300.9, 3.402], [92300.8, 0.006], [92300.7, 0.002], [92300.6, 0.002], [92300.4, 0.003], [92300.1, 0.002], [92300.0, 0.197], [92299.9, 0.003], [92299.7, 0.154], [92299.4, 0.003], [92299.2, 0.002], [92299.1, 0.109], [92299.0, 0.002], [92298.9, 0.014], [92298.7, 0.003], [92298.5, 0.002], [92298.4, 0.003], [92298.2, 0.111], [92297.9, 0.005], [92297.8, 0.003]], "asks": [[92301.0, 10.165], [92301.1, 0.02], [92301.4, 0.002], [92301.7, 0.011], [92302.0, 0.111], [92302.2, 0.01], [92302.7, 0.002], [92302.9, 0.109], [92303.1, 0.021], [92303.2, 0.013], [92303.3, 0.374], [92303.6, 0.112], [92303.9, 0.003], [92304.0, 0.056], [92304.1, 0.003], [92304.2, 0.008], [92304.4, 0.112], [92304.5, 0.002], [92304.6, 0.002], [92304.7, 0.014]], "timestamp": "2025-12-12T09:17:43.730764+00:00"}, {"symbol": "BTCUSDT", "bids": [[92319.9, 7.642], [92319.8, 0.125], [92319.7, 0.12], [92319.4, 0.002], [92319.3, 0.003], [92319.0, 0.002], [92318.8, 0.005], [92318.7, 0.05], [92318.6, 0.008], [92318.5, 0.005], [92318.3, 0.01], [92318.2, 0.12], [92318.1, 0.002], [92317.8, 0.003], [92317.7, 0.003], [92317.6, 0.002], [92317.3, 0.109], [92317.2, 0.002], [92317.1, 0.246], [92317.0, 0.003]], "asks": [[92320.0, 2.255], [92320.1, 0.004], [92320.4, 0.003], [92320.6, 0.002], [92320.7, 0.014], [92320.8, 0.002], [92320.9, 0.003], [92321.1, 0.005], [92321.4, 0.008], [92321.6, 0.002], [92321.9, 0.002], [92322.0, 0.009], [92322.1, 0.003], [92322.3, 0.003], [92322.6, 0.005], [92322.9, 0.005], [92323.1, 0.003], [92323.2, 0.004], [92323.5, 0.018], [92323.6, 0.003]], "timestamp": "2025-12-12T09:18:37.223607+00:00"}, {"symbol": "BTCUSDT", "bids": [[92349.5, 5.932], [92349.4, 0.01], [92349.0, 0.002], [92348.9, 0.005], [92348.1, 0.003], [92348.0, 0.002], [92347.9, 0.063], [92347.8, 0.002], [92347.6, 0.03], [92347.5, 0.006], [92347.4, 0.005], [92347.3, 0.003], [92347.1, 0.004], [92346.9, 0.003], [92346.8, 0.002], [92346.7, 0.002], [92346.4, 0.006], [92346.3, 0.054], [92346.2, 0.002], [92346.1, 0.011]], "asks": [[92349.6, 2.812], [92349.7, 0.019], [92349.8, 0.016], [92349.9, 0.109], [92350.0, 0.33], [92350.1, 0.019], [92350.3, 0.06], [92350.5, 0.011], [92350.8, 0.003], [92350.9, 0.12], [92351.0, 0.008], [92351.1, 0.011], [92351.2, 0.009], [92351.3, 0.08], [92351.4, 0.014], [92351.5, 0.034], [92351.7, 0.122], [92351.8, 0.003], [92352.0, 0.02], [92352.1, 0.002]], "timestamp": "2025-12-12T09:19:30.227019+00:00"}, {"symbol": "BTCUSDT", "bids": [[92300.0, 1.42], [92299.9, 0.005], [92299.8, 0.02], [92299.7, 0.002], [92299.4, 0.003], [92299.2, 0.002], [92298.9, 0.003], [92298.7, 0.005], [92298.4, 0.003], [92298.2, 0.002], [92297.9, 0.034], [92297.8, 0.002], [92297.5, 0.037], [92297.4, 0.005], [92297.3, 0.004], [92297.1, 0.026], [92296.9, 0.007], [92296.6, 0.007], [92296.4, 0.011], [92296.3, 0.002]], "asks": [[92300.1, 10.346], [92300.2, 0.012], [92300.4, 0.054], [92300.5, 0.002], [92300.8, 0.646], [92300.9, 1.002], [92301.0, 1.005], [92301.1, 1.129], [92301.2, 0.002], [92301.7, 0.003], [92301.8, 0.005], [92302.0, 0.004], [92302.1, 1.0], [92302.2, 0.08], [92302.3, 0.003], [92302.7, 0.123], [92302.8, 0.002], [92303.1, 0.031], [92303.2, 0.006], [92303.3, 0.002]], "timestamp": "2025-12-12T09:20:23.886380+00:00"}, {"symbol": "BTCUSDT", "bids": [[92304.7, 0.879], [92304.6, 0.076], [92304.3, 0.002], [92304.2, 0.003], [92304.0, 0.002], [92303.8, 0.002], [92303.7, 0.003], [92303.2, 0.003], [92302.8, 0.004], [92302.7, 0.003], [92302.5, 0.003], [92302.4, 0.011], [92302.2, 0.003], [92302.0, 0.005], [92301.6, 0.003], [92301.5, 0.002], [92301.3, 0.003], [92301.0, 0.073], [92300.9, 0.011], [92300.8, 0.003]], "asks": [[92304.8, 4.916], [92304.9, 0.015], [92305.0, 0.002], [92305.1, 0.004], [92305.2, 0.338], [92305.3, 1.0], [92305.4, 0.003], [92305.6, 0.002], [92305.7, 0.054], [92305.9, 0.014], [92306.0, 0.002], [92306.2, 0.109], [92306.3, 0.002], [92306.4, 0.005], [92306.5, 0.003], [92306.6, 0.003], [92306.7, 0.01], [92306.8, 0.002], [92306.9, 0.003], [92307.0, 0.004]], "timestamp": "2025-12-12T09:21:17.032740+00:00"}, {"symbol": "BTCUSDT", "bids": [[92210.3, 7.785], [92210.2, 0.012], [92209.7, 0.053], [92209.6, 0.118], [92209.4, 0.145], [92209.2, 0.162], [92208.9, 0.005], [92208.5, 0.011], [92208.4, 0.031], [92208.1, 0.003], [92208.0, 0.002], [92207.9, 0.006], [92207.6, 0.033], [92207.5, 0.002], [92207.4, 0.003], [92207.3, 0.006], [92207.1, 0.002], [92206.9, 0.042], [92206.8, 0.007], [92206.7, 0.002]], "asks": [[92210.4, 3.1], [92210.5, 0.006], [92210.7, 0.003], [92210.8, 0.003], [92211.1, 0.002], [92211.2, 0.159], [92211.3, 0.068], [92211.4, 0.471], [92211.5, 1.0], [92211.6, 0.06], [92211.7, 0.032], [92211.8, 0.003], [92211.9, 0.003], [92212.0, 0.012], [92212.3, 0.003], [92212.4, 0.011], [92212.5, 0.002], [92212.6, 0.109], [92212.8, 0.014], [92213.0, 0.004]], "timestamp": "2025-12-12T09:22:10.504741+00:00"}, {"symbol": "BTCUSDT", "bids": [[92219.3, 1.461], [92219.2, 0.095], [92219.1, 0.003], [92219.0, 0.002], [92218.6, 0.002], [92217.4, 0.003], [92217.1, 0.003], [92217.0, 0.032], [92216.9, 0.003], [92216.5, 0.002], [92216.4, 0.003], [92216.2, 0.014], [92215.5, 0.003], [92215.4, 0.006], [92215.3, 0.005], [92215.2, 0.002], [92215.0, 0.007], [92214.7, 0.011], [92214.6, 0.002], [92214.5, 0.003]], "asks": [[92219.4, 4.344], [92219.5, 0.004], [92219.7, 0.109], [92219.9, 0.003], [92220.3, 0.012], [92220.5, 0.109], [92220.6, 0.089], [92220.7, 0.013], [92220.8, 0.008], [92221.0, 0.289], [92221.1, 1.013], [92221.2, 0.037], [92221.3, 0.111], [92221.4, 0.052], [92221.7, 0.008], [92221.8, 0.002], [92221.9, 0.003], [92222.1, 0.055], [92222.2, 0.002], [92222.3, 0.006]], "timestamp": "2025-12-12T09:23:03.529732+00:00"}, {"symbol": "BTCUSDT", "bids": [[92250.4, 2.175], [92250.3, 0.018], [92250.2, 0.002], [92250.0, 0.002], [92249.9, 0.002], [92249.7, 0.081], [92249.6, 0.05], [92249.4, 0.002], [92249.2, 0.003], [92249.0, 0.002], [92248.9, 0.011], [92248.7, 0.003], [92248.5, 0.002], [92248.2, 0.003], [92247.9, 0.003], [92247.8, 0.002], [92247.6, 0.016], [92247.5, 0.011], [92247.4, 0.114], [92247.2, 0.004]], "asks": [[92250.5, 5.981], [92250.6, 0.004], [92250.9, 0.01], [92251.0, 0.003], [92251.2, 0.009], [92251.3, 0.009], [92251.5, 0.007], [92251.6, 0.004], [92251.7, 0.032], [92251.8, 0.075], [92251.9, 0.006], [92252.0, 0.003], [92252.1, 0.004], [92252.4, 0.005], [92252.5, 0.005], [92252.6, 0.054], [92252.7, 0.032], [92253.0, 0.011], [92253.1, 0.007], [92253.2, 0.003]], "timestamp": "2025-12-12T09:23:57.087524+00:00"}, {"symbol": "BTCUSDT", "bids": [[92242.1, 3.829], [92242.0, 0.118], [92241.9, 0.003], [92241.8, 0.006], [92241.7, 0.003], [92241.6, 0.002], [92241.3, 0.172], [92241.2, 0.553], [92241.1, 0.002], [92241.0, 0.056], [92240.8, 0.003], [92240.7, 0.002], [92240.4, 0.002], [92240.3, 0.005], [92240.2, 0.002], [92240.1, 0.013], [92240.0, 0.336], [92239.8, 0.002], [92239.7, 0.013], [92239.6, 0.003]], "asks": [[92242.2, 5.357], [92242.3, 0.226], [92242.5, 0.002], [92242.7, 0.078], [92242.9, 0.002], [92243.0, 0.003], [92243.1, 0.241], [92243.3, 0.003], [92243.4, 0.002], [92243.5, 0.003], [92243.8, 0.002], [92244.0, 0.003], [92244.4, 0.003], [92244.6, 0.003], [92245.0, 0.002], [92245.1, 0.003], [92245.3, 0.003], [92245.4, 0.056], [92245.6, 1.02], [92245.8, 0.011]], "timestamp": "2025-12-12T09:24:50.963569+00:00"}, {"symbol": "BTCUSDT", "bids": [[92250.8, 5.986], [92250.7, 0.031], [92250.4, 0.05], [92250.3, 0.003], [92250.2, 0.109], [92250.0, 0.002], [92249.9, 0.002], [92249.6, 0.053], [92249.4, 0.002], [92249.3, 0.109], [92249.1, 0.057], [92249.0, 0.002], [92248.9, 0.002], [92248.8, 0.042], [92248.6, 0.003], [92248.5, 0.003], [92248.1, 0.123], [92248.0, 0.005], [92247.7, 0.003], [92247.6, 0.002]], "asks": [[92250.9, 3.046], [92251.0, 0.008], [92251.1, 0.106], [92251.2, 0.009], [92251.6, 0.006], [92251.7, 0.007], [92251.8, 0.002], [92251.9, 0.008], [92252.0, 0.007], [92252.1, 0.004], [92252.2, 0.005], [92252.4, 0.002], [92252.5, 0.006], [92252.6, 0.011], [92252.7, 0.003], [92252.8, 0.193], [92253.0, 0.004], [92253.1, 0.369], [92253.2, 1.0], [92253.4, 0.003]], "timestamp": "2025-12-12T09:25:45.015981+00:00"}, {"symbol": "BTCUSDT", "bids": [[92230.2, 0.092], [92230.1, 0.007], [92229.7, 0.015], [92229.4, 0.002], [92229.2, 0.007], [92228.7, 0.012], [92228.4, 0.02], [92228.3, 0.002], [92228.2, 0.002], [92228.0, 0.002], [92227.9, 0.006], [92227.8, 0.004], [92227.5, 0.004], [92227.3, 0.002], [92227.2, 0.006], [92227.0, 0.002], [92226.7, 0.003], [92226.6, 0.002], [92226.5, 0.005], [92226.4, 0.002]], "asks": [[92230.3, 11.217], [92230.4, 0.008], [92230.7, 1.003], [92230.8, 0.186], [92230.9, 0.005], [92231.1, 0.054], [92231.4, 0.003], [92231.9, 0.664], [92232.0, 1.004], [92232.1, 1.174], [92232.2, 0.005], [92232.6, 0.076], [92232.8, 0.298], [92232.9, 0.006], [92233.0, 0.287], [92233.3, 0.217], [92233.4, 1.003], [92233.5, 0.203], [92233.6, 0.007], [92233.8, 0.016]], "timestamp": "2025-12-12T09:26:38.266646+00:00"}, {"symbol": "BTCUSDT", "bids": [[92216.1, 7.058], [92216.0, 0.008], [92215.8, 0.034], [92215.7, 0.123], [92215.4, 0.003], [92215.2, 0.002], [92214.9, 0.003], [92214.8, 0.162], [92214.4, 0.003], [92214.2, 0.002], [92214.1, 0.002], [92214.0, 0.004], [92213.9, 0.003], [92213.6, 0.003], [92213.3, 0.012], [92213.1, 0.163], [92213.0, 0.005], [92212.9, 0.004], [92212.6, 0.003], [92212.4, 0.11]], "asks": [[92216.2, 3.836], [92216.3, 0.692], [92216.5, 0.002], [92216.6, 0.136], [92216.7, 0.002], [92216.8, 0.003], [92217.1, 0.002], [92217.2, 0.005], [92217.5, 0.003], [92217.6, 0.109], [92218.0, 0.007], [92218.1, 0.006], [92218.2, 0.224], [92218.3, 1.0], [92218.4, 0.002], [92218.5, 0.002], [92218.7, 0.007], [92218.8, 0.003], [92218.9, 0.002], [92219.0, 0.002]], "timestamp": "2025-12-12T09:27:31.718070+00:00"}, {"symbol": "BTCUSDT", "bids": [[92169.9, 2.391], [92169.8, 0.019], [92169.7, 0.011], [92169.6, 0.003], [92169.3, 0.002], [92169.2, 0.003], [92169.0, 0.002], [92168.7, 0.005], [92168.6, 0.049], [92168.5, 0.005], [92168.2, 0.003], [92168.0, 0.002], [92167.9, 0.01], [92167.8, 0.003], [92167.7, 0.003], [92167.6, 0.002], [92167.5, 0.162], [92167.4, 0.002], [92167.3, 0.002], [92167.2, 0.006]], "asks": [[92170.0, 12.098], [92170.1, 1.146], [92170.2, 0.005], [92170.3, 1.008], [92170.4, 1.005], [92170.5, 0.012], [92170.6, 0.007], [92170.7, 1.0], [92170.8, 0.121], [92170.9, 0.005], [92171.0, 0.002], [92171.4, 0.133], [92171.5, 0.004], [92171.6, 0.02], [92171.7, 0.021], [92171.8, 0.125], [92172.3, 0.006], [92172.6, 0.032], [92172.7, 0.002], [92172.9, 0.003]], "timestamp": "2025-12-12T09:28:24.695514+00:00"}, {"symbol": "BTCUSDT", "bids": [[92137.7, 4.52], [92137.6, 0.004], [92137.5, 0.004], [92137.4, 0.012], [92137.2, 0.003], [92137.0, 0.002], [92136.8, 0.007], [92136.7, 0.003], [92136.3, 0.004], [92136.2, 0.003], [92136.1, 0.002], [92135.9, 0.002], [92135.7, 0.003], [92135.6, 0.01], [92135.5, 0.01], [92135.3, 0.003], [92135.2, 0.006], [92135.0, 0.005], [92134.9, 0.1], [92134.8, 0.025]], "asks": [[92137.8, 3.712], [92137.9, 0.004], [92138.0, 0.002], [92138.1, 1.006], [92138.2, 0.118], [92138.3, 0.002], [92138.6, 0.003], [92138.8, 0.005], [92139.1, 0.109], [92139.2, 0.013], [92139.3, 0.005], [92139.4, 0.006], [92139.7, 0.002], [92139.8, 0.003], [92139.9, 1.829], [92140.0, 11.682], [92140.1, 0.009], [92140.2, 0.058], [92140.3, 0.003], [92140.6, 0.002]], "timestamp": "2025-12-12T09:29:18.113774+00:00"}, {"symbol": "BTCUSDT", "bids": [[92078.5, 0.166], [92078.4, 0.002], [92078.3, 0.003], [92078.2, 0.004], [92077.8, 0.108], [92077.6, 0.002], [92077.5, 0.004], [92077.4, 0.003], [92077.2, 0.002], [92076.9, 0.003], [92076.6, 0.003], [92076.4, 0.003], [92076.3, 0.005], [92076.2, 0.002], [92075.8, 0.006], [92075.6, 0.002], [92075.3, 0.002], [92075.2, 0.005], [92075.1, 0.003], [92075.0, 0.002]], "asks": [[92078.6, 7.915], [92078.7, 0.009], [92078.9, 0.008], [92079.0, 0.002], [92079.1, 0.003], [92079.2, 0.05], [92079.5, 0.051], [92079.6, 0.003], [92079.9, 0.002], [92080.0, 0.05], [92080.1, 0.014], [92080.3, 0.002], [92080.5, 0.002], [92080.7, 0.006], [92080.8, 0.063], [92081.2, 0.005], [92081.5, 0.031], [92081.6, 0.003], [92081.7, 0.016], [92081.8, 0.002]], "timestamp": "2025-12-12T09:30:10.860814+00:00"}, {"symbol": "BTCUSDT", "bids": [[92129.3, 12.221], [92129.2, 0.117], [92129.1, 0.002], [92128.8, 0.004], [92128.4, 0.002], [92128.1, 0.057], [92128.0, 0.143], [92127.8, 0.002], [92127.4, 0.002], [92127.1, 0.003], [92126.8, 0.011], [92126.2, 0.003], [92126.1, 0.005], [92125.9, 0.002], [92125.7, 0.035], [92125.6, 0.004], [92125.4, 0.109], [92125.3, 0.006], [92125.2, 0.002], [92125.0, 0.008]], "asks": [[92129.4, 2.331], [92129.5, 0.004], [92129.6, 0.003], [92129.9, 0.002], [92130.1, 0.004], [92130.2, 0.003], [92130.9, 0.003], [92131.2, 0.058], [92131.3, 0.002], [92131.4, 0.003], [92132.0, 0.005], [92132.1, 0.01], [92132.2, 0.077], [92132.3, 0.003], [92132.5, 0.004], [92132.7, 0.003], [92132.8, 0.003], [92132.9, 0.003], [92133.0, 0.002], [92133.3, 0.026]], "timestamp": "2025-12-12T09:31:03.562815+00:00"}, {"symbol": "BTCUSDT", "bids": [[92111.4, 6.043], [92111.3, 0.894], [92111.0, 0.802], [92110.9, 0.809], [92110.8, 0.109], [92110.7, 0.002], [92110.5, 0.003], [92110.4, 0.002], [92110.3, 0.002], [92110.0, 0.003], [92109.8, 0.003], [92109.7, 0.032], [92109.6, 0.034], [92109.5, 0.109], [92109.3, 0.003], [92109.2, 0.011], [92109.0, 0.005], [92108.9, 0.002], [92108.8, 0.007], [92108.7, 0.002]], "asks": [[92111.5, 2.769], [92111.6, 0.007], [92112.1, 0.003], [92112.6, 0.003], [92113.0, 0.002], [92113.3, 0.003], [92113.4, 0.002], [92113.8, 0.006], [92114.3, 0.003], [92114.6, 0.003], [92114.8, 0.003], [92114.9, 0.03], [92115.0, 0.027], [92115.3, 0.004], [92115.4, 0.003], [92115.5, 0.003], [92115.6, 0.002], [92115.8, 0.054], [92116.0, 0.003], [92116.2, 0.002]], "timestamp": "2025-12-12T09:31:57.142667+00:00"}, {"symbol": "BTCUSDT", "bids": [[92134.9, 12.068], [92134.8, 1.045], [92134.7, 0.002], [92134.4, 1.0], [92134.3, 0.258], [92134.2, 0.122], [92134.0, 0.002], [92133.8, 0.054], [92133.4, 0.002], [92133.0, 0.034], [92132.9, 0.271], [92132.8, 1.0], [92132.7, 1.005], [92132.6, 0.308], [92132.5, 0.811], [92132.4, 1.359], [92131.8, 0.006], [92131.7, 0.515], [92131.2, 0.007], [92131.1, 0.002]], "asks": [[92135.0, 0.116], [92135.1, 0.002], [92135.5, 0.003], [92135.9, 0.003], [92136.0, 0.005], [92136.3, 0.002], [92136.5, 0.006], [92136.8, 0.002], [92137.0, 0.008], [92137.4, 0.003], [92137.5, 0.003], [92137.6, 0.002], [92138.0, 0.007], [92138.1, 0.013], [92138.2, 0.003], [92138.4, 0.005], [92138.5, 0.002], [92138.6, 0.002], [92138.7, 0.003], [92139.0, 0.295]], "timestamp": "2025-12-12T09:32:50.060237+00:00"}, {"symbol": "BTCUSDT", "bids": [[92142.0, 3.878], [92141.9, 0.004], [92141.8, 0.003], [92141.3, 0.003], [92141.2, 0.002], [92141.0, 0.002], [92140.8, 0.003], [92140.7, 0.013], [92140.4, 0.048], [92140.3, 0.002], [92140.2, 0.003], [92140.0, 0.002], [92139.9, 0.002], [92139.8, 0.002], [92139.7, 0.003], [92139.6, 0.005], [92139.5, 0.002], [92139.4, 0.003], [92139.3, 0.002], [92138.9, 0.005]], "asks": [[92142.1, 2.836], [92142.2, 0.004], [92142.3, 0.002], [92142.6, 0.005], [92142.9, 0.066], [92143.0, 0.109], [92143.4, 0.005], [92143.5, 0.005], [92143.7, 0.002], [92143.8, 0.023], [92143.9, 0.002], [92144.0, 0.116], [92144.3, 0.003], [92144.7, 0.05], [92144.8, 0.002], [92144.9, 0.109], [92145.0, 0.002], [92145.1, 0.002], [92145.2, 0.005], [92145.3, 0.002]], "timestamp": "2025-12-12T09:33:43.230107+00:00"}, {"symbol": "BTCUSDT", "bids": [[92149.9, 8.83], [92149.8, 0.136], [92149.7, 0.351], [92149.6, 1.972], [92149.4, 0.01], [92149.3, 0.01], [92149.0, 0.306], [92148.9, 0.452], [92148.7, 0.146], [92148.6, 0.392], [92148.5, 0.146], [92148.4, 0.146], [92148.3, 0.146], [92148.2, 0.12], [92148.0, 0.146], [92147.9, 0.577], [92147.7, 0.392], [92147.6, 0.146], [92147.5, 0.148], [92147.4, 0.003]], "asks": [[92150.0, 5.542], [92150.1, 0.002], [92150.3, 0.002], [92150.4, 0.003], [92150.6, 0.002], [92150.8, 0.011], [92151.0, 0.006], [92151.1, 0.003], [92151.2, 0.005], [92151.3, 0.002], [92151.7, 0.002], [92151.8, 0.1], [92151.9, 0.012], [92152.0, 0.005], [92152.2, 0.002], [92152.8, 0.013], [92152.9, 0.005], [92153.1, 0.005], [92153.2, 0.039], [92153.3, 0.006]], "timestamp": "2025-12-12T09:34:36.390883+00:00"}, {"symbol": "BTCUSDT", "bids": [[92207.2, 1.154], [92207.1, 0.059], [92207.0, 0.002], [92206.8, 0.066], [92206.6, 0.002], [92206.4, 0.05], [92206.3, 0.003], [92206.1, 0.002], [92206.0, 0.006], [92205.8, 0.003], [92205.7, 0.002], [92205.3, 0.007], [92205.2, 0.002], [92205.0, 0.007], [92204.8, 0.003], [92204.3, 0.019], [92204.2, 0.056], [92204.1, 0.015], [92204.0, 0.002], [92203.9, 0.002]], "asks": [[92207.3, 5.457], [92207.4, 0.004], [92207.5, 0.004], [92207.6, 0.011], [92207.7, 0.005], [92208.2, 0.003], [92208.3, 0.119], [92208.4, 0.109], [92208.5, 0.004], [92208.6, 0.003], [92208.7, 0.036], [92208.8, 0.006], [92209.2, 0.006], [92209.4, 0.003], [92209.5, 0.004], [92209.6, 0.004], [92209.7, 0.116], [92209.8, 0.052], [92210.0, 0.002], [92210.1, 0.005]], "timestamp": "2025-12-12T09:35:29.829797+00:00"}, {"symbol": "BTCUSDT", "bids": [[92142.8, 9.095], [92142.7, 0.006], [92142.6, 0.004], [92142.4, 0.002], [92142.0, 0.277], [92141.9, 0.109], [92141.7, 0.188], [92141.6, 0.48], [92141.3, 0.032], [92141.2, 0.1], [92141.1, 0.111], [92141.0, 0.12], [92140.9, 0.002], [92140.7, 0.004], [92140.6, 0.006], [92140.3, 0.002], [92140.1, 0.003], [92140.0, 0.273], [92139.9, 0.002], [92139.8, 0.111]], "asks": [[92142.9, 4.207], [92143.0, 0.005], [92143.1, 0.002], [92143.5, 0.003], [92143.7, 0.003], [92143.8, 0.021], [92143.9, 0.002], [92144.0, 0.005], [92144.1, 0.095], [92144.3, 0.002], [92144.6, 0.005], [92144.7, 0.013], [92144.8, 0.002], [92144.9, 0.003], [92145.0, 0.08], [92145.2, 0.004], [92145.4, 0.003], [92145.5, 0.109], [92145.6, 0.035], [92145.7, 0.002]], "timestamp": "2025-12-12T09:36:23.693260+00:00"}, {"symbol": "BTCUSDT", "bids": [[92110.6, 2.12], [92110.5, 0.056], [92110.4, 0.007], [92110.3, 0.002], [92110.1, 0.003], [92110.0, 0.948], [92109.7, 0.003], [92109.2, 0.003], [92109.1, 0.029], [92109.0, 0.002], [92108.9, 0.003], [92108.8, 0.002], [92108.7, 0.003], [92108.6, 0.01], [92108.2, 0.003], [92108.1, 0.002], [92108.0, 0.005], [92107.8, 0.023], [92107.7, 1.96], [92107.6, 0.008]], "asks": [[92110.7, 9.985], [92110.8, 0.251], [92111.3, 0.003], [92111.6, 0.002], [92111.8, 0.003], [92112.3, 0.003], [92112.7, 0.005], [92112.8, 0.003], [92112.9, 0.003], [92113.3, 0.003], [92113.6, 0.003], [92113.7, 0.005], [92113.8, 0.009], [92113.9, 0.005], [92114.0, 0.003], [92114.1, 0.003], [92114.2, 1.003], [92114.3, 0.006], [92114.4, 0.005], [92114.5, 0.003]], "timestamp": "2025-12-12T09:37:16.634789+00:00"}, {"symbol": "BTCUSDT", "bids": [[92113.1, 1.698], [92113.0, 0.006], [92112.6, 0.004], [92112.4, 0.005], [92112.3, 0.054], [92112.2, 0.004], [92112.1, 0.027], [92112.0, 0.007], [92111.9, 0.003], [92111.7, 0.002], [92111.6, 0.002], [92111.4, 0.002], [92111.3, 0.005], [92110.9, 0.003], [92110.8, 0.002], [92110.6, 0.037], [92110.4, 0.009], [92110.3, 0.002], [92110.1, 0.002], [92110.0, 0.061]], "asks": [[92113.2, 13.486], [92113.3, 0.035], [92113.4, 0.006], [92113.9, 0.002], [92114.1, 0.216], [92114.2, 0.716], [92114.3, 0.004], [92114.4, 0.006], [92115.0, 0.097], [92115.1, 1.005], [92115.2, 0.002], [92115.4, 0.112], [92115.6, 0.003], [92116.1, 0.003], [92116.4, 0.003], [92116.5, 0.109], [92116.6, 0.003], [92116.9, 0.216], [92117.1, 0.274], [92117.2, 0.002]], "timestamp": "2025-12-12T09:38:09.675563+00:00"}, {"symbol": "BTCUSDT", "bids": [[92072.3, 7.709], [92072.2, 0.431], [92072.1, 0.002], [92071.7, 0.137], [92071.6, 0.002], [92071.5, 0.176], [92071.3, 0.108], [92071.2, 0.186], [92070.8, 0.005], [92070.7, 0.114], [92070.6, 0.002], [92070.5, 0.08], [92070.2, 0.005], [92070.1, 0.005], [92070.0, 0.013], [92069.8, 0.002], [92069.7, 0.003], [92069.6, 0.004], [92069.4, 0.111], [92069.3, 0.006]], "asks": [[92072.4, 2.619], [92072.5, 0.007], [92072.7, 0.065], [92072.9, 0.002], [92073.3, 0.003], [92073.4, 0.002], [92073.5, 0.002], [92073.6, 0.027], [92073.8, 0.002], [92074.1, 0.018], [92074.2, 0.076], [92074.3, 0.002], [92074.5, 0.031], [92074.6, 0.006], [92074.7, 0.005], [92075.0, 0.003], [92075.1, 0.003], [92075.2, 0.032], [92075.3, 0.016], [92075.4, 0.032]], "timestamp": "2025-12-12T09:39:03.400716+00:00"}, {"symbol": "BTCUSDT", "bids": [[92071.8, 3.993], [92071.7, 0.007], [92071.6, 0.003], [92071.3, 0.05], [92071.2, 0.002], [92071.1, 0.109], [92070.7, 0.005], [92070.6, 0.002], [92070.5, 0.08], [92070.4, 0.109], [92070.2, 0.016], [92070.1, 0.002], [92070.0, 0.063], [92069.7, 0.003], [92069.6, 0.018], [92069.4, 0.111], [92069.3, 0.007], [92069.2, 0.013], [92069.1, 0.132], [92069.0, 0.006]], "asks": [[92071.9, 6.696], [92072.0, 0.01], [92072.4, 0.002], [92072.7, 1.084], [92072.8, 0.004], [92073.2, 0.003], [92073.4, 0.002], [92073.6, 0.056], [92073.7, 0.003], [92074.1, 0.003], [92074.3, 0.003], [92074.4, 0.005], [92074.5, 0.031], [92074.6, 0.002], [92074.8, 0.003], [92075.0, 0.003], [92075.1, 0.006], [92075.2, 0.007], [92075.4, 0.032], [92075.6, 0.002]], "timestamp": "2025-12-12T09:39:55.663875+00:00"}, {"symbol": "BTCUSDT", "bids": [[92065.9, 11.38], [92065.8, 0.006], [92065.2, 2.502], [92065.1, 0.889], [92065.0, 0.02], [92064.9, 0.005], [92064.8, 0.112], [92064.7, 0.009], [92064.4, 0.006], [92064.3, 0.018], [92064.2, 0.003], [92064.1, 0.002], [92064.0, 0.004], [92063.9, 0.002], [92063.7, 0.435], [92063.6, 0.074], [92063.2, 0.007], [92063.0, 0.016], [92062.9, 0.545], [92062.8, 0.473]], "asks": [[92066.0, 0.977], [92066.1, 0.006], [92066.5, 0.058], [92066.8, 0.002], [92066.9, 0.005], [92067.0, 0.005], [92067.4, 0.376], [92067.5, 0.055], [92067.6, 0.008], [92067.7, 0.002], [92067.9, 0.002], [92068.1, 0.003], [92068.2, 0.002], [92068.3, 0.005], [92068.6, 0.006], [92068.8, 0.005], [92069.0, 0.002], [92069.1, 0.003], [92069.3, 0.002], [92069.5, 0.002]], "timestamp": "2025-12-12T09:40:49.361979+00:00"}, {"symbol": "BTCUSDT", "bids": [[92118.6, 2.486], [92118.5, 0.002], [92118.4, 0.003], [92118.2, 0.002], [92117.8, 0.002], [92117.7, 0.002], [92116.9, 0.002], [92116.8, 0.004], [92116.7, 0.002], [92116.5, 0.002], [92116.4, 0.006], [92116.3, 0.002], [92115.9, 0.005], [92115.6, 0.002], [92115.5, 0.003], [92115.4, 0.007], [92115.0, 0.369], [92114.9, 0.011], [92114.6, 0.003], [92114.5, 0.007]], "asks": [[92118.7, 4.841], [92118.8, 0.113], [92118.9, 0.004], [92119.0, 0.027], [92119.2, 0.003], [92119.5, 0.111], [92119.6, 0.002], [92119.7, 0.006], [92119.9, 0.032], [92120.0, 0.188], [92120.1, 0.078], [92120.2, 0.006], [92120.4, 0.002], [92120.5, 1.011], [92120.6, 0.002], [92120.7, 0.003], [92120.8, 0.111], [92121.0, 0.008], [92121.1, 0.007], [92121.2, 0.003]], "timestamp": "2025-12-12T09:41:42.369462+00:00"}, {"symbol": "BTCUSDT", "bids": [[92135.7, 3.333], [92135.6, 0.007], [92135.1, 0.003], [92134.7, 0.023], [92134.5, 0.025], [92134.3, 0.002], [92134.2, 0.003], [92134.0, 0.008], [92133.8, 0.066], [92133.4, 0.006], [92133.2, 0.005], [92133.1, 0.099], [92133.0, 0.002], [92132.9, 0.002], [92132.8, 0.054], [92132.6, 0.003], [92132.5, 0.002], [92132.4, 0.006], [92132.3, 0.369], [92132.2, 0.002]], "asks": [[92135.8, 8.881], [92135.9, 0.008], [92136.0, 0.48], [92136.2, 0.109], [92136.3, 0.003], [92136.5, 0.002], [92136.8, 0.005], [92137.0, 0.12], [92137.4, 0.003], [92137.7, 0.007], [92137.8, 0.109], [92137.9, 0.003], [92138.0, 0.004], [92138.1, 0.003], [92138.4, 0.003], [92138.6, 0.137], [92138.8, 0.006], [92138.9, 1.014], [92139.0, 0.009], [92139.5, 0.003]], "timestamp": "2025-12-12T09:42:35.511932+00:00"}, {"symbol": "BTCUSDT", "bids": [[92140.2, 2.358], [92140.1, 0.013], [92140.0, 0.153], [92139.3, 0.005], [92138.8, 0.003], [92138.5, 0.002], [92138.3, 0.005], [92138.0, 0.059], [92137.8, 0.003], [92137.7, 0.207], [92137.6, 0.352], [92137.5, 0.054], [92137.2, 0.321], [92137.1, 0.006], [92136.6, 0.013], [92136.4, 0.003], [92136.1, 0.007], [92135.8, 0.003], [92135.7, 0.002], [92135.6, 0.114]], "asks": [[92140.3, 4.106], [92140.4, 0.016], [92140.6, 0.003], [92140.8, 0.002], [92141.1, 0.005], [92141.5, 0.109], [92141.6, 0.003], [92141.7, 0.003], [92141.8, 0.002], [92141.9, 0.002], [92142.0, 0.247], [92142.1, 0.018], [92142.4, 1.004], [92142.6, 0.005], [92142.7, 0.604], [92142.8, 0.008], [92142.9, 0.002], [92143.0, 0.111], [92143.1, 0.031], [92143.2, 0.005]], "timestamp": "2025-12-12T09:43:29.492505+00:00"}, {"symbol": "BTCUSDT", "bids": [[92139.8, 11.879], [92139.7, 0.008], [92139.6, 0.002], [92139.4, 0.427], [92139.3, 0.004], [92138.9, 0.013], [92138.8, 0.003], [92138.3, 0.003], [92138.0, 0.004], [92137.9, 0.002], [92137.8, 0.109], [92137.7, 0.003], [92137.6, 0.003], [92137.5, 0.002], [92137.3, 0.271], [92137.2, 0.032], [92137.0, 1.0], [92136.9, 0.501], [92136.8, 0.018], [92136.7, 0.003]], "asks": [[92139.9, 4.911], [92140.0, 0.002], [92140.1, 0.003], [92140.2, 0.002], [92140.3, 0.551], [92140.4, 0.008], [92140.6, 0.003], [92141.1, 0.059], [92141.3, 0.109], [92141.6, 0.005], [92141.7, 0.032], [92142.0, 0.113], [92142.1, 0.005], [92142.4, 0.018], [92142.6, 0.005], [92142.7, 0.574], [92142.8, 0.006], [92142.9, 0.012], [92143.0, 0.002], [92143.1, 0.026]], "timestamp": "2025-12-12T09:44:22.828365+00:00"}, {"symbol": "BTCUSDT", "bids": [[92149.9, 11.291], [92149.8, 0.008], [92149.5, 0.005], [92149.4, 0.042], [92149.3, 0.38], [92149.2, 0.271], [92149.1, 1.122], [92149.0, 0.004], [92148.6, 0.007], [92148.3, 0.003], [92148.2, 0.011], [92148.1, 0.005], [92148.0, 1.004], [92147.9, 0.098], [92147.8, 0.002], [92147.7, 0.003], [92147.6, 0.002], [92147.4, 0.003], [92147.3, 0.005], [92147.2, 0.006]], "asks": [[92150.0, 2.416], [92150.1, 0.273], [92150.2, 0.014], [92150.3, 0.007], [92150.6, 0.011], [92150.7, 0.003], [92150.8, 0.006], [92151.0, 0.002], [92151.2, 0.015], [92151.4, 0.109], [92151.6, 0.003], [92151.7, 0.554], [92151.8, 0.004], [92152.0, 0.002], [92152.2, 0.005], [92152.4, 0.003], [92152.5, 0.003], [92152.6, 0.111], [92152.7, 0.016], [92152.8, 1.054]], "timestamp": "2025-12-12T09:45:15.586945+00:00"}, {"symbol": "BTCUSDT", "bids": [[92145.2, 3.837], [92145.1, 0.059], [92145.0, 0.112], [92144.9, 0.002], [92144.8, 0.002], [92144.5, 0.003], [92144.0, 0.111], [92143.9, 0.003], [92143.6, 0.003], [92143.5, 0.004], [92143.4, 0.003], [92143.3, 0.109], [92143.0, 0.016], [92142.9, 0.005], [92142.6, 0.004], [92142.4, 0.007], [92142.3, 0.109], [92142.2, 0.002], [92142.0, 0.004], [92141.9, 0.003]], "asks": [[92145.3, 2.574], [92145.4, 0.004], [92145.5, 0.054], [92145.6, 1.003], [92146.4, 0.006], [92146.5, 0.01], [92146.9, 0.003], [92147.2, 0.002], [92147.4, 0.004], [92147.5, 0.005], [92147.8, 0.003], [92148.0, 0.005], [92148.5, 0.003], [92148.6, 0.006], [92148.7, 0.003], [92148.8, 0.002], [92149.0, 0.003], [92149.2, 0.005], [92149.6, 0.006], [92149.7, 0.002]], "timestamp": "2025-12-12T09:46:08.426928+00:00"}, {"symbol": "BTCUSDT", "bids": [[92149.1, 6.012], [92149.0, 0.008], [92148.6, 0.002], [92148.4, 0.003], [92148.2, 0.114], [92148.1, 0.362], [92148.0, 0.002], [92147.7, 0.003], [92147.6, 0.002], [92147.4, 0.109], [92147.2, 0.004], [92146.9, 0.006], [92146.6, 0.109], [92146.5, 0.031], [92146.3, 0.002], [92146.0, 0.018], [92145.9, 0.003], [92145.7, 0.38], [92145.3, 0.006], [92145.2, 0.002]], "asks": [[92149.2, 3.675], [92149.3, 0.004], [92149.4, 0.002], [92149.6, 0.003], [92149.9, 0.003], [92150.0, 0.005], [92150.1, 0.005], [92150.3, 0.002], [92150.7, 0.003], [92150.8, 0.004], [92150.9, 0.012], [92151.0, 0.006], [92151.2, 0.002], [92151.4, 0.016], [92151.5, 0.005], [92151.7, 1.002], [92151.8, 0.004], [92152.0, 0.003], [92152.1, 0.005], [92152.2, 0.122]], "timestamp": "2025-12-12T09:47:01.760338+00:00"}, {"symbol": "BTCUSDT", "bids": [[92178.8, 14.653], [92178.7, 0.124], [92178.6, 0.002], [92178.5, 0.579], [92178.4, 0.271], [92178.3, 0.003], [92178.2, 0.109], [92178.1, 0.002], [92178.0, 0.002], [92177.8, 1.0], [92177.7, 1.8], [92177.6, 0.096], [92177.5, 0.002], [92177.4, 1.0], [92177.1, 0.114], [92176.7, 0.002], [92176.6, 0.006], [92176.3, 0.003], [92176.2, 0.003], [92176.1, 0.003]], "asks": [[92178.9, 1.842], [92179.0, 0.004], [92179.1, 0.003], [92179.3, 0.007], [92179.4, 0.04], [92179.8, 0.002], [92179.9, 0.003], [92180.0, 0.043], [92180.2, 0.002], [92180.4, 0.003], [92180.5, 0.002], [92180.7, 0.004], [92180.9, 0.031], [92181.0, 0.003], [92181.4, 0.003], [92181.5, 0.002], [92181.6, 0.006], [92181.9, 0.043], [92182.3, 0.044], [92182.4, 0.005]], "timestamp": "2025-12-12T09:47:54.502192+00:00"}, {"symbol": "BTCUSDT", "bids": [[92184.2, 14.997], [92184.1, 3.428], [92184.0, 0.031], [92183.9, 0.005], [92183.6, 0.002], [92183.4, 0.003], [92183.3, 0.003], [92183.2, 0.111], [92183.1, 0.002], [92182.9, 0.285], [92182.8, 0.003], [92182.7, 0.002], [92182.6, 0.803], [92182.5, 0.013], [92182.4, 0.003], [92182.3, 1.003], [92182.2, 1.679], [92182.1, 0.018], [92181.9, 0.805], [92181.7, 0.002]], "asks": [[92184.3, 0.268], [92184.4, 0.009], [92184.8, 0.005], [92184.9, 0.005], [92185.0, 0.002], [92185.4, 0.003], [92185.6, 0.022], [92185.9, 0.003], [92186.0, 0.008], [92186.2, 0.002], [92186.4, 0.003], [92186.5, 0.002], [92186.6, 0.003], [92186.7, 0.002], [92186.9, 0.003], [92187.0, 0.002], [92187.1, 0.002], [92187.2, 0.002], [92187.4, 0.036], [92187.7, 0.002]], "timestamp": "2025-12-12T09:48:47.965006+00:00"}, {"symbol": "BTCUSDT", "bids": [[92251.9, 4.172], [92251.8, 0.043], [92251.7, 0.011], [92251.6, 0.003], [92251.2, 0.061], [92251.1, 0.055], [92250.8, 0.002], [92250.6, 0.032], [92250.4, 0.023], [92250.3, 0.002], [92250.2, 0.112], [92250.0, 0.004], [92249.9, 0.002], [92249.7, 0.014], [92249.6, 0.053], [92249.4, 0.004], [92249.1, 0.112], [92249.0, 0.002], [92248.8, 0.006], [92248.7, 0.003]], "asks": [[92252.0, 2.213], [92252.1, 0.005], [92252.4, 0.052], [92252.9, 0.003], [92253.0, 0.004], [92253.1, 0.014], [92253.2, 0.002], [92253.4, 0.003], [92253.8, 0.002], [92253.9, 0.003], [92254.2, 0.005], [92254.3, 0.005], [92254.4, 0.009], [92254.5, 0.054], [92254.7, 0.002], [92254.9, 0.006], [92255.0, 0.082], [92255.1, 0.02], [92255.3, 0.008], [92255.4, 0.003]], "timestamp": "2025-12-12T09:49:42.023014+00:00"}, {"symbol": "BTCUSDT", "bids": [[92386.8, 1.05], [92386.7, 0.004], [92386.6, 0.006], [92386.4, 0.05], [92386.3, 0.002], [92386.1, 0.003], [92385.7, 0.004], [92385.6, 0.053], [92385.4, 0.002], [92385.1, 0.042], [92385.0, 0.004], [92384.9, 0.007], [92384.8, 0.002], [92384.7, 0.003], [92384.5, 0.002], [92384.4, 0.003], [92384.1, 0.002], [92383.9, 0.005], [92383.8, 0.002], [92383.7, 0.015]], "asks": [[92386.9, 6.903], [92387.0, 0.004], [92387.2, 0.109], [92387.7, 0.154], [92387.9, 0.075], [92388.2, 0.003], [92388.6, 0.109], [92388.8, 0.015], [92388.9, 0.007], [92389.1, 0.003], [92389.2, 0.016], [92389.9, 0.004], [92390.0, 0.005], [92390.3, 0.192], [92390.6, 0.179], [92390.8, 0.002], [92390.9, 0.011], [92391.0, 0.004], [92391.1, 0.003], [92391.3, 0.112]], "timestamp": "2025-12-12T09:50:34.561862+00:00"}, {"symbol": "BTCUSDT", "bids": [[92394.2, 3.904], [92394.1, 0.112], [92394.0, 0.121], [92393.9, 0.003], [92393.8, 0.006], [92393.7, 0.005], [92393.6, 0.003], [92393.5, 0.011], [92393.3, 0.005], [92393.2, 0.109], [92393.0, 0.002], [92392.9, 0.003], [92392.8, 0.006], [92392.7, 0.003], [92392.6, 0.005], [92392.4, 0.109], [92392.2, 0.005], [92392.1, 0.064], [92392.0, 0.006], [92391.7, 0.003]], "asks": [[92394.3, 3.258], [92394.4, 0.004], [92394.5, 0.002], [92394.8, 0.005], [92395.0, 0.002], [92395.3, 0.003], [92395.7, 0.003], [92395.8, 0.002], [92395.9, 0.003], [92396.6, 0.003], [92396.7, 0.054], [92396.8, 0.003], [92397.0, 0.004], [92397.2, 0.007], [92397.3, 0.002], [92397.5, 0.002], [92397.6, 0.005], [92397.7, 0.003], [92397.9, 0.002], [92398.0, 0.002]], "timestamp": "2025-12-12T09:51:27.896398+00:00"}, {"symbol": "BTCUSDT", "bids": [[92346.1, 3.305], [92346.0, 0.005], [92345.9, 0.003], [92345.8, 0.008], [92345.7, 0.006], [92345.6, 0.006], [92345.5, 0.003], [92345.4, 0.003], [92345.3, 0.006], [92345.2, 0.005], [92344.8, 0.003], [92344.5, 0.228], [92344.4, 1.082], [92344.3, 0.003], [92344.0, 0.111], [92343.9, 0.002], [92343.8, 0.003], [92343.6, 0.003], [92343.1, 0.117], [92343.0, 0.003]], "asks": [[92346.2, 3.766], [92346.3, 0.054], [92346.4, 0.019], [92346.6, 0.002], [92346.7, 0.048], [92347.3, 0.003], [92347.5, 0.002], [92347.6, 0.015], [92347.7, 0.109], [92347.8, 0.003], [92347.9, 0.002], [92348.1, 0.01], [92348.4, 0.117], [92348.5, 0.005], [92348.8, 0.002], [92348.9, 0.007], [92349.0, 0.004], [92349.3, 0.005], [92349.4, 0.002], [92349.5, 0.003]], "timestamp": "2025-12-12T09:52:20.741608+00:00"}, {"symbol": "BTCUSDT", "bids": [[92334.8, 2.482], [92334.7, 0.002], [92334.5, 0.003], [92334.2, 0.072], [92334.1, 0.431], [92334.0, 0.003], [92333.7, 0.003], [92333.5, 0.003], [92333.3, 0.002], [92333.2, 0.002], [92333.1, 0.002], [92333.0, 0.005], [92332.8, 0.009], [92332.5, 0.003], [92332.0, 0.002], [92331.9, 0.005], [92331.8, 0.008], [92331.7, 0.003], [92331.2, 0.002], [92331.0, 0.01]], "asks": [[92334.9, 4.202], [92335.0, 0.005], [92335.1, 4.024], [92335.2, 0.002], [92335.3, 0.016], [92335.5, 0.098], [92335.6, 0.002], [92335.8, 0.002], [92335.9, 0.109], [92336.1, 0.003], [92336.3, 0.005], [92336.4, 0.023], [92336.6, 0.003], [92336.8, 0.111], [92337.1, 0.003], [92337.2, 1.0], [92337.3, 0.005], [92337.4, 0.002], [92337.6, 0.376], [92337.7, 0.111]], "timestamp": "2025-12-12T09:53:13.471857+00:00"}, {"symbol": "BTCUSDT", "bids": [[92330.0, 5.419], [92329.9, 0.004], [92329.8, 0.002], [92329.7, 0.098], [92329.5, 0.003], [92329.2, 0.002], [92329.1, 0.021], [92329.0, 0.003], [92328.6, 0.002], [92328.5, 0.297], [92328.4, 1.673], [92328.3, 0.069], [92328.2, 0.002], [92327.8, 0.006], [92327.5, 0.003], [92327.3, 0.003], [92327.2, 0.002], [92326.9, 0.003], [92326.8, 0.005], [92326.7, 0.002]], "asks": [[92330.1, 4.374], [92330.2, 0.027], [92330.3, 0.356], [92330.4, 0.002], [92330.6, 0.003], [92330.9, 0.002], [92331.0, 0.002], [92331.2, 0.004], [92331.3, 0.002], [92331.4, 0.112], [92331.5, 0.002], [92331.6, 0.014], [92331.8, 1.002], [92332.0, 0.002], [92332.1, 0.006], [92332.2, 0.009], [92332.3, 0.109], [92332.6, 0.005], [92332.8, 0.01], [92333.1, 0.002]], "timestamp": "2025-12-12T09:54:07.031693+00:00"}, {"symbol": "BTCUSDT", "bids": [[92349.9, 5.591], [92349.8, 0.336], [92349.6, 0.007], [92349.4, 0.002], [92349.3, 0.651], [92349.1, 0.003], [92349.0, 0.012], [92348.9, 0.002], [92348.6, 0.003], [92348.5, 1.086], [92348.3, 0.014], [92348.1, 0.032], [92348.0, 0.002], [92347.8, 0.005], [92347.7, 0.006], [92347.1, 0.002], [92347.0, 0.005], [92346.8, 0.005], [92346.7, 0.002], [92346.5, 0.003]], "asks": [[92350.0, 4.315], [92350.1, 0.016], [92350.3, 0.002], [92350.5, 0.154], [92350.7, 0.109], [92351.2, 0.003], [92351.3, 0.075], [92351.5, 0.003], [92351.6, 0.002], [92351.7, 0.003], [92351.8, 0.004], [92351.9, 0.112], [92352.0, 0.543], [92352.1, 0.004], [92352.2, 0.003], [92352.3, 0.011], [92352.4, 0.002], [92352.5, 0.007], [92352.8, 0.003], [92353.0, 0.118]], "timestamp": "2025-12-12T09:55:00.567632+00:00"}, {"symbol": "BTCUSDT", "bids": [[92352.5, 2.215], [92352.4, 0.004], [92352.2, 0.002], [92352.1, 0.003], [92352.0, 0.002], [92351.7, 0.003], [92351.6, 0.003], [92351.1, 0.109], [92350.7, 0.002], [92350.5, 0.005], [92350.4, 0.005], [92350.3, 0.003], [92350.0, 0.114], [92349.9, 0.113], [92349.8, 0.007], [92349.6, 0.121], [92349.4, 0.002], [92349.1, 0.003], [92349.0, 0.059], [92348.9, 0.111]], "asks": [[92352.6, 10.311], [92352.7, 0.006], [92353.0, 0.002], [92354.0, 0.111], [92354.2, 0.013], [92354.3, 0.002], [92354.8, 0.003], [92355.0, 0.111], [92355.2, 0.009], [92355.3, 0.064], [92355.4, 0.003], [92355.6, 0.002], [92355.7, 0.003], [92355.8, 0.111], [92355.9, 0.003], [92356.1, 0.075], [92356.2, 0.002], [92356.3, 0.333], [92356.4, 0.016], [92356.5, 0.478]], "timestamp": "2025-12-12T09:55:54.036989+00:00"}, {"symbol": "BTCUSDT", "bids": [[92396.2, 9.198], [92396.1, 0.006], [92395.7, 0.714], [92395.6, 0.111], [92395.5, 0.002], [92395.4, 0.011], [92395.2, 0.003], [92394.9, 0.002], [92394.7, 0.003], [92394.6, 0.002], [92394.2, 0.003], [92394.1, 0.032], [92394.0, 0.007], [92393.7, 1.358], [92393.6, 1.083], [92393.5, 0.004], [92393.4, 0.271], [92393.2, 0.003], [92393.1, 0.059], [92393.0, 0.002]], "asks": [[92396.3, 4.282], [92396.4, 0.007], [92396.7, 0.546], [92396.8, 0.005], [92397.2, 0.005], [92397.3, 0.016], [92397.7, 0.003], [92398.1, 0.002], [92398.2, 0.003], [92398.7, 0.005], [92398.8, 0.078], [92399.1, 0.013], [92399.2, 0.008], [92399.4, 0.067], [92399.7, 0.011], [92399.8, 0.002], [92400.0, 5.548], [92400.1, 0.004], [92400.2, 0.006], [92400.3, 0.006]], "timestamp": "2025-12-12T09:56:46.803353+00:00"}, {"symbol": "BTCUSDT", "bids": [[92442.2, 8.782], [92442.1, 0.06], [92442.0, 0.002], [92441.7, 0.003], [92441.6, 0.002], [92441.2, 0.003], [92440.9, 0.776], [92440.8, 1.002], [92440.7, 0.122], [92440.6, 1.004], [92440.5, 0.003], [92440.3, 0.002], [92440.1, 1.0], [92440.0, 0.79], [92439.9, 0.132], [92439.8, 0.004], [92439.7, 0.002], [92439.4, 0.003], [92439.2, 0.004], [92439.1, 0.003]], "asks": [[92442.3, 3.908], [92442.4, 0.002], [92442.7, 0.02], [92442.8, 0.003], [92443.0, 0.012], [92443.1, 0.002], [92443.3, 0.005], [92443.8, 0.003], [92443.9, 0.006], [92444.0, 0.007], [92444.3, 0.003], [92444.4, 0.621], [92444.5, 0.002], [92444.6, 0.003], [92444.8, 0.009], [92444.9, 0.005], [92445.0, 0.005], [92445.2, 0.005], [92445.3, 0.003], [92445.4, 0.007]], "timestamp": "2025-12-12T09:57:39.817620+00:00"}, {"symbol": "BTCUSDT", "bids": [[92477.3, 5.832], [92477.2, 0.115], [92476.9, 0.002], [92476.8, 0.055], [92476.7, 0.013], [92476.6, 0.002], [92476.5, 0.002], [92476.4, 0.005], [92476.3, 0.111], [92476.2, 0.005], [92476.1, 0.123], [92476.0, 0.052], [92475.7, 0.002], [92475.6, 0.002], [92475.5, 0.271], [92475.4, 0.113], [92475.3, 0.003], [92475.1, 0.01], [92475.0, 0.036], [92474.9, 0.221]], "asks": [[92477.4, 0.403], [92477.5, 0.006], [92477.6, 0.003], [92477.7, 0.002], [92478.0, 0.05], [92478.1, 0.003], [92478.4, 0.004], [92478.6, 0.057], [92478.7, 0.002], [92479.1, 0.003], [92479.4, 0.003], [92479.6, 0.005], [92479.9, 0.003], [92480.0, 0.004], [92480.1, 0.002], [92480.4, 0.005], [92480.5, 0.005], [92480.8, 0.002], [92480.9, 0.006], [92481.0, 0.002]], "timestamp": "2025-12-12T09:58:33.168554+00:00"}, {"symbol": "BTCUSDT", "bids": [[92500.0, 2.18], [92499.9, 0.007], [92499.8, 0.024], [92499.6, 0.002], [92499.4, 0.003], [92499.3, 0.096], [92498.9, 0.003], [92498.8, 0.078], [92498.7, 0.003], [92498.6, 0.004], [92498.4, 0.39], [92498.3, 0.01], [92498.2, 0.003], [92498.1, 0.005], [92498.0, 0.005], [92497.7, 0.003], [92497.6, 0.006], [92497.5, 0.075], [92497.3, 0.221], [92497.2, 0.003]], "asks": [[92500.1, 10.327], [92500.2, 0.006], [92500.4, 0.011], [92500.5, 0.002], [92500.8, 0.004], [92501.1, 0.056], [92501.2, 0.194], [92501.3, 0.002], [92501.4, 0.004], [92501.7, 0.002], [92502.0, 0.002], [92502.3, 0.114], [92502.9, 0.011], [92503.0, 0.283], [92503.1, 0.111], [92503.2, 0.248], [92503.4, 0.003], [92503.6, 0.002], [92503.8, 0.054], [92503.9, 0.397]], "timestamp": "2025-12-12T09:59:25.891541+00:00"}, {"symbol": "BTCUSDT", "bids": [[92481.6, 11.95], [92481.5, 0.136], [92481.2, 0.006], [92481.1, 0.003], [92480.9, 0.002], [92480.6, 0.151], [92480.4, 0.014], [92480.3, 0.002], [92479.7, 0.006], [92479.6, 0.02], [92479.4, 0.003], [92479.0, 0.006], [92478.7, 0.783], [92478.6, 0.016], [92478.5, 0.005], [92478.4, 0.022], [92478.3, 0.004], [92478.2, 0.003], [92477.9, 0.005], [92477.8, 0.035]], "asks": [[92481.7, 0.85], [92481.8, 0.869], [92482.0, 0.002], [92482.1, 0.054], [92482.2, 0.095], [92482.3, 0.002], [92482.4, 0.003], [92482.6, 0.004], [92482.7, 0.005], [92482.8, 0.002], [92482.9, 0.5], [92483.0, 0.009], [92483.1, 0.054], [92483.3, 0.002], [92483.5, 0.006], [92483.9, 0.002], [92484.0, 0.007], [92484.1, 0.005], [92484.2, 0.004], [92484.4, 0.002]], "timestamp": "2025-12-12T10:00:18.951689+00:00"}, {"symbol": "BTCUSDT", "bids": [[92508.8, 4.236], [92508.7, 0.004], [92508.5, 0.006], [92508.4, 0.011], [92508.3, 0.002], [92508.2, 0.002], [92508.1, 0.067], [92508.0, 0.053], [92507.9, 0.006], [92507.6, 0.006], [92507.4, 0.002], [92507.3, 0.005], [92507.2, 0.006], [92507.0, 0.004], [92506.7, 0.011], [92506.6, 0.286], [92506.4, 0.067], [92506.2, 0.006], [92506.1, 0.004], [92506.0, 0.004]], "asks": [[92508.9, 1.969], [92509.0, 0.026], [92509.4, 0.022], [92509.8, 0.002], [92511.0, 0.484], [92511.1, 2.919], [92511.2, 0.004], [92511.5, 0.006], [92511.6, 0.006], [92511.7, 0.003], [92512.0, 0.007], [92512.5, 0.008], [92512.8, 0.002], [92513.0, 0.007], [92513.2, 0.002], [92513.3, 0.013], [92513.4, 0.002], [92513.5, 0.087], [92513.8, 0.002], [92514.0, 0.003]], "timestamp": "2025-12-12T10:01:12.812293+00:00"}, {"symbol": "BTCUSDT", "bids": [[92516.7, 1.248], [92516.6, 0.002], [92516.5, 0.002], [92516.2, 0.005], [92515.7, 0.003], [92515.6, 0.002], [92515.2, 0.005], [92514.7, 0.005], [92514.2, 0.003], [92513.8, 0.002], [92513.7, 0.006], [92513.6, 0.003], [92513.5, 0.002], [92513.2, 0.003], [92512.7, 0.006], [92512.6, 0.002], [92512.2, 0.131], [92512.0, 0.002], [92511.8, 0.023], [92511.6, 0.002]], "asks": [[92516.8, 5.776], [92516.9, 0.379], [92517.0, 0.808], [92517.1, 0.8], [92517.2, 0.8], [92517.5, 0.033], [92517.6, 0.004], [92517.7, 0.002], [92517.8, 0.014], [92517.9, 0.109], [92518.0, 0.004], [92518.3, 0.005], [92518.4, 0.078], [92518.9, 0.115], [92519.0, 0.003], [92519.3, 0.012], [92519.6, 0.006], [92519.8, 0.013], [92519.9, 0.002], [92520.0, 0.004]], "timestamp": "2025-12-12T10:02:05.795770+00:00"}, {"symbol": "BTCUSDT", "bids": [[92481.7, 15.855], [92481.6, 0.454], [92481.5, 0.754], [92481.2, 0.002], [92481.1, 0.002], [92480.9, 0.811], [92480.8, 0.748], [92480.7, 0.005], [92480.6, 0.748], [92480.5, 0.032], [92480.4, 0.748], [92480.0, 0.076], [92479.9, 0.131], [92479.8, 0.006], [92479.4, 0.006], [92478.9, 0.778], [92478.8, 0.033], [92478.6, 0.005], [92478.5, 0.006], [92478.4, 0.004]], "asks": [[92481.8, 0.732], [92482.0, 0.007], [92482.2, 0.008], [92482.5, 0.003], [92482.7, 0.003], [92482.8, 0.003], [92483.0, 0.007], [92483.1, 0.003], [92483.5, 0.002], [92483.6, 0.006], [92483.7, 0.042], [92483.9, 0.162], [92484.0, 0.058], [92484.2, 0.002], [92484.3, 0.021], [92484.4, 0.003], [92484.5, 0.003], [92484.7, 0.002], [92484.8, 0.002], [92484.9, 0.003]], "timestamp": "2025-12-12T10:02:59.310645+00:00"}, {"symbol": "BTCUSDT", "bids": [[92499.9, 20.896], [92499.8, 0.136], [92499.3, 0.003], [92499.0, 0.004], [92498.9, 0.008], [92498.6, 0.002], [92498.5, 0.034], [92498.4, 0.127], [92498.3, 0.054], [92498.0, 0.296], [92497.9, 1.009], [92497.7, 0.003], [92497.6, 0.109], [92497.5, 0.033], [92497.1, 0.005], [92497.0, 0.003], [92496.9, 0.005], [92496.8, 0.726], [92496.7, 0.115], [92496.6, 0.01]], "asks": [[92500.0, 0.165], [92500.1, 0.004], [92500.2, 0.007], [92500.4, 0.003], [92500.5, 0.002], [92500.8, 0.052], [92500.9, 0.006], [92501.4, 0.009], [92501.7, 0.002], [92501.8, 0.025], [92501.9, 0.003], [92502.0, 0.002], [92502.3, 0.002], [92502.4, 0.003], [92502.6, 0.002], [92502.7, 0.005], [92502.9, 0.009], [92503.4, 0.003], [92503.5, 0.002], [92503.6, 0.005]], "timestamp": "2025-12-12T10:03:52.148516+00:00"}, {"symbol": "BTCUSDT", "bids": [[92499.9, 0.511], [92499.8, 0.565], [92499.6, 0.002], [92499.3, 0.003], [92499.0, 0.004], [92498.7, 0.002], [92498.4, 0.003], [92498.3, 0.002], [92498.1, 0.002], [92498.0, 0.002], [92497.9, 0.002], [92497.8, 0.002], [92497.7, 0.006], [92497.5, 0.057], [92497.2, 0.007], [92497.0, 0.003], [92496.8, 0.086], [92496.6, 0.01], [92496.5, 0.013], [92496.3, 0.016]], "asks": [[92500.0, 11.846], [92500.1, 0.752], [92500.2, 0.002], [92500.4, 1.0], [92500.5, 0.014], [92500.6, 0.002], [92500.8, 0.111], [92501.2, 0.077], [92501.4, 0.002], [92501.7, 0.109], [92502.0, 0.002], [92502.1, 0.005], [92502.3, 0.003], [92502.4, 1.002], [92502.5, 0.111], [92502.6, 0.003], [92503.1, 0.006], [92503.2, 0.002], [92503.3, 0.287], [92503.4, 1.004]], "timestamp": "2025-12-12T10:04:45.504813+00:00"}, {"symbol": "BTCUSDT", "bids": [[92500.0, 4.878], [92499.9, 0.23], [92499.8, 0.003], [92499.6, 0.111], [92499.4, 0.047], [92499.3, 0.018], [92499.2, 0.005], [92499.1, 0.002], [92499.0, 0.005], [92498.8, 0.002], [92498.7, 0.111], [92498.6, 0.005], [92498.5, 0.003], [92498.1, 0.002], [92498.0, 0.015], [92497.9, 0.005], [92497.8, 0.111], [92497.6, 0.003], [92497.5, 0.064], [92497.4, 0.004]], "asks": [[92500.1, 2.207], [92500.2, 0.024], [92500.5, 0.002], [92501.0, 0.003], [92501.4, 0.002], [92501.7, 0.003], [92502.0, 0.11], [92502.1, 0.005], [92502.2, 0.003], [92502.3, 0.005], [92502.7, 0.479], [92502.8, 0.069], [92502.9, 0.739], [92503.0, 0.015], [92503.1, 0.003], [92503.2, 0.005], [92503.6, 0.006], [92503.7, 0.003], [92503.8, 0.054], [92503.9, 0.015]], "timestamp": "2025-12-12T10:05:38.677055+00:00"}, {"symbol": "BTCUSDT", "bids": [[92510.1, 7.067], [92510.0, 0.141], [92509.9, 0.269], [92509.6, 0.008], [92509.5, 0.054], [92509.4, 0.002], [92509.3, 0.003], [92509.2, 0.125], [92509.1, 0.054], [92509.0, 0.185], [92508.9, 0.002], [92508.8, 0.003], [92508.7, 0.008], [92508.5, 0.038], [92508.4, 0.007], [92508.0, 0.005], [92507.9, 0.114], [92507.8, 0.003], [92507.6, 0.008], [92507.5, 0.041]], "asks": [[92510.2, 1.698], [92510.3, 0.031], [92510.4, 0.009], [92510.6, 0.004], [92510.9, 0.003], [92511.0, 0.004], [92511.4, 0.003], [92511.5, 0.002], [92512.1, 0.002], [92512.2, 0.003], [92512.4, 0.003], [92512.9, 0.132], [92513.0, 0.855], [92513.1, 0.03], [92513.3, 0.003], [92513.4, 0.013], [92513.7, 0.003], [92514.0, 0.016], [92514.1, 0.023], [92514.2, 0.006]], "timestamp": "2025-12-12T10:06:31.593739+00:00"}, {"symbol": "BTCUSDT", "bids": [[92510.1, 4.194], [92510.0, 0.235], [92509.9, 0.112], [92509.8, 0.002], [92509.5, 0.002], [92509.4, 0.005], [92509.3, 0.003], [92509.2, 0.004], [92509.0, 0.003], [92508.7, 0.118], [92508.6, 0.011], [92508.4, 0.069], [92508.3, 0.003], [92508.2, 0.002], [92507.9, 0.109], [92507.8, 0.003], [92507.4, 0.005], [92507.3, 0.061], [92507.2, 0.004], [92507.0, 0.111]], "asks": [[92510.2, 7.672], [92510.3, 0.014], [92510.4, 0.05], [92510.6, 0.002], [92511.0, 0.002], [92511.2, 0.05], [92511.3, 0.865], [92511.5, 0.482], [92511.6, 0.002], [92511.8, 0.002], [92512.0, 0.991], [92512.1, 0.081], [92512.2, 0.003], [92512.4, 0.003], [92512.7, 0.003], [92513.4, 0.003], [92513.7, 0.085], [92513.8, 0.009], [92513.9, 0.003], [92514.0, 0.002]], "timestamp": "2025-12-12T10:07:24.451573+00:00"}, {"symbol": "BTCUSDT", "bids": [[92537.4, 4.104], [92537.3, 0.22], [92537.2, 0.01], [92537.1, 0.003], [92537.0, 0.003], [92536.9, 0.002], [92536.8, 0.002], [92536.7, 0.162], [92536.5, 0.007], [92536.4, 0.005], [92536.3, 0.007], [92536.2, 0.01], [92536.1, 0.003], [92536.0, 0.117], [92535.9, 0.002], [92535.7, 0.013], [92535.6, 0.027], [92535.5, 0.003], [92535.2, 0.003], [92535.0, 0.004]], "asks": [[92537.5, 3.79], [92537.6, 0.426], [92537.7, 0.007], [92537.8, 0.004], [92538.0, 0.002], [92538.2, 0.002], [92538.4, 0.003], [92538.6, 0.096], [92538.9, 0.067], [92539.3, 0.005], [92539.4, 0.003], [92539.8, 0.024], [92539.9, 0.006], [92540.0, 0.006], [92540.3, 0.011], [92540.4, 0.003], [92540.7, 0.032], [92540.8, 0.003], [92541.0, 0.003], [92541.6, 0.003]], "timestamp": "2025-12-12T10:08:18.087524+00:00"}, {"symbol": "BTCUSDT", "bids": [[92538.2, 2.372], [92538.1, 0.046], [92538.0, 0.002], [92537.7, 0.002], [92537.6, 0.005], [92537.5, 0.013], [92537.4, 0.002], [92537.3, 0.004], [92537.1, 0.112], [92537.0, 0.022], [92536.9, 0.005], [92536.8, 0.002], [92536.5, 0.005], [92536.4, 0.007], [92536.3, 0.111], [92536.2, 0.002], [92536.0, 0.003], [92535.9, 0.011], [92535.6, 0.002], [92535.4, 0.003]], "asks": [[92538.3, 7.93], [92538.4, 0.025], [92538.5, 0.002], [92539.0, 0.003], [92539.3, 0.003], [92539.4, 0.003], [92539.5, 0.002], [92539.9, 0.003], [92540.0, 0.002], [92540.4, 0.005], [92540.6, 0.003], [92540.9, 0.003], [92541.0, 0.002], [92541.2, 0.802], [92541.4, 0.112], [92541.5, 0.005], [92541.6, 0.06], [92541.9, 1.323], [92542.0, 0.806], [92542.1, 0.009]], "timestamp": "2025-12-12T10:09:11.336371+00:00"}, {"symbol": "BTCUSDT", "bids": [[92558.9, 7.95], [92558.8, 0.478], [92558.7, 0.003], [92558.6, 0.002], [92558.5, 0.007], [92558.2, 0.006], [92558.1, 0.12], [92558.0, 0.002], [92557.7, 0.007], [92557.6, 0.019], [92557.5, 0.099], [92557.3, 0.004], [92557.2, 0.109], [92557.1, 0.002], [92557.0, 0.002], [92556.8, 0.004], [92556.7, 0.003], [92556.6, 0.002], [92556.5, 0.003], [92556.2, 0.114]], "asks": [[92559.0, 2.255], [92559.1, 0.029], [92559.4, 0.002], [92559.5, 0.003], [92559.6, 0.005], [92560.0, 0.346], [92560.1, 0.003], [92560.2, 0.006], [92560.4, 0.002], [92560.5, 0.094], [92560.6, 0.008], [92560.7, 0.543], [92561.1, 0.003], [92561.2, 0.015], [92561.3, 0.007], [92561.4, 0.039], [92561.5, 0.002], [92561.6, 0.005], [92561.7, 0.005], [92561.8, 0.006]], "timestamp": "2025-12-12T10:10:04.467612+00:00"}, {"symbol": "BTCUSDT", "bids": [[92568.0, 2.227], [92567.9, 0.006], [92567.6, 0.004], [92567.5, 0.003], [92567.2, 0.002], [92567.0, 0.003], [92566.9, 0.023], [92566.7, 0.002], [92566.3, 0.002], [92566.1, 0.003], [92566.0, 0.002], [92565.9, 0.003], [92565.8, 0.004], [92565.5, 0.008], [92565.3, 0.002], [92565.2, 0.002], [92565.0, 0.01], [92564.9, 0.098], [92564.8, 0.002], [92564.7, 0.002]], "asks": [[92568.1, 13.847], [92568.2, 0.006], [92568.6, 0.002], [92568.7, 0.108], [92569.5, 1.0], [92569.6, 0.109], [92569.9, 0.111], [92570.0, 0.002], [92570.2, 0.405], [92570.3, 1.003], [92570.4, 0.036], [92570.8, 1.002], [92570.9, 0.12], [92571.2, 0.003], [92571.3, 0.007], [92571.4, 0.102], [92571.6, 0.076], [92571.9, 0.109], [92572.1, 0.003], [92572.2, 0.007]], "timestamp": "2025-12-12T10:10:56.812078+00:00"}, {"symbol": "BTCUSDT", "bids": [[92515.1, 8.41], [92515.0, 0.013], [92514.8, 0.002], [92514.7, 0.002], [92514.6, 0.003], [92514.4, 0.002], [92514.2, 0.04], [92514.1, 0.003], [92513.5, 0.003], [92513.2, 0.002], [92513.1, 0.002], [92512.9, 0.003], [92512.7, 0.003], [92512.4, 0.022], [92512.2, 0.367], [92512.1, 0.486], [92512.0, 1.673], [92511.9, 0.002], [92511.6, 0.112], [92511.1, 0.022]], "asks": [[92515.2, 4.434], [92515.3, 0.006], [92515.5, 0.003], [92516.0, 0.003], [92516.2, 0.075], [92516.5, 0.003], [92516.6, 0.003], [92516.9, 0.003], [92517.0, 0.003], [92517.4, 0.004], [92517.5, 0.003], [92517.6, 0.056], [92517.9, 0.003], [92518.0, 0.003], [92518.2, 0.003], [92518.3, 0.003], [92518.4, 0.262], [92518.5, 0.004], [92518.6, 0.014], [92518.7, 0.002]], "timestamp": "2025-12-12T10:11:50.261728+00:00"}, {"symbol": "BTCUSDT", "bids": [[92509.0, 5.162], [92508.9, 0.043], [92508.8, 0.002], [92508.7, 0.002], [92508.6, 0.005], [92508.5, 0.005], [92508.4, 0.087], [92508.3, 0.231], [92508.2, 0.002], [92508.1, 0.002], [92508.0, 0.018], [92507.8, 0.109], [92507.7, 0.011], [92507.4, 0.008], [92507.3, 0.023], [92506.9, 0.112], [92506.8, 0.003], [92506.6, 0.034], [92506.5, 0.01], [92506.4, 0.008]], "asks": [[92509.1, 0.436], [92509.2, 0.107], [92509.3, 0.003], [92509.4, 0.003], [92509.5, 0.046], [92509.6, 0.05], [92509.7, 0.002], [92510.0, 0.002], [92510.2, 0.003], [92510.4, 0.05], [92510.6, 0.004], [92510.7, 0.003], [92510.9, 0.061], [92511.0, 0.004], [92511.2, 0.003], [92511.3, 0.099], [92511.5, 0.002], [92511.7, 0.003], [92511.8, 0.002], [92511.9, 0.054]], "timestamp": "2025-12-12T10:12:43.000961+00:00"}, {"symbol": "BTCUSDT", "bids": [[92517.5, 5.713], [92517.4, 0.154], [92517.3, 0.085], [92517.1, 0.002], [92516.8, 0.003], [92516.6, 0.109], [92516.5, 0.002], [92516.4, 0.002], [92516.0, 0.002], [92515.9, 0.003], [92515.6, 0.002], [92515.3, 0.009], [92515.2, 0.199], [92515.1, 0.111], [92515.0, 0.002], [92514.8, 0.007], [92514.4, 0.111], [92514.3, 0.002], [92514.2, 0.002], [92514.1, 0.01]], "asks": [[92517.6, 4.515], [92517.7, 0.036], [92518.0, 0.002], [92518.3, 0.005], [92518.4, 0.05], [92518.8, 0.003], [92518.9, 0.013], [92519.0, 0.002], [92519.2, 0.002], [92519.3, 0.003], [92519.8, 0.008], [92520.0, 0.009], [92520.1, 0.002], [92520.3, 0.003], [92520.4, 0.002], [92520.8, 0.006], [92521.0, 0.002], [92521.3, 0.112], [92521.5, 0.013], [92521.6, 0.005]], "timestamp": "2025-12-12T10:13:36.349165+00:00"}, {"symbol": "BTCUSDT", "bids": [[92521.9, 6.717], [92521.8, 0.104], [92521.4, 0.109], [92521.2, 0.014], [92521.1, 0.002], [92520.8, 0.007], [92520.7, 0.003], [92520.6, 0.109], [92520.4, 0.002], [92520.2, 0.003], [92520.1, 0.032], [92520.0, 0.004], [92519.9, 0.02], [92519.8, 0.002], [92519.7, 0.003], [92519.6, 0.032], [92519.4, 0.003], [92519.1, 0.032], [92518.9, 0.476], [92518.8, 0.814]], "asks": [[92522.0, 3.619], [92522.1, 0.012], [92522.3, 0.003], [92522.6, 0.007], [92522.9, 0.008], [92523.4, 0.002], [92523.7, 0.002], [92523.8, 0.005], [92524.0, 0.002], [92524.4, 0.002], [92524.5, 0.003], [92524.6, 0.003], [92524.7, 0.002], [92524.8, 0.003], [92525.0, 0.002], [92525.1, 0.013], [92525.2, 0.003], [92525.3, 0.008], [92525.4, 0.007], [92525.5, 0.002]], "timestamp": "2025-12-12T10:14:29.699699+00:00"}, {"symbol": "BTCUSDT", "bids": [[92514.7, 4.937], [92514.6, 0.078], [92514.4, 0.005], [92514.2, 0.005], [92514.1, 0.002], [92514.0, 0.034], [92513.8, 0.002], [92513.7, 0.262], [92513.6, 0.021], [92513.5, 0.002], [92513.2, 0.005], [92512.9, 0.002], [92512.8, 0.109], [92512.7, 0.008], [92512.4, 0.014], [92512.2, 0.003], [92512.1, 0.109], [92512.0, 0.006], [92511.8, 0.034], [92511.7, 0.003]], "asks": [[92514.8, 4.971], [92514.9, 0.004], [92515.2, 0.004], [92516.1, 0.011], [92516.4, 0.002], [92516.7, 0.002], [92517.1, 0.006], [92517.5, 0.013], [92517.6, 0.114], [92517.7, 0.002], [92517.8, 0.206], [92517.9, 0.005], [92518.0, 0.023], [92518.1, 0.003], [92518.4, 0.006], [92518.6, 0.109], [92518.8, 0.003], [92518.9, 0.007], [92519.0, 0.002], [92519.2, 0.077]], "timestamp": "2025-12-12T10:15:23.261396+00:00"}, {"symbol": "BTCUSDT", "bids": [[92499.9, 11.567], [92499.8, 0.212], [92499.7, 0.624], [92499.6, 0.004], [92499.2, 0.003], [92499.0, 0.002], [92498.5, 0.045], [92498.1, 0.002], [92498.0, 0.002], [92497.9, 0.04], [92497.8, 0.164], [92497.6, 0.109], [92497.5, 0.05], [92497.4, 0.003], [92496.9, 0.005], [92496.8, 0.002], [92496.6, 0.003], [92496.3, 0.005], [92496.0, 0.002], [92495.9, 0.007]], "asks": [[92500.0, 2.863], [92500.1, 0.006], [92500.5, 0.002], [92500.8, 0.007], [92501.0, 0.006], [92501.2, 0.002], [92501.4, 0.007], [92501.7, 0.543], [92501.9, 0.003], [92502.0, 0.004], [92502.2, 0.006], [92502.3, 0.002], [92502.4, 0.003], [92502.5, 0.009], [92502.6, 0.003], [92502.7, 0.002], [92502.9, 0.003], [92503.0, 0.002], [92503.1, 0.003], [92503.2, 0.004]], "timestamp": "2025-12-12T10:16:16.197756+00:00"}, {"symbol": "BTCUSDT", "bids": [[92456.6, 19.994], [92456.5, 0.123], [92456.4, 1.042], [92456.3, 0.002], [92456.0, 0.005], [92455.4, 0.171], [92455.3, 0.002], [92455.0, 0.221], [92454.7, 0.125], [92454.6, 0.811], [92454.3, 0.013], [92454.2, 0.003], [92453.5, 1.002], [92453.4, 0.09], [92453.3, 0.056], [92453.2, 0.002], [92452.9, 0.007], [92452.7, 0.109], [92452.6, 0.004], [92452.5, 0.003]], "asks": [[92456.7, 0.038], [92456.8, 0.003], [92456.9, 0.002], [92457.0, 0.022], [92457.5, 0.005], [92458.3, 0.003], [92458.4, 0.002], [92458.6, 0.005], [92458.7, 0.005], [92458.8, 0.005], [92458.9, 0.003], [92459.0, 0.002], [92459.3, 0.002], [92459.4, 0.002], [92459.6, 0.003], [92459.7, 0.059], [92459.9, 0.002], [92460.0, 0.008], [92460.2, 0.002], [92460.4, 0.002]], "timestamp": "2025-12-12T10:17:09.023208+00:00"}, {"symbol": "BTCUSDT", "bids": [[92424.9, 3.815], [92424.8, 0.141], [92424.7, 0.018], [92424.4, 0.007], [92424.3, 0.002], [92424.2, 0.003], [92424.1, 0.167], [92424.0, 0.005], [92423.7, 0.002], [92423.5, 0.005], [92423.2, 0.115], [92423.0, 0.005], [92422.7, 0.003], [92422.6, 0.013], [92422.5, 0.003], [92422.4, 0.005], [92422.3, 0.111], [92422.1, 0.003], [92422.0, 0.005], [92421.9, 0.005]], "asks": [[92425.0, 7.709], [92425.1, 0.006], [92425.2, 0.002], [92425.3, 0.135], [92425.5, 0.003], [92426.0, 0.003], [92426.5, 0.003], [92426.7, 0.007], [92426.9, 0.002], [92427.1, 0.002], [92427.3, 0.047], [92427.8, 0.005], [92427.9, 0.075], [92428.0, 0.013], [92428.1, 0.003], [92428.2, 0.088], [92428.5, 0.02], [92428.6, 0.003], [92429.0, 0.003], [92429.1, 0.005]], "timestamp": "2025-12-12T10:18:02.387521+00:00"}, {"symbol": "BTCUSDT", "bids": [[92406.6, 1.348], [92406.5, 0.004], [92406.0, 0.004], [92405.7, 0.002], [92405.6, 0.003], [92405.3, 0.202], [92405.2, 0.965], [92405.1, 0.013], [92405.0, 0.01], [92404.8, 0.002], [92404.4, 0.006], [92403.7, 0.003], [92403.6, 0.004], [92403.5, 0.003], [92403.4, 0.002], [92403.3, 0.002], [92403.2, 0.003], [92403.0, 0.002], [92402.9, 0.005], [92402.8, 0.002]], "asks": [[92406.7, 4.95], [92406.8, 0.008], [92406.9, 0.007], [92407.0, 0.08], [92407.4, 0.002], [92407.5, 0.057], [92407.6, 0.011], [92407.7, 0.002], [92407.8, 0.109], [92408.0, 0.003], [92408.3, 0.004], [92408.4, 0.002], [92408.5, 1.709], [92408.6, 0.018], [92408.7, 0.005], [92408.8, 0.109], [92408.9, 0.005], [92409.0, 0.008], [92409.2, 0.003], [92409.3, 0.003]], "timestamp": "2025-12-12T10:18:56.327571+00:00"}, {"symbol": "BTCUSDT", "bids": [[92436.3, 8.144], [92436.2, 0.227], [92436.1, 0.014], [92435.9, 0.003], [92435.6, 0.218], [92435.5, 0.002], [92435.4, 0.024], [92435.3, 0.032], [92435.2, 0.125], [92435.1, 0.002], [92434.7, 0.055], [92434.6, 0.002], [92434.2, 0.003], [92434.1, 0.003], [92433.7, 0.109], [92433.6, 0.063], [92433.4, 0.002], [92433.3, 0.002], [92433.1, 0.006], [92433.0, 0.005]], "asks": [[92436.4, 0.188], [92436.5, 0.013], [92436.7, 0.006], [92436.8, 0.002], [92436.9, 0.004], [92437.0, 0.004], [92437.2, 0.003], [92437.6, 0.007], [92437.7, 0.003], [92438.1, 0.004], [92438.3, 0.03], [92438.4, 0.003], [92438.5, 0.004], [92438.6, 0.011], [92438.7, 0.002], [92438.9, 0.003], [92439.0, 0.033], [92439.1, 0.003], [92439.2, 0.002], [92439.4, 0.004]], "timestamp": "2025-12-12T10:19:49.190966+00:00"}, {"symbol": "BTCUSDT", "bids": [[92412.6, 12.692], [92412.5, 0.01], [92412.1, 0.402], [92412.0, 1.034], [92411.9, 0.122], [92411.5, 0.002], [92411.2, 0.004], [92410.9, 0.003], [92410.7, 0.002], [92410.6, 0.002], [92410.5, 1.278], [92410.4, 0.114], [92410.3, 0.004], [92410.2, 0.008], [92410.1, 0.008], [92410.0, 0.002], [92409.7, 0.003], [92409.5, 0.003], [92409.4, 0.002], [92409.3, 0.365]], "asks": [[92412.7, 0.584], [92412.8, 0.002], [92412.9, 0.002], [92413.1, 0.003], [92413.3, 0.002], [92413.6, 0.003], [92413.8, 0.056], [92414.0, 0.008], [92414.1, 0.002], [92414.2, 0.007], [92414.7, 0.034], [92414.8, 0.002], [92415.0, 0.007], [92415.1, 0.002], [92415.2, 0.003], [92415.3, 0.003], [92415.6, 0.032], [92415.7, 0.007], [92415.8, 0.005], [92415.9, 0.541]], "timestamp": "2025-12-12T10:20:42.439874+00:00"}, {"symbol": "BTCUSDT", "bids": [[92390.9, 3.081], [92390.8, 0.004], [92390.4, 0.003], [92390.2, 0.32], [92390.1, 0.005], [92390.0, 0.022], [92389.9, 0.003], [92389.4, 0.005], [92389.3, 0.003], [92389.0, 0.04], [92388.9, 0.003], [92388.8, 0.002], [92388.7, 0.007], [92388.6, 0.064], [92388.5, 0.002], [92388.4, 0.003], [92388.2, 0.032], [92388.1, 0.285], [92388.0, 1.117], [92387.9, 0.011]], "asks": [[92391.0, 13.283], [92391.1, 0.011], [92391.3, 0.109], [92391.6, 0.002], [92392.0, 0.247], [92392.5, 0.003], [92392.7, 0.135], [92392.8, 0.245], [92392.9, 0.017], [92393.0, 0.366], [92393.1, 0.003], [92393.3, 0.003], [92393.4, 0.003], [92393.5, 0.003], [92393.9, 0.002], [92394.0, 0.008], [92394.2, 0.002], [92394.4, 0.005], [92394.5, 0.003], [92394.7, 0.004]], "timestamp": "2025-12-12T10:21:36.099046+00:00"}, {"symbol": "BTCUSDT", "bids": [[92416.6, 13.856], [92416.5, 0.034], [92416.4, 0.111], [92415.8, 0.002], [92415.4, 0.109], [92415.2, 0.002], [92415.1, 1.572], [92414.7, 0.922], [92414.4, 0.003], [92414.3, 0.002], [92414.1, 1.0], [92414.0, 2.63], [92413.9, 0.847], [92413.8, 1.152], [92413.6, 0.886], [92413.5, 0.162], [92413.4, 0.004], [92413.3, 0.246], [92413.0, 0.002], [92412.9, 0.003]], "asks": [[92416.7, 2.031], [92416.8, 0.004], [92417.0, 0.004], [92417.1, 0.003], [92417.6, 0.003], [92417.7, 0.003], [92417.9, 0.002], [92418.2, 0.003], [92418.3, 2.151], [92418.4, 0.002], [92418.5, 0.006], [92418.6, 0.002], [92418.8, 0.249], [92418.9, 0.002], [92419.0, 0.005], [92419.1, 0.002], [92419.3, 0.003], [92419.4, 0.002], [92419.6, 0.005], [92419.8, 0.005]], "timestamp": "2025-12-12T10:22:29.039125+00:00"}, {"symbol": "BTCUSDT", "bids": [[92447.9, 1.803], [92447.8, 0.004], [92447.7, 0.005], [92447.6, 0.002], [92447.4, 0.003], [92447.1, 0.002], [92446.9, 0.003], [92446.5, 0.002], [92446.4, 0.011], [92446.3, 0.003], [92446.2, 0.002], [92445.8, 0.136], [92445.7, 0.004], [92445.6, 0.002], [92445.3, 0.005], [92445.2, 0.006], [92445.0, 0.002], [92444.9, 0.003], [92444.8, 0.004], [92444.7, 0.002]], "asks": [[92448.0, 4.197], [92448.1, 0.26], [92448.2, 0.002], [92448.3, 0.367], [92448.7, 0.109], [92448.8, 0.003], [92448.9, 0.102], [92449.2, 0.002], [92449.5, 0.109], [92449.6, 0.003], [92449.8, 0.013], [92450.0, 0.004], [92450.1, 0.002], [92450.3, 0.112], [92450.4, 0.002], [92450.5, 0.006], [92450.7, 0.087], [92450.8, 0.005], [92451.0, 0.111], [92451.1, 0.002]], "timestamp": "2025-12-12T10:23:22.453193+00:00"}, {"symbol": "BTCUSDT", "bids": [[92444.9, 5.486], [92444.8, 0.038], [92444.7, 0.071], [92444.4, 0.002], [92443.8, 0.002], [92443.7, 0.065], [92443.0, 0.032], [92442.8, 0.007], [92442.7, 0.003], [92442.5, 0.002], [92442.0, 0.005], [92441.8, 0.003], [92441.6, 0.587], [92441.5, 1.715], [92441.4, 0.004], [92441.1, 0.005], [92441.0, 0.052], [92440.9, 0.008], [92440.7, 0.003], [92440.6, 0.111]], "asks": [[92445.0, 5.145], [92445.1, 0.002], [92445.2, 0.011], [92445.3, 0.109], [92445.4, 0.003], [92445.9, 0.003], [92446.1, 0.111], [92446.2, 0.002], [92446.4, 0.002], [92446.6, 0.003], [92446.9, 0.109], [92447.0, 0.006], [92447.3, 0.008], [92447.5, 0.013], [92447.6, 0.002], [92447.8, 0.003], [92448.0, 0.071], [92448.2, 0.005], [92448.3, 0.012], [92448.5, 0.002]], "timestamp": "2025-12-12T10:24:15.946932+00:00"}, {"symbol": "BTCUSDT", "bids": [[92444.0, 3.256], [92443.9, 0.002], [92443.8, 0.003], [92443.4, 0.002], [92443.3, 0.003], [92443.2, 0.115], [92443.0, 0.003], [92442.6, 0.003], [92442.5, 0.002], [92442.1, 0.011], [92441.9, 0.003], [92441.8, 0.111], [92441.7, 0.003], [92441.6, 0.17], [92441.5, 0.463], [92441.3, 0.003], [92441.2, 0.002], [92440.9, 0.002], [92440.8, 0.003], [92440.7, 0.005]], "asks": [[92444.1, 13.327], [92444.2, 0.004], [92444.4, 0.003], [92444.8, 0.018], [92444.9, 0.003], [92445.0, 0.272], [92445.1, 0.806], [92445.2, 0.002], [92445.3, 0.031], [92445.4, 0.003], [92445.8, 0.523], [92445.9, 0.012], [92446.0, 0.021], [92446.1, 0.019], [92446.2, 0.037], [92446.3, 0.003], [92446.4, 0.109], [92446.6, 0.003], [92446.7, 0.011], [92447.0, 0.004]], "timestamp": "2025-12-12T10:25:10.013999+00:00"}, {"symbol": "BTCUSDT", "bids": [[92430.1, 4.289], [92430.0, 0.034], [92429.9, 0.022], [92429.8, 0.003], [92429.7, 0.008], [92429.6, 0.003], [92429.5, 0.003], [92429.4, 0.006], [92429.3, 0.011], [92429.1, 0.011], [92429.0, 0.004], [92428.8, 0.109], [92428.7, 0.005], [92428.6, 0.036], [92428.5, 0.036], [92428.4, 0.055], [92428.3, 0.036], [92428.2, 0.489], [92428.1, 1.127], [92428.0, 0.004]], "asks": [[92430.2, 1.822], [92430.3, 0.054], [92430.4, 0.002], [92430.6, 0.014], [92431.1, 0.003], [92431.6, 0.003], [92431.7, 0.002], [92432.1, 0.014], [92432.4, 0.005], [92432.5, 0.002], [92432.6, 0.005], [92433.1, 0.109], [92433.3, 0.008], [92433.4, 0.003], [92433.5, 0.002], [92433.8, 0.002], [92434.0, 0.121], [92434.1, 0.013], [92434.2, 0.006], [92434.3, 0.032]], "timestamp": "2025-12-12T10:26:03.467468+00:00"}, {"symbol": "BTCUSDT", "bids": [[92436.9, 0.488], [92436.8, 0.103], [92436.6, 0.009], [92436.4, 0.003], [92436.1, 0.002], [92435.5, 0.005], [92435.0, 0.004], [92434.9, 0.032], [92434.7, 0.006], [92434.6, 0.109], [92434.3, 0.987], [92434.2, 0.015], [92433.8, 0.003], [92433.7, 0.112], [92433.6, 0.028], [92433.1, 0.003], [92433.0, 0.002], [92432.9, 0.112], [92432.8, 0.002], [92432.6, 0.005]], "asks": [[92437.0, 6.49], [92437.1, 0.004], [92437.2, 0.016], [92437.6, 0.005], [92437.7, 0.002], [92437.8, 0.002], [92438.0, 0.047], [92438.1, 0.068], [92438.3, 0.003], [92438.6, 0.173], [92438.7, 0.114], [92439.0, 0.107], [92439.1, 0.003], [92439.2, 0.006], [92439.3, 0.003], [92439.4, 0.005], [92439.5, 0.109], [92439.6, 0.016], [92439.7, 0.003], [92439.8, 0.083]], "timestamp": "2025-12-12T10:26:57.227778+00:00"}, {"symbol": "BTCUSDT", "bids": [[92443.2, 1.075], [92443.1, 0.004], [92442.8, 0.011], [92442.7, 0.003], [92442.6, 0.032], [92442.5, 0.002], [92442.0, 0.003], [92441.6, 0.061], [92441.3, 0.003], [92441.1, 0.002], [92440.8, 0.328], [92440.7, 1.027], [92440.6, 0.002], [92440.1, 0.003], [92440.0, 0.002], [92439.9, 0.003], [92439.8, 0.132], [92439.7, 0.002], [92439.3, 0.052], [92439.2, 0.006]], "asks": [[92443.3, 4.407], [92443.4, 0.006], [92443.5, 0.002], [92443.8, 0.387], [92443.9, 0.042], [92444.0, 0.008], [92444.3, 0.002], [92444.4, 0.003], [92444.5, 0.002], [92444.6, 0.111], [92444.8, 0.004], [92444.9, 0.003], [92445.0, 0.002], [92445.1, 0.002], [92445.4, 0.112], [92445.5, 0.002], [92445.6, 0.003], [92445.7, 0.226], [92445.8, 0.002], [92445.9, 0.012]], "timestamp": "2025-12-12T10:27:51.091077+00:00"}, {"symbol": "BTCUSDT", "bids": [[92432.5, 4.833], [92432.4, 0.006], [92432.1, 0.005], [92431.8, 0.119], [92431.5, 0.005], [92431.4, 0.003], [92431.0, 0.005], [92430.9, 0.111], [92430.8, 0.007], [92430.5, 0.002], [92430.4, 0.002], [92430.3, 0.16], [92430.2, 0.006], [92430.1, 0.002], [92430.0, 0.061], [92429.9, 0.019], [92429.8, 0.109], [92429.7, 0.005], [92429.6, 0.002], [92429.5, 0.002]], "asks": [[92432.6, 6.45], [92432.7, 0.004], [92432.8, 0.002], [92432.9, 0.246], [92433.1, 0.003], [92433.8, 0.007], [92433.9, 0.003], [92434.3, 0.002], [92434.4, 0.003], [92434.7, 0.011], [92434.9, 0.003], [92435.0, 0.005], [92435.3, 0.008], [92435.4, 0.005], [92435.6, 0.002], [92436.1, 0.005], [92436.2, 0.006], [92436.3, 0.003], [92436.4, 0.002], [92436.6, 0.014]], "timestamp": "2025-12-12T10:28:44.759112+00:00"}, {"symbol": "BTCUSDT", "bids": [[92424.0, 2.584], [92423.9, 0.004], [92423.6, 0.003], [92423.5, 0.002], [92423.2, 0.004], [92423.1, 0.003], [92422.9, 0.004], [92422.6, 0.002], [92422.5, 0.003], [92422.4, 0.002], [92422.3, 0.003], [92422.2, 0.002], [92422.1, 0.003], [92422.0, 0.003], [92421.7, 0.015], [92421.6, 0.022], [92421.4, 0.009], [92421.3, 0.111], [92421.2, 0.013], [92421.1, 0.002]], "asks": [[92424.1, 14.563], [92424.2, 0.194], [92424.3, 0.005], [92424.8, 0.005], [92424.9, 0.051], [92425.1, 0.109], [92425.2, 0.004], [92425.3, 0.003], [92426.0, 0.285], [92426.4, 0.013], [92426.5, 0.002], [92426.6, 0.003], [92426.8, 0.003], [92426.9, 0.113], [92427.2, 0.002], [92427.4, 0.003], [92427.6, 0.003], [92427.8, 0.427], [92427.9, 0.112], [92428.0, 0.002]], "timestamp": "2025-12-12T10:29:38.714646+00:00"}, {"symbol": "BTCUSDT", "bids": [[92415.5, 8.141], [92415.4, 0.006], [92415.2, 1.396], [92415.1, 2.96], [92415.0, 0.009], [92414.9, 0.052], [92414.7, 0.011], [92414.5, 0.003], [92414.3, 0.111], [92414.0, 0.007], [92413.9, 0.007], [92413.8, 0.089], [92413.7, 0.002], [92413.6, 0.007], [92413.5, 0.003], [92413.4, 0.002], [92413.0, 0.003], [92412.9, 0.003], [92412.7, 0.005], [92412.4, 0.002]], "asks": [[92415.6, 2.176], [92415.7, 0.008], [92415.9, 0.003], [92416.4, 0.006], [92417.1, 0.003], [92417.5, 0.002], [92417.6, 0.013], [92417.7, 0.003], [92417.8, 0.003], [92418.2, 0.003], [92418.5, 0.142], [92418.6, 0.002], [92418.7, 0.003], [92418.8, 0.004], [92418.9, 0.013], [92419.0, 1.432], [92419.1, 0.45], [92419.4, 0.002], [92419.5, 0.003], [92419.6, 0.002]], "timestamp": "2025-12-12T10:30:31.867704+00:00"}, {"symbol": "BTCUSDT", "bids": [[92424.1, 1.682], [92424.0, 0.002], [92423.6, 0.042], [92423.5, 0.002], [92423.3, 0.002], [92423.2, 0.006], [92423.1, 0.003], [92422.8, 0.003], [92422.6, 0.005], [92422.4, 0.002], [92422.2, 0.131], [92422.1, 0.173], [92421.9, 0.003], [92421.7, 0.002], [92421.6, 0.003], [92421.3, 0.002], [92421.1, 0.002], [92421.0, 0.002], [92420.9, 0.008], [92420.7, 0.002]], "asks": [[92424.2, 6.819], [92424.3, 0.047], [92424.5, 0.109], [92424.7, 0.003], [92424.9, 0.002], [92425.2, 0.015], [92425.4, 0.109], [92425.6, 0.003], [92425.8, 0.002], [92426.1, 0.008], [92426.2, 0.111], [92426.6, 1.444], [92426.7, 0.002], [92426.9, 0.003], [92427.1, 0.125], [92427.2, 0.006], [92427.3, 0.021], [92427.5, 0.014], [92427.7, 0.005], [92427.8, 0.005]], "timestamp": "2025-12-12T10:31:26.232543+00:00"}, {"symbol": "BTCUSDT", "bids": [[92432.6, 14.206], [92432.5, 0.117], [92432.4, 0.006], [92432.1, 1.026], [92431.8, 0.002], [92431.7, 1.109], [92431.6, 0.8], [92431.5, 0.002], [92431.2, 1.0], [92431.1, 0.927], [92431.0, 0.114], [92430.8, 0.002], [92430.7, 0.279], [92430.5, 0.003], [92430.4, 0.003], [92430.1, 1.005], [92430.0, 0.965], [92429.9, 0.881], [92429.6, 0.004], [92429.5, 0.006]], "asks": [[92432.7, 1.375], [92432.8, 0.005], [92433.1, 0.003], [92433.2, 0.002], [92433.4, 0.003], [92433.5, 0.002], [92433.6, 0.007], [92434.0, 0.003], [92434.2, 0.005], [92434.3, 0.002], [92434.4, 0.041], [92434.5, 0.054], [92434.6, 0.003], [92435.0, 0.004], [92435.1, 0.006], [92435.2, 0.003], [92435.4, 0.031], [92435.5, 0.002], [92435.6, 0.006], [92435.7, 0.002]], "timestamp": "2025-12-12T10:32:19.369549+00:00"}, {"symbol": "BTCUSDT", "bids": [[92431.3, 3.493], [92431.2, 0.14], [92430.9, 0.014], [92430.5, 0.014], [92430.3, 0.011], [92430.2, 0.003], [92430.0, 0.045], [92429.9, 0.109], [92429.6, 0.002], [92429.5, 0.003], [92429.4, 0.002], [92429.1, 0.003], [92429.0, 0.003], [92428.9, 0.109], [92428.7, 0.011], [92428.5, 0.003], [92428.4, 0.032], [92428.3, 0.004], [92428.2, 0.003], [92428.1, 0.067]], "asks": [[92431.4, 5.377], [92431.5, 0.002], [92431.6, 0.003], [92432.0, 0.002], [92432.1, 0.003], [92432.3, 0.005], [92432.4, 0.004], [92432.6, 0.002], [92432.8, 0.003], [92433.2, 0.003], [92433.4, 0.04], [92433.5, 0.002], [92433.6, 0.004], [92433.8, 0.008], [92433.9, 0.005], [92434.0, 0.003], [92434.1, 0.291], [92434.2, 0.002], [92434.3, 0.002], [92434.4, 0.039]], "timestamp": "2025-12-12T10:33:12.324156+00:00"}, {"symbol": "BTCUSDT", "bids": [[92412.7, 0.392], [92412.6, 0.004], [92412.4, 0.016], [92412.3, 0.002], [92412.1, 0.002], [92412.0, 0.695], [92411.9, 0.003], [92411.8, 0.003], [92411.5, 0.002], [92411.3, 0.014], [92411.2, 0.011], [92411.0, 0.002], [92410.6, 0.002], [92410.5, 0.005], [92410.0, 0.04], [92409.7, 0.003], [92409.6, 0.002], [92409.5, 0.013], [92409.4, 0.004], [92409.3, 0.004]], "asks": [[92412.8, 16.433], [92412.9, 0.06], [92413.0, 0.002], [92413.1, 0.002], [92413.7, 0.009], [92414.0, 0.004], [92414.2, 0.002], [92414.4, 0.003], [92414.5, 0.137], [92414.6, 0.003], [92414.7, 0.197], [92414.8, 0.002], [92415.0, 0.005], [92415.1, 0.005], [92415.3, 0.229], [92415.5, 0.003], [92415.7, 0.002], [92415.8, 0.006], [92415.9, 0.819], [92416.0, 0.118]], "timestamp": "2025-12-12T10:34:05.572168+00:00"}, {"symbol": "BTCUSDT", "bids": [[92426.3, 11.683], [92426.2, 0.019], [92426.1, 0.014], [92426.0, 0.003], [92425.9, 0.077], [92425.7, 0.28], [92425.6, 0.109], [92425.3, 0.005], [92425.2, 0.002], [92425.0, 0.421], [92424.8, 1.003], [92424.7, 0.149], [92424.4, 0.004], [92424.3, 0.003], [92424.1, 0.005], [92423.8, 0.003], [92423.5, 1.002], [92423.4, 0.815], [92423.3, 0.003], [92423.2, 0.005]], "asks": [[92426.4, 0.011], [92426.5, 0.005], [92427.0, 0.003], [92427.3, 0.01], [92427.4, 0.008], [92427.6, 0.003], [92427.7, 0.002], [92427.8, 0.004], [92428.0, 0.002], [92428.1, 0.007], [92428.2, 0.075], [92428.4, 0.024], [92428.7, 0.003], [92428.8, 0.003], [92429.0, 0.816], [92429.1, 0.037], [92429.2, 0.002], [92429.3, 0.005], [92429.5, 0.003], [92429.8, 0.003]], "timestamp": "2025-12-12T10:34:58.475915+00:00"}, {"symbol": "BTCUSDT", "bids": [[92409.6, 1.99], [92409.5, 0.004], [92409.4, 0.004], [92409.3, 0.002], [92409.0, 0.002], [92408.9, 0.032], [92408.8, 0.002], [92408.7, 0.005], [92408.4, 0.004], [92408.2, 0.003], [92408.1, 0.014], [92407.8, 0.002], [92407.7, 0.014], [92407.5, 0.056], [92407.2, 0.003], [92406.9, 0.005], [92406.7, 0.004], [92406.6, 0.003], [92406.5, 0.002], [92406.2, 0.002]], "asks": [[92409.7, 5.526], [92409.8, 0.006], [92410.0, 0.003], [92410.1, 0.011], [92410.2, 0.002], [92410.4, 0.05], [92410.6, 0.003], [92410.7, 0.008], [92410.9, 0.79], [92411.0, 0.834], [92411.2, 0.056], [92411.3, 0.003], [92411.4, 0.002], [92411.8, 0.005], [92411.9, 0.003], [92412.0, 0.019], [92412.1, 0.247], [92412.2, 0.011], [92412.3, 0.002], [92412.4, 0.011]], "timestamp": "2025-12-12T10:35:52.172471+00:00"}