[{"id": "3011477518", "price": 90327.5, "amount": 0.005, "side": "buy", "timestamp": 1765582965805}, {"id": "3011477519", "price": 90327.6, "amount": 0.117, "side": "buy", "timestamp": 1765582965805}, {"id": "3011477520", "price": 90327.8, "amount": 0.002, "side": "buy", "timestamp": 1765582965805}, {"id": "3011477521", "price": 90327.9, "amount": 0.013, "side": "buy", "timestamp": 1765582965805}, {"id": "3011477522", "price": 90328.0, "amount": 0.009, "side": "buy", "timestamp": 1765582965805}, {"id": "3011477523", "price": 90328.2, "amount": 0.003, "side": "buy", "timestamp": 1765582965805}, {"id": "3011477524", "price": 90328.3, "amount": 0.002, "side": "buy", "timestamp": 1765582965805}, {"id": "3011477525", "price": 90328.4, "amount": 0.113, "side": "buy", "timestamp": 1765582965805}, {"id": "3011477526", "price": 90328.5, "amount": 0.029, "side": "buy", "timestamp": 1765582965805}, {"id": "3011477527", "price": 90328.6, "amount": 0.02, "side": "buy", "timestamp": 1765582965805}, {"id": "3011477528", "price": 90328.7, "amount": 0.013, "side": "buy", "timestamp": 1765582965805}, {"id": "3011477529", "price": 90328.9, "amount": 0.367, "side": "buy", "timestamp": 1765582965805}, {"id": "3011477530", "price": 90329.0, "amount": 0.013, "side": "buy", "timestamp": 1765582965805}, {"id": "3011477531", "price": 90329.1, "amount": 0.289, "side": "buy", "timestamp": 1765582965805}, {"id": "3011477532", "price": 90329.2, "amount": 0.017, "side": "buy", "timestamp": 1765582965805}, {"id": "3011477533", "price": 90329.3, "amount": 0.004, "side": "buy", "timestamp": 1765582965805}, {"id": "3011477534", "price": 90329.5, "amount": 0.002, "side": "buy", "timestamp": 1765582965805}, {"id": "3011477535", "price": 90329.6, "amount": 0.005, "side": "buy", "timestamp": 1765582965805}, {"id": "3011477536", "price": 90329.7, "amount": 0.003, "side": "buy", "timestamp": 1765582965805}, {"id": "3011477537", "price": 90329.8, "amount": 0.813, "side": "buy", "timestamp": 1765582965805}, {"id": "3011477538", "price": 90329.9, "amount": 0.025, "side": "buy", "timestamp": 1765582965805}, {"id": "3011477539", "price": 90330.0, "amount": 0.093, "side": "buy", "timestamp": 1765582965805}, {"id": "3011477540", "price": 90330.1, "amount": 0.007, "side": "buy", "timestamp": 1765582965805}, {"id": "3011477541", "price": 90330.2, "amount": 0.005, "side": "buy", "timestamp": 1765582965805}, {"id": "3011477542", "price": 90330.3, "amount": 0.013, "side": "buy", "timestamp": 1765582965805}, {"id": "3011477543", "price": 90330.5, "amount": 0.035, "side": "buy", "timestamp": 1765582965805}, {"id": "3011477544", "price": 90330.7, "amount": 0.158, "side": "buy", "timestamp": 1765582965805}, {"id": "3011477545", "price": 90330.8, "amount": 0.004, "side": "buy", "timestamp": 1765582965805}, {"id": "3011477546", "price": 90331.0, "amount": 0.017, "side": "buy", "timestamp": 1765582965805}, {"id": "3011477547", "price": 90331.1, "amount": 0.002, "side": "buy", "timestamp": 1765582965805}, {"id": "3011477548", "price": 90331.2, "amount": 0.038, "side": "buy", "timestamp": 1765582965805}, {"id": "3011477549", "price": 90331.3, "amount": 0.003, "side": "buy", "timestamp": 1765582965805}, {"id": "3011477550", "price": 90331.4, "amount": 0.012, "side": "buy", "timestamp": 1765582965805}, {"id": "3011477551", "price": 90331.5, "amount": 0.004, "side": "buy", "timestamp": 1765582965805}, {"id": "3011477552", "price": 90331.6, "amount": 0.114, "side": "buy", "timestamp": 1765582965805}, {"id": "3011477553", "price": 90331.7, "amount": 0.143, "side": "buy", "timestamp": 1765582965805}, {"id": "3011477554", "price": 90331.8, "amount": 0.002, "side": "buy", "timestamp": 1765582965805}, {"id": "3011477555", "price": 90331.9, "amount": 0.012, "side": "buy", "timestamp": 1765582965805}, {"id": "3011477556", "price": 90332.0, "amount": 0.021, "side": "buy", "timestamp": 1765582965805}, {"id": "3011477557", "price": 90332.2, "amount": 0.003, "side": "buy", "timestamp": 1765582965805}, {"id": "3011477558", "price": 90332.3, "amount": 0.016, "side": "buy", "timestamp": 1765582965805}, {"id": "3011477559", "price": 90332.4, "amount": 0.113, "side": "buy", "timestamp": 1765582965805}, {"id": "3011477560", "price": 90332.5, "amount": 0.002, "side": "buy", "timestamp": 1765582965805}, {"id": "3011477561", "price": 90332.6, "amount": 0.013, "side": "buy", "timestamp": 1765582965805}, {"id": "3011477562", "price": 90332.7, "amount": 0.008, "side": "buy", "timestamp": 1765582965805}, {"id": "3011477563", "price": 90332.8, "amount": 0.002, "side": "buy", "timestamp": 1765582965805}, {"id": "3011477564", "price": 90332.9, "amount": 0.199, "side": "buy", "timestamp": 1765582965805}, {"id": "3011477565", "price": 90333.0, "amount": 0.472, "side": "buy", "timestamp": 1765582965805}, {"id": "3011477566", "price": 90333.1, "amount": 0.52, "side": "buy", "timestamp": 1765582965805}, {"id": "3011477567", "price": 90333.2, "amount": 0.433, "side": "buy", "timestamp": 1765582965805}, {"id": "3011477687", "price": 90324.0, "amount": 0.01, "side": "buy", "timestamp": 1765582998638}, {"id": "3011477688", "price": 90323.9, "amount": 0.024, "side": "sell", "timestamp": 1765582998679}, {"id": "3011477689", "price": 90323.9, "amount": 0.003, "side": "sell", "timestamp": 1765582999368}, {"id": "3011477690", "price": 90323.9, "amount": 0.024, "side": "sell", "timestamp": 1765582999721}, {"id": "3011477691", "price": 90323.9, "amount": 0.002, "side": "sell", "timestamp": 1765583000106}, {"id": "3011477692", "price": 90323.9, "amount": 0.024, "side": "sell", "timestamp": 1765583000690}, {"id": "3011477693", "price": 90323.9, "amount": 0.024, "side": "sell", "timestamp": 1765583001737}, {"id": "3011477694", "price": 90323.9, "amount": 0.001, "side": "sell", "timestamp": 1765583002517}, {"id": "3011477695", "price": 90323.9, "amount": 0.024, "side": "sell", "timestamp": 1765583002664}, {"id": "3011477696", "price": 90323.9, "amount": 0.024, "side": "sell", "timestamp": 1765583003717}, {"id": "3011477697", "price": 90323.9, "amount": 0.175, "side": "sell", "timestamp": 1765583003954}, {"id": "3011477698", "price": 90323.8, "amount": 0.002, "side": "sell", "timestamp": 1765583004034}, {"id": "3011477699", "price": 90323.4, "amount": 0.003, "side": "sell", "timestamp": 1765583004034}, {"id": "3011477700", "price": 90323.3, "amount": 0.002, "side": "sell", "timestamp": 1765583004034}, {"id": "3011477701", "price": 90323.2, "amount": 0.002, "side": "sell", "timestamp": 1765583004034}, {"id": "3011477702", "price": 90323.0, "amount": 0.002, "side": "sell", "timestamp": 1765583004034}, {"id": "3011477703", "price": 90322.9, "amount": 0.003, "side": "sell", "timestamp": 1765583004034}, {"id": "3011477704", "price": 90322.7, "amount": 0.015, "side": "sell", "timestamp": 1765583004769}, {"id": "3011477705", "price": 90322.7, "amount": 0.024, "side": "sell", "timestamp": 1765583004882}, {"id": "3011477706", "price": 90322.7, "amount": 0.024, "side": "sell", "timestamp": 1765583005911}, {"id": "3011477707", "price": 90322.7, "amount": 0.004, "side": "sell", "timestamp": 1765583006122}, {"id": "3011477708", "price": 90322.8, "amount": 0.008, "side": "buy", "timestamp": 1765583006659}, {"id": "3011477709", "price": 90322.7, "amount": 0.025, "side": "sell", "timestamp": 1765583006894}, {"id": "3011477710", "price": 90322.7, "amount": 0.003, "side": "sell", "timestamp": 1765583007638}, {"id": "3011477711", "price": 90322.8, "amount": 0.002, "side": "buy", "timestamp": 1765583007717}, {"id": "3011477712", "price": 90322.7, "amount": 0.023, "side": "sell", "timestamp": 1765583007885}, {"id": "3011477713", "price": 90322.8, "amount": 0.038, "side": "buy", "timestamp": 1765583008918}, {"id": "3011477714", "price": 90322.7, "amount": 0.023, "side": "sell", "timestamp": 1765583008921}, {"id": "3011477715", "price": 90322.7, "amount": 0.006, "side": "sell", "timestamp": 1765583009265}, {"id": "3011477716", "price": 90322.8, "amount": 0.002, "side": "buy", "timestamp": 1765583009268}, {"id": "3011477717", "price": 90322.7, "amount": 0.034, "side": "sell", "timestamp": 1765583009912}, {"id": "3011477718", "price": 90322.7, "amount": 0.004, "side": "sell", "timestamp": 1765583010079}, {"id": "3011477719", "price": 90322.7, "amount": 0.002, "side": "sell", "timestamp": 1765583010702}, {"id": "3011477720", "price": 90322.8, "amount": 0.382, "side": "buy", "timestamp": 1765583010849}, {"id": "3011477721", "price": 90322.7, "amount": 0.023, "side": "sell", "timestamp": 1765583010909}, {"id": "3011477722", "price": 90322.8, "amount": 0.055, "side": "buy", "timestamp": 1765583011258}, {"id": "3011477723", "price": 90322.7, "amount": 0.108, "side": "sell", "timestamp": 1765583011912}, {"id": "3011477724", "price": 90322.7, "amount": 0.023, "side": "sell", "timestamp": 1765583012934}, {"id": "3011477725", "price": 90322.7, "amount": 0.023, "side": "sell", "timestamp": 1765583014008}, {"id": "3011477726", "price": 90322.8, "amount": 0.016, "side": "buy", "timestamp": 1765583014054}, {"id": "3011477727", "price": 90322.8, "amount": 0.004, "side": "buy", "timestamp": 1765583014301}, {"id": "3011477728", "price": 90322.7, "amount": 0.125, "side": "sell", "timestamp": 1765583014706}, {"id": "3011477729", "price": 90322.7, "amount": 0.023, "side": "sell", "timestamp": 1765583014992}, {"id": "3011477730", "price": 90322.7, "amount": 0.002, "side": "sell", "timestamp": 1765583015203}, {"id": "3011477731", "price": 90322.8, "amount": 0.005, "side": "buy", "timestamp": 1765583015778}, {"id": "3011477732", "price": 90322.7, "amount": 0.023, "side": "sell", "timestamp": 1765583015910}, {"id": "3011477733", "price": 90322.7, "amount": 0.002, "side": "sell", "timestamp": 1765583016104}, {"id": "3011477734", "price": 90322.7, "amount": 0.023, "side": "sell", "timestamp": 1765583016935}, {"id": "3011477735", "price": 90322.7, "amount": 0.002, "side": "sell", "timestamp": 1765583017675}, {"id": "3011477736", "price": 90322.7, "amount": 0.004, "side": "sell", "timestamp": 1765583018238}, {"id": "3011477796", "price": 90316.9, "amount": 0.029, "side": "sell", "timestamp": 1765583036887}, {"id": "3011477797", "price": 90317.0, "amount": 0.005, "side": "buy", "timestamp": 1765583037679}, {"id": "3011477798", "price": 90316.9, "amount": 0.002, "side": "sell", "timestamp": 1765583039481}, {"id": "3011477799", "price": 90317.0, "amount": 0.033, "side": "buy", "timestamp": 1765583039690}, {"id": "3011477800", "price": 90316.9, "amount": 0.004, "side": "sell", "timestamp": 1765583040032}, {"id": "3011477801", "price": 90317.0, "amount": 0.02, "side": "buy", "timestamp": 1765583040655}, {"id": "3011477802", "price": 90317.0, "amount": 0.002, "side": "buy", "timestamp": 1765583040822}, {"id": "3011477803", "price": 90317.0, "amount": 0.003, "side": "buy", "timestamp": 1765583042057}, {"id": "3011477804", "price": 90317.0, "amount": 0.21, "side": "buy", "timestamp": 1765583042644}, {"id": "3011477805", "price": 90317.0, "amount": 0.003, "side": "buy", "timestamp": 1765583044307}, {"id": "3011477806", "price": 90317.0, "amount": 0.271, "side": "buy", "timestamp": 1765583044510}, {"id": "3011477807", "price": 90316.9, "amount": 0.005, "side": "sell", "timestamp": 1765583044596}, {"id": "3011477808", "price": 90316.9, "amount": 0.002, "side": "sell", "timestamp": 1765583046117}, {"id": "3011477809", "price": 90316.9, "amount": 0.01, "side": "sell", "timestamp": 1765583046946}, {"id": "3011477810", "price": 90316.9, "amount": 0.003, "side": "sell", "timestamp": 1765583047724}, {"id": "3011477811", "price": 90316.9, "amount": 0.002, "side": "sell", "timestamp": 1765583050067}, {"id": "3011477812", "price": 90317.0, "amount": 0.007, "side": "buy", "timestamp": 1765583050124}, {"id": "3011477813", "price": 90316.9, "amount": 0.006, "side": "sell", "timestamp": 1765583050345}, {"id": "3011477814", "price": 90317.0, "amount": 0.002, "side": "buy", "timestamp": 1765583050862}, {"id": "3011477815", "price": 90317.0, "amount": 0.026, "side": "buy", "timestamp": 1765583051761}, {"id": "3011477816", "price": 90316.9, "amount": 0.002, "side": "sell", "timestamp": 1765583052144}, {"id": "3011477817", "price": 90316.9, "amount": 0.002, "side": "sell", "timestamp": 1765583053862}, {"id": "3011477818", "price": 90317.0, "amount": 0.276, "side": "buy", "timestamp": 1765583053906}, {"id": "3011477819", "price": 90317.0, "amount": 0.084, "side": "buy", "timestamp": 1765583054315}, {"id": "3011477820", "price": 90317.0, "amount": 0.004, "side": "buy", "timestamp": 1765583057833}, {"id": "3011477821", "price": 90316.9, "amount": 0.002, "side": "sell", "timestamp": 1765583058018}, {"id": "3011477822", "price": 90316.9, "amount": 0.002, "side": "sell", "timestamp": 1765583058193}, {"id": "3011477823", "price": 90317.0, "amount": 0.004, "side": "buy", "timestamp": 1765583058413}, {"id": "3011477824", "price": 90316.9, "amount": 0.002, "side": "sell", "timestamp": 1765583060102}, {"id": "3011477825", "price": 90316.9, "amount": 0.022, "side": "sell", "timestamp": 1765583060613}, {"id": "3011477826", "price": 90317.0, "amount": 0.015, "side": "buy", "timestamp": 1765583060989}, {"id": "3011477827", "price": 90317.0, "amount": 1.107, "side": "buy", "timestamp": 1765583063004}, {"id": "3011477828", "price": 90316.9, "amount": 0.002, "side": "sell", "timestamp": 1765583064038}, {"id": "3011477829", "price": 90317.0, "amount": 0.007, "side": "buy", "timestamp": 1765583064086}, {"id": "3011477830", "price": 90316.9, "amount": 2.0, "side": "sell", "timestamp": 1765583064695}, {"id": "3011477831", "price": 90317.0, "amount": 0.002, "side": "buy", "timestamp": 1765583065243}, {"id": "3011477832", "price": 90317.0, "amount": 0.003, "side": "buy", "timestamp": 1765583066310}, {"id": "3011477833", "price": 90317.0, "amount": 0.003, "side": "buy", "timestamp": 1765583067449}, {"id": "3011477834", "price": 90317.0, "amount": 0.003, "side": "buy", "timestamp": 1765583068146}, {"id": "3011477835", "price": 90316.9, "amount": 0.004, "side": "sell", "timestamp": 1765583068192}, {"id": "3011477836", "price": 90316.9, "amount": 0.156, "side": "sell", "timestamp": 1765583068382}, {"id": "3011477837", "price": 90316.9, "amount": 0.003, "side": "sell", "timestamp": 1765583068541}, {"id": "3011477838", "price": 90317.0, "amount": 0.002, "side": "buy", "timestamp": 1765583069434}, {"id": "3011477839", "price": 90316.9, "amount": 0.02, "side": "sell", "timestamp": 1765583070021}, {"id": "3011477840", "price": 90316.9, "amount": 0.002, "side": "sell", "timestamp": 1765583070144}, {"id": "3011477841", "price": 90317.0, "amount": 0.002, "side": "buy", "timestamp": 1765583070357}, {"id": "3011477842", "price": 90317.0, "amount": 0.001, "side": "buy", "timestamp": 1765583071014}, {"id": "3011477843", "price": 90316.9, "amount": 0.002, "side": "sell", "timestamp": 1765583071200}, {"id": "3011477844", "price": 90316.9, "amount": 0.002, "side": "sell", "timestamp": 1765583072363}, {"id": "3011477845", "price": 90317.0, "amount": 0.005, "side": "buy", "timestamp": 1765583072454}, {"id": "3011477870", "price": 90316.9, "amount": 0.002, "side": "sell", "timestamp": 1765583090202}, {"id": "3011477871", "price": 90316.9, "amount": 0.05, "side": "sell", "timestamp": 1765583093431}, {"id": "3011477872", "price": 90316.9, "amount": 0.002, "side": "sell", "timestamp": 1765583094101}, {"id": "3011477873", "price": 90317.0, "amount": 0.022, "side": "buy", "timestamp": 1765583094786}, {"id": "3011477874", "price": 90317.0, "amount": 0.006, "side": "buy", "timestamp": 1765583096305}, {"id": "3011477875", "price": 90316.9, "amount": 0.006, "side": "sell", "timestamp": 1765583096458}, {"id": "3011477876", "price": 90317.0, "amount": 0.002, "side": "buy", "timestamp": 1765583096899}, {"id": "3011477877", "price": 90316.9, "amount": 0.019, "side": "sell", "timestamp": 1765583098025}, {"id": "3011477878", "price": 90316.9, "amount": 0.106, "side": "sell", "timestamp": 1765583098198}, {"id": "3011477879", "price": 90316.9, "amount": 0.004, "side": "sell", "timestamp": 1765583100035}, {"id": "3011477880", "price": 90316.9, "amount": 0.002, "side": "sell", "timestamp": 1765583100163}, {"id": "3011477881", "price": 90316.9, "amount": 0.018, "side": "sell", "timestamp": 1765583100458}, {"id": "3011477882", "price": 90317.0, "amount": 0.05, "side": "buy", "timestamp": 1765583100586}, {"id": "3011477883", "price": 90317.0, "amount": 0.008, "side": "buy", "timestamp": 1765583100718}, {"id": "3011477884", "price": 90317.0, "amount": 0.013, "side": "buy", "timestamp": 1765583100893}, {"id": "3011477885", "price": 90317.0, "amount": 0.011, "side": "buy", "timestamp": 1765583101491}, {"id": "3011477886", "price": 90317.0, "amount": 0.023, "side": "buy", "timestamp": 1765583101704}, {"id": "3011477887", "price": 90316.9, "amount": 0.002, "side": "sell", "timestamp": 1765583102249}, {"id": "3011477888", "price": 90316.9, "amount": 0.005, "side": "sell", "timestamp": 1765583102625}, {"id": "3011477889", "price": 90317.0, "amount": 0.02, "side": "buy", "timestamp": 1765583102646}, {"id": "3011477890", "price": 90316.9, "amount": 0.038, "side": "sell", "timestamp": 1765583102862}, {"id": "3011477891", "price": 90316.9, "amount": 0.005, "side": "sell", "timestamp": 1765583103481}, {"id": "3011477892", "price": 90316.9, "amount": 0.004, "side": "sell", "timestamp": 1765583103619}, {"id": "3011477893", "price": 90317.0, "amount": 0.328, "side": "buy", "timestamp": 1765583104231}, {"id": "3011477894", "price": 90316.9, "amount": 0.047, "side": "sell", "timestamp": 1765583104361}, {"id": "3011477895", "price": 90317.0, "amount": 0.002, "side": "buy", "timestamp": 1765583104478}, {"id": "3011477896", "price": 90317.0, "amount": 0.002, "side": "buy", "timestamp": 1765583104813}, {"id": "3011477897", "price": 90316.9, "amount": 0.002, "side": "sell", "timestamp": 1765583106206}, {"id": "3011477898", "price": 90316.9, "amount": 0.008, "side": "sell", "timestamp": 1765583107332}, {"id": "3011477899", "price": 90316.9, "amount": 0.238, "side": "sell", "timestamp": 1765583109293}, {"id": "3011477900", "price": 90317.0, "amount": 0.044, "side": "buy", "timestamp": 1765583109381}, {"id": "3011477901", "price": 90317.0, "amount": 0.135, "side": "buy", "timestamp": 1765583109604}, {"id": "3011477902", "price": 90316.9, "amount": 0.002, "side": "sell", "timestamp": 1765583110081}, {"id": "3011477903", "price": 90316.9, "amount": 0.005, "side": "sell", "timestamp": 1765583110355}, {"id": "3011477904", "price": 90317.0, "amount": 0.003, "side": "buy", "timestamp": 1765583111737}, {"id": "3011477905", "price": 90316.9, "amount": 0.005, "side": "sell", "timestamp": 1765583112046}, {"id": "3011477906", "price": 90317.0, "amount": 0.004, "side": "buy", "timestamp": 1765583113069}, {"id": "3011477907", "price": 90316.9, "amount": 0.002, "side": "sell", "timestamp": 1765583116909}, {"id": "3011477908", "price": 90317.0, "amount": 0.008, "side": "buy", "timestamp": 1765583117685}, {"id": "3011477909", "price": 90316.9, "amount": 0.002, "side": "sell", "timestamp": 1765583118106}, {"id": "3011477910", "price": 90317.0, "amount": 0.002, "side": "buy", "timestamp": 1765583118235}, {"id": "3011477911", "price": 90316.9, "amount": 0.002, "side": "sell", "timestamp": 1765583119202}, {"id": "3011477912", "price": 90317.0, "amount": 0.008, "side": "buy", "timestamp": 1765583119422}, {"id": "3011477913", "price": 90316.9, "amount": 0.002, "side": "sell", "timestamp": 1765583120117}, {"id": "3011477914", "price": 90316.9, "amount": 0.05, "side": "sell", "timestamp": 1765583121416}, {"id": "3011477915", "price": 90316.9, "amount": 0.022, "side": "sell", "timestamp": 1765583121705}, {"id": "3011477916", "price": 90317.0, "amount": 0.137, "side": "buy", "timestamp": 1765583121835}, {"id": "3011477917", "price": 90316.9, "amount": 0.002, "side": "sell", "timestamp": 1765583124138}, {"id": "3011477918", "price": 90316.9, "amount": 0.002, "side": "sell", "timestamp": 1765583124993}, {"id": "3011477919", "price": 90317.0, "amount": 0.002, "side": "buy", "timestamp": 1765583125184}, {"id": "3011478117", "price": 90295.9, "amount": 0.003, "side": "sell", "timestamp": 1765583170279}, {"id": "3011478118", "price": 90295.7, "amount": 0.003, "side": "sell", "timestamp": 1765583170279}, {"id": "3011478119", "price": 90295.6, "amount": 0.003, "side": "sell", "timestamp": 1765583170280}, {"id": "3011478120", "price": 90295.4, "amount": 0.011, "side": "sell", "timestamp": 1765583170280}, {"id": "3011478121", "price": 90295.1, "amount": 0.005, "side": "sell", "timestamp": 1765583170280}, {"id": "3011478122", "price": 90295.0, "amount": 0.023, "side": "sell", "timestamp": 1765583170289}, {"id": "3011478123", "price": 90294.9, "amount": 0.005, "side": "sell", "timestamp": 1765583170292}, {"id": "3011478124", "price": 90294.6, "amount": 0.003, "side": "sell", "timestamp": 1765583170292}, {"id": "3011478125", "price": 90294.5, "amount": 0.04, "side": "sell", "timestamp": 1765583170292}, {"id": "3011478126", "price": 90294.4, "amount": 0.002, "side": "sell", "timestamp": 1765583170295}, {"id": "3011478127", "price": 90294.2, "amount": 0.002, "side": "sell", "timestamp": 1765583170295}, {"id": "3011478128", "price": 90294.1, "amount": 0.003, "side": "sell", "timestamp": 1765583170295}, {"id": "3011478129", "price": 90294.0, "amount": 0.003, "side": "sell", "timestamp": 1765583170295}, {"id": "3011478130", "price": 90293.6, "amount": 0.003, "side": "sell", "timestamp": 1765583170295}, {"id": "3011478131", "price": 90293.4, "amount": 0.003, "side": "sell", "timestamp": 1765583170295}, {"id": "3011478132", "price": 90293.3, "amount": 0.002, "side": "sell", "timestamp": 1765583170295}, {"id": "3011478133", "price": 90293.2, "amount": 0.002, "side": "sell", "timestamp": 1765583170295}, {"id": "3011478134", "price": 90293.1, "amount": 0.006, "side": "sell", "timestamp": 1765583170295}, {"id": "3011478135", "price": 90292.6, "amount": 0.052, "side": "sell", "timestamp": 1765583170298}, {"id": "3011478136", "price": 90292.7, "amount": 0.003, "side": "buy", "timestamp": 1765583170549}, {"id": "3011478137", "price": 90292.6, "amount": 0.032, "side": "sell", "timestamp": 1765583170892}, {"id": "3011478138", "price": 90292.6, "amount": 0.002, "side": "sell", "timestamp": 1765583171698}, {"id": "3011478139", "price": 90292.7, "amount": 0.1, "side": "buy", "timestamp": 1765583172959}, {"id": "3011478140", "price": 90292.6, "amount": 0.046, "side": "sell", "timestamp": 1765583173034}, {"id": "3011478141", "price": 90292.7, "amount": 1.0, "side": "buy", "timestamp": 1765583173501}, {"id": "3011478142", "price": 90292.6, "amount": 0.165, "side": "sell", "timestamp": 1765583173549}, {"id": "3011478143", "price": 90292.6, "amount": 0.002, "side": "sell", "timestamp": 1765583173812}, {"id": "3011478144", "price": 90292.6, "amount": 0.01, "side": "sell", "timestamp": 1765583174018}, {"id": "3011478145", "price": 90292.7, "amount": 0.003, "side": "buy", "timestamp": 1765583174321}, {"id": "3011478146", "price": 90292.7, "amount": 0.002, "side": "buy", "timestamp": 1765583174775}, {"id": "3011478147", "price": 90292.6, "amount": 0.01, "side": "sell", "timestamp": 1765583175266}, {"id": "3011478148", "price": 90292.6, "amount": 0.221, "side": "sell", "timestamp": 1765583175384}, {"id": "3011478149", "price": 90292.7, "amount": 0.014, "side": "buy", "timestamp": 1765583175893}, {"id": "3011478150", "price": 90292.6, "amount": 0.002, "side": "sell", "timestamp": 1765583176588}, {"id": "3011478151", "price": 90292.7, "amount": 0.1, "side": "buy", "timestamp": 1765583177327}, {"id": "3011478152", "price": 90292.6, "amount": 0.341, "side": "sell", "timestamp": 1765583177360}, {"id": "3011478153", "price": 90292.5, "amount": 0.007, "side": "sell", "timestamp": 1765583177364}, {"id": "3011478154", "price": 90291.8, "amount": 0.007, "side": "sell", "timestamp": 1765583177364}, {"id": "3011478155", "price": 90291.6, "amount": 0.004, "side": "sell", "timestamp": 1765583177364}, {"id": "3011478156", "price": 90291.5, "amount": 0.002, "side": "sell", "timestamp": 1765583177364}, {"id": "3011478157", "price": 90291.4, "amount": 0.004, "side": "sell", "timestamp": 1765583177364}, {"id": "3011478158", "price": 90291.3, "amount": 0.003, "side": "sell", "timestamp": 1765583177364}, {"id": "3011478159", "price": 90290.8, "amount": 0.003, "side": "sell", "timestamp": 1765583177364}, {"id": "3011478160", "price": 90290.6, "amount": 0.002, "side": "sell", "timestamp": 1765583177364}, {"id": "3011478161", "price": 90290.4, "amount": 0.003, "side": "sell", "timestamp": 1765583177364}, {"id": "3011478162", "price": 90290.3, "amount": 0.003, "side": "sell", "timestamp": 1765583177364}, {"id": "3011478163", "price": 90290.0, "amount": 0.035, "side": "sell", "timestamp": 1765583177366}, {"id": "3011478164", "price": 90290.0, "amount": 0.019, "side": "sell", "timestamp": 1765583178151}, {"id": "3011478165", "price": 90290.0, "amount": 0.068, "side": "sell", "timestamp": 1765583179035}, {"id": "3011478166", "price": 90290.1, "amount": 0.002, "side": "buy", "timestamp": 1765583179116}, {"id": "3011478277", "price": 90280.1, "amount": 0.003, "side": "buy", "timestamp": 1765583207665}, {"id": "3011478278", "price": 90280.1, "amount": 0.044, "side": "buy", "timestamp": 1765583208078}, {"id": "3011478279", "price": 90280.0, "amount": 0.002, "side": "sell", "timestamp": 1765583208143}, {"id": "3011478280", "price": 90280.0, "amount": 0.004, "side": "sell", "timestamp": 1765583209404}, {"id": "3011478281", "price": 90280.0, "amount": 0.03, "side": "sell", "timestamp": 1765583209632}, {"id": "3011478282", "price": 90280.0, "amount": 0.002, "side": "sell", "timestamp": 1765583210386}, {"id": "3011478283", "price": 90280.1, "amount": 0.044, "side": "buy", "timestamp": 1765583210507}, {"id": "3011478284", "price": 90280.0, "amount": 0.04, "side": "sell", "timestamp": 1765583211099}, {"id": "3011478285", "price": 90280.1, "amount": 0.013, "side": "buy", "timestamp": 1765583211422}, {"id": "3011478286", "price": 90280.0, "amount": 0.005, "side": "sell", "timestamp": 1765583211838}, {"id": "3011478287", "price": 90280.1, "amount": 0.005, "side": "buy", "timestamp": 1765583211870}, {"id": "3011478288", "price": 90280.1, "amount": 0.008, "side": "buy", "timestamp": 1765583212023}, {"id": "3011478289", "price": 90280.0, "amount": 0.002, "side": "sell", "timestamp": 1765583212960}, {"id": "3011478290", "price": 90280.0, "amount": 0.016, "side": "sell", "timestamp": 1765583213386}, {"id": "3011478291", "price": 90280.0, "amount": 0.007, "side": "sell", "timestamp": 1765583214300}, {"id": "3011478292", "price": 90280.0, "amount": 0.005, "side": "sell", "timestamp": 1765583214484}, {"id": "3011478293", "price": 90280.0, "amount": 0.005, "side": "sell", "timestamp": 1765583215933}, {"id": "3011478294", "price": 90280.1, "amount": 0.016, "side": "buy", "timestamp": 1765583216145}, {"id": "3011478295", "price": 90280.1, "amount": 0.009, "side": "buy", "timestamp": 1765583216320}, {"id": "3011478296", "price": 90280.1, "amount": 0.003, "side": "buy", "timestamp": 1765583216813}, {"id": "3011478297", "price": 90280.1, "amount": 0.007, "side": "buy", "timestamp": 1765583217058}, {"id": "3011478298", "price": 90280.1, "amount": 0.015, "side": "buy", "timestamp": 1765583217453}, {"id": "3011478299", "price": 90280.0, "amount": 0.005, "side": "sell", "timestamp": 1765583217525}, {"id": "3011478300", "price": 90280.0, "amount": 0.015, "side": "sell", "timestamp": 1765583217736}, {"id": "3011478301", "price": 90280.1, "amount": 0.01, "side": "buy", "timestamp": 1765583217854}, {"id": "3011478302", "price": 90280.0, "amount": 0.005, "side": "sell", "timestamp": 1765583219217}, {"id": "3011478303", "price": 90280.0, "amount": 0.111, "side": "sell", "timestamp": 1765583220582}, {"id": "3011478304", "price": 90280.0, "amount": 0.005, "side": "sell", "timestamp": 1765583220769}, {"id": "3011478305", "price": 90280.0, "amount": 0.002, "side": "sell", "timestamp": 1765583221227}, {"id": "3011478306", "price": 90280.0, "amount": 0.002, "side": "sell", "timestamp": 1765583221847}, {"id": "3011478307", "price": 90280.0, "amount": 0.762, "side": "sell", "timestamp": 1765583222087}, {"id": "3011478308", "price": 90280.0, "amount": 0.017, "side": "sell", "timestamp": 1765583222567}, {"id": "3011478309", "price": 90280.0, "amount": 0.085, "side": "sell", "timestamp": 1765583222998}, {"id": "3011478310", "price": 90280.0, "amount": 0.001, "side": "sell", "timestamp": 1765583223366}, {"id": "3011478311", "price": 90280.0, "amount": 0.005, "side": "sell", "timestamp": 1765583223514}, {"id": "3011478312", "price": 90280.0, "amount": 0.004, "side": "sell", "timestamp": 1765583223679}, {"id": "3011478313", "price": 90280.1, "amount": 0.018, "side": "buy", "timestamp": 1765583223969}, {"id": "3011478314", "price": 90280.0, "amount": 0.016, "side": "sell", "timestamp": 1765583224958}, {"id": "3011478315", "price": 90280.0, "amount": 0.028, "side": "sell", "timestamp": 1765583226202}, {"id": "3011478316", "price": 90280.0, "amount": 0.005, "side": "sell", "timestamp": 1765583226474}, {"id": "3011478317", "price": 90280.0, "amount": 0.023, "side": "sell", "timestamp": 1765583227344}, {"id": "3011478318", "price": 90280.0, "amount": 0.015, "side": "sell", "timestamp": 1765583227637}, {"id": "3011478319", "price": 90280.0, "amount": 0.078, "side": "sell", "timestamp": 1765583228190}, {"id": "3011478320", "price": 90280.1, "amount": 0.019, "side": "buy", "timestamp": 1765583228893}, {"id": "3011478321", "price": 90280.0, "amount": 0.002, "side": "sell", "timestamp": 1765583229278}, {"id": "3011478322", "price": 90280.0, "amount": 0.284, "side": "sell", "timestamp": 1765583229738}, {"id": "3011478323", "price": 90280.0, "amount": 0.002, "side": "sell", "timestamp": 1765583230190}, {"id": "3011478324", "price": 90280.0, "amount": 0.008, "side": "sell", "timestamp": 1765583230408}, {"id": "3011478325", "price": 90280.0, "amount": 0.074, "side": "sell", "timestamp": 1765583231371}, {"id": "3011478326", "price": 90280.1, "amount": 0.01, "side": "buy", "timestamp": 1765583231887}, {"id": "3011478337", "price": 90280.1, "amount": 0.001, "side": "buy", "timestamp": 1765583243525}, {"id": "3011478338", "price": 90280.0, "amount": 0.093, "side": "sell", "timestamp": 1765583245093}, {"id": "3011478339", "price": 90280.0, "amount": 0.018, "side": "sell", "timestamp": 1765583245572}, {"id": "3011478340", "price": 90280.0, "amount": 0.055, "side": "sell", "timestamp": 1765583246638}, {"id": "3011478341", "price": 90280.0, "amount": 0.002, "side": "sell", "timestamp": 1765583247717}, {"id": "3011478342", "price": 90280.1, "amount": 0.017, "side": "buy", "timestamp": 1765583248348}, {"id": "3011478343", "price": 90280.1, "amount": 0.008, "side": "buy", "timestamp": 1765583248675}, {"id": "3011478344", "price": 90280.1, "amount": 0.003, "side": "buy", "timestamp": 1765583248835}, {"id": "3011478345", "price": 90280.0, "amount": 0.2, "side": "sell", "timestamp": 1765583248870}, {"id": "3011478346", "price": 90280.1, "amount": 0.011, "side": "buy", "timestamp": 1765583249531}, {"id": "3011478347", "price": 90280.1, "amount": 0.012, "side": "buy", "timestamp": 1765583250893}, {"id": "3011478348", "price": 90280.1, "amount": 0.002, "side": "buy", "timestamp": 1765583251131}, {"id": "3011478349", "price": 90280.0, "amount": 0.002, "side": "sell", "timestamp": 1765583254143}, {"id": "3011478350", "price": 90280.1, "amount": 0.088, "side": "buy", "timestamp": 1765583255129}, {"id": "3011478351", "price": 90280.1, "amount": 0.003, "side": "buy", "timestamp": 1765583255277}, {"id": "3011478352", "price": 90280.1, "amount": 0.012, "side": "buy", "timestamp": 1765583257171}, {"id": "3011478353", "price": 90280.0, "amount": 0.006, "side": "sell", "timestamp": 1765583259442}, {"id": "3011478354", "price": 90280.1, "amount": 0.002, "side": "buy", "timestamp": 1765583259698}, {"id": "3011478355", "price": 90280.0, "amount": 0.021, "side": "sell", "timestamp": 1765583259935}, {"id": "3011478356", "price": 90280.0, "amount": 0.002, "side": "sell", "timestamp": 1765583260689}, {"id": "3011478357", "price": 90280.0, "amount": 0.005, "side": "sell", "timestamp": 1765583261388}, {"id": "3011478358", "price": 90280.0, "amount": 0.113, "side": "sell", "timestamp": 1765583264567}, {"id": "3011478359", "price": 90280.1, "amount": 0.049, "side": "buy", "timestamp": 1765583264875}, {"id": "3011478360", "price": 90280.0, "amount": 0.003, "side": "sell", "timestamp": 1765583265056}, {"id": "3011478361", "price": 90280.1, "amount": 0.002, "side": "buy", "timestamp": 1765583265513}, {"id": "3011478362", "price": 90280.1, "amount": 0.002, "side": "buy", "timestamp": 1765583265678}, {"id": "3011478363", "price": 90280.1, "amount": 0.106, "side": "buy", "timestamp": 1765583265851}, {"id": "3011478364", "price": 90280.0, "amount": 0.002, "side": "sell", "timestamp": 1765583267277}, {"id": "3011478365", "price": 90280.1, "amount": 0.01, "side": "buy", "timestamp": 1765583267801}, {"id": "3011478366", "price": 90280.0, "amount": 0.1, "side": "sell", "timestamp": 1765583268239}, {"id": "3011478367", "price": 90280.0, "amount": 0.002, "side": "sell", "timestamp": 1765583268501}, {"id": "3011478368", "price": 90280.1, "amount": 0.031, "side": "buy", "timestamp": 1765583268883}, {"id": "3011478369", "price": 90280.0, "amount": 0.004, "side": "sell", "timestamp": 1765583269536}, {"id": "3011478370", "price": 90280.0, "amount": 0.227, "side": "sell", "timestamp": 1765583273299}, {"id": "3011478371", "price": 90280.0, "amount": 0.005, "side": "sell", "timestamp": 1765583275641}, {"id": "3011478372", "price": 90280.1, "amount": 0.004, "side": "buy", "timestamp": 1765583277052}, {"id": "3011478373", "price": 90280.1, "amount": 0.011, "side": "buy", "timestamp": 1765583277619}, {"id": "3011478374", "price": 90280.1, "amount": 0.014, "side": "buy", "timestamp": 1765583277769}, {"id": "3011478375", "price": 90280.0, "amount": 0.766, "side": "sell", "timestamp": 1765583277897}, {"id": "3011478376", "price": 90280.1, "amount": 0.037, "side": "buy", "timestamp": 1765583278427}, {"id": "3011478377", "price": 90280.0, "amount": 0.002, "side": "sell", "timestamp": 1765583278588}, {"id": "3011478378", "price": 90280.1, "amount": 0.002, "side": "buy", "timestamp": 1765583279999}, {"id": "3011478379", "price": 90280.1, "amount": 0.19, "side": "buy", "timestamp": 1765583281464}, {"id": "3011478380", "price": 90280.0, "amount": 0.005, "side": "sell", "timestamp": 1765583282663}, {"id": "3011478381", "price": 90280.0, "amount": 0.002, "side": "sell", "timestamp": 1765583282988}, {"id": "3011478382", "price": 90280.1, "amount": 0.024, "side": "buy", "timestamp": 1765583284007}, {"id": "3011478383", "price": 90280.0, "amount": 0.006, "side": "sell", "timestamp": 1765583284645}, {"id": "3011478384", "price": 90280.0, "amount": 0.002, "side": "sell", "timestamp": 1765583285431}, {"id": "3011478385", "price": 90280.1, "amount": 0.008, "side": "buy", "timestamp": 1765583285619}, {"id": "3011478386", "price": 90280.0, "amount": 1.469, "side": "sell", "timestamp": 1765583285862}, {"id": "3011478385", "price": 90280.1, "amount": 0.008, "side": "buy", "timestamp": 1765583285619}, {"id": "3011478386", "price": 90280.0, "amount": 1.469, "side": "sell", "timestamp": 1765583285862}, {"id": "3011478387", "price": 90280.0, "amount": 0.011, "side": "sell", "timestamp": 1765583286776}, {"id": "3011478388", "price": 90280.1, "amount": 0.005, "side": "buy", "timestamp": 1765583286971}, {"id": "3011478389", "price": 90280.0, "amount": 0.018, "side": "sell", "timestamp": 1765583287536}, {"id": "3011478390", "price": 90280.0, "amount": 0.006, "side": "sell", "timestamp": 1765583289361}, {"id": "3011478391", "price": 90280.0, "amount": 0.022, "side": "sell", "timestamp": 1765583290760}, {"id": "3011478392", "price": 90280.0, "amount": 0.029, "side": "sell", "timestamp": 1765583291070}, {"id": "3011478393", "price": 90280.0, "amount": 0.057, "side": "sell", "timestamp": 1765583291963}, {"id": "3011478394", "price": 90280.0, "amount": 0.002, "side": "sell", "timestamp": 1765583293029}, {"id": "3011478395", "price": 90280.1, "amount": 0.002, "side": "buy", "timestamp": 1765583294345}, {"id": "3011478396", "price": 90280.0, "amount": 0.022, "side": "sell", "timestamp": 1765583295699}, {"id": "3011478397", "price": 90280.1, "amount": 0.11, "side": "buy", "timestamp": 1765583296831}, {"id": "3011478398", "price": 90280.0, "amount": 0.003, "side": "sell", "timestamp": 1765583297400}, {"id": "3011478399", "price": 90280.1, "amount": 0.03, "side": "buy", "timestamp": 1765583298856}, {"id": "3011478400", "price": 90280.0, "amount": 0.03, "side": "sell", "timestamp": 1765583299657}, {"id": "3011478401", "price": 90280.0, "amount": 0.008, "side": "sell", "timestamp": 1765583301137}, {"id": "3011478402", "price": 90280.0, "amount": 0.01, "side": "sell", "timestamp": 1765583301747}, {"id": "3011478403", "price": 90280.1, "amount": 0.006, "side": "buy", "timestamp": 1765583302459}, {"id": "3011478404", "price": 90280.1, "amount": 0.002, "side": "buy", "timestamp": 1765583303981}, {"id": "3011478405", "price": 90280.1, "amount": 0.5, "side": "buy", "timestamp": 1765583304503}, {"id": "3011478406", "price": 90280.0, "amount": 0.002, "side": "sell", "timestamp": 1765583307903}, {"id": "3011478407", "price": 90280.0, "amount": 0.005, "side": "sell", "timestamp": 1765583309511}, {"id": "3011478408", "price": 90280.1, "amount": 0.003, "side": "buy", "timestamp": 1765583309891}, {"id": "3011478409", "price": 90280.1, "amount": 0.001, "side": "buy", "timestamp": 1765583311655}, {"id": "3011478410", "price": 90280.0, "amount": 0.002, "side": "sell", "timestamp": 1765583311754}, {"id": "3011478411", "price": 90280.0, "amount": 0.076, "side": "sell", "timestamp": 1765583312291}, {"id": "3011478412", "price": 90280.1, "amount": 0.002, "side": "buy", "timestamp": 1765583312471}, {"id": "3011478413", "price": 90280.1, "amount": 0.002, "side": "buy", "timestamp": 1765583312615}, {"id": "3011478414", "price": 90280.0, "amount": 0.001, "side": "sell", "timestamp": 1765583312783}, {"id": "3011478415", "price": 90280.1, "amount": 0.031, "side": "buy", "timestamp": 1765583314284}, {"id": "3011478416", "price": 90280.1, "amount": 0.008, "side": "buy", "timestamp": 1765583315893}, {"id": "3011478417", "price": 90280.1, "amount": 0.003, "side": "buy", "timestamp": 1765583317534}, {"id": "3011478418", "price": 90280.1, "amount": 0.1, "side": "buy", "timestamp": 1765583320594}, {"id": "3011478419", "price": 90280.1, "amount": 0.697, "side": "buy", "timestamp": 1765583321933}, {"id": "3011478420", "price": 90280.0, "amount": 0.669, "side": "sell", "timestamp": 1765583322440}, {"id": "3011478421", "price": 90280.0, "amount": 0.003, "side": "sell", "timestamp": 1765583322639}, {"id": "3011478422", "price": 90280.0, "amount": 0.005, "side": "sell", "timestamp": 1765583323717}, {"id": "3011478423", "price": 90280.0, "amount": 0.019, "side": "sell", "timestamp": 1765583324436}, {"id": "3011478424", "price": 90280.1, "amount": 0.056, "side": "buy", "timestamp": 1765583324674}, {"id": "3011478425", "price": 90280.0, "amount": 0.002, "side": "sell", "timestamp": 1765583325443}, {"id": "3011478426", "price": 90280.1, "amount": 0.042, "side": "buy", "timestamp": 1765583325449}, {"id": "3011478427", "price": 90280.0, "amount": 0.009, "side": "sell", "timestamp": 1765583326801}, {"id": "3011478428", "price": 90280.0, "amount": 0.001, "side": "sell", "timestamp": 1765583327222}, {"id": "3011478429", "price": 90280.1, "amount": 0.02, "side": "buy", "timestamp": 1765583328522}, {"id": "3011478430", "price": 90280.0, "amount": 0.003, "side": "sell", "timestamp": 1765583332311}, {"id": "3011478431", "price": 90280.0, "amount": 0.011, "side": "sell", "timestamp": 1765583334013}, {"id": "3011478432", "price": 90280.1, "amount": 0.008, "side": "buy", "timestamp": 1765583336385}, {"id": "3011478433", "price": 90280.0, "amount": 0.104, "side": "sell", "timestamp": 1765583336863}, {"id": "3011478434", "price": 90280.0, "amount": 0.001, "side": "sell", "timestamp": 1765583338813}, {"id": "3011478540", "price": 90282.2, "amount": 0.19, "side": "sell", "timestamp": 1765583376503}, {"id": "3011478541", "price": 90282.3, "amount": 0.028, "side": "buy", "timestamp": 1765583377414}, {"id": "3011478542", "price": 90282.2, "amount": 0.011, "side": "sell", "timestamp": 1765583377574}, {"id": "3011478543", "price": 90282.3, "amount": 0.006, "side": "buy", "timestamp": 1765583377702}, {"id": "3011478544", "price": 90282.2, "amount": 0.012, "side": "sell", "timestamp": 1765583377734}, {"id": "3011478545", "price": 90282.3, "amount": 0.018, "side": "buy", "timestamp": 1765583377830}, {"id": "3011478546", "price": 90282.2, "amount": 0.005, "side": "sell", "timestamp": 1765583378902}, {"id": "3011478547", "price": 90282.2, "amount": 0.02, "side": "sell", "timestamp": 1765583379565}, {"id": "3011478548", "price": 90282.3, "amount": 0.01, "side": "buy", "timestamp": 1765583379992}, {"id": "3011478549", "price": 90282.3, "amount": 0.012, "side": "buy", "timestamp": 1765583380550}, {"id": "3011478550", "price": 90282.3, "amount": 0.016, "side": "buy", "timestamp": 1765583380838}, {"id": "3011478551", "price": 90282.2, "amount": 0.004, "side": "sell", "timestamp": 1765583381013}, {"id": "3011478552", "price": 90282.3, "amount": 0.053, "side": "buy", "timestamp": 1765583381119}, {"id": "3011478553", "price": 90282.3, "amount": 0.002, "side": "buy", "timestamp": 1765583381275}, {"id": "3011478554", "price": 90282.2, "amount": 0.056, "side": "sell", "timestamp": 1765583381329}, {"id": "3011478555", "price": 90282.3, "amount": 0.011, "side": "buy", "timestamp": 1765583381786}, {"id": "3011478556", "price": 90282.3, "amount": 0.018, "side": "buy", "timestamp": 1765583382711}, {"id": "3011478557", "price": 90282.2, "amount": 0.01, "side": "sell", "timestamp": 1765583382985}, {"id": "3011478558", "price": 90282.2, "amount": 0.005, "side": "sell", "timestamp": 1765583383353}, {"id": "3011478559", "price": 90282.2, "amount": 0.309, "side": "sell", "timestamp": 1765583383638}, {"id": "3011478560", "price": 90282.1, "amount": 0.025, "side": "sell", "timestamp": 1765583383638}, {"id": "3011478561", "price": 90282.0, "amount": 0.002, "side": "sell", "timestamp": 1765583383638}, {"id": "3011478562", "price": 90281.8, "amount": 0.006, "side": "sell", "timestamp": 1765583383641}, {"id": "3011478563", "price": 90281.3, "amount": 0.005, "side": "sell", "timestamp": 1765583383641}, {"id": "3011478564", "price": 90281.1, "amount": 0.015, "side": "buy", "timestamp": 1765583383644}, {"id": "3011478565", "price": 90281.0, "amount": 0.246, "side": "sell", "timestamp": 1765583383741}, {"id": "3011478566", "price": 90280.9, "amount": 0.034, "side": "sell", "timestamp": 1765583383745}, {"id": "3011478567", "price": 90280.8, "amount": 0.011, "side": "sell", "timestamp": 1765583383749}, {"id": "3011478568", "price": 90280.7, "amount": 0.003, "side": "sell", "timestamp": 1765583383749}, {"id": "3011478569", "price": 90280.6, "amount": 0.002, "side": "sell", "timestamp": 1765583383749}, {"id": "3011478570", "price": 90280.4, "amount": 0.002, "side": "sell", "timestamp": 1765583383749}, {"id": "3011478571", "price": 90280.2, "amount": 0.004, "side": "sell", "timestamp": 1765583383749}, {"id": "3011478572", "price": 90280.1, "amount": 0.002, "side": "sell", "timestamp": 1765583383749}, {"id": "3011478573", "price": 90280.0, "amount": 0.167, "side": "sell", "timestamp": 1765583383860}, {"id": "3011478574", "price": 90279.9, "amount": 0.004, "side": "sell", "timestamp": 1765583383860}, {"id": "3011478575", "price": 90279.8, "amount": 0.029, "side": "sell", "timestamp": 1765583383860}, {"id": "3011478576", "price": 90279.6, "amount": 0.011, "side": "sell", "timestamp": 1765583383860}, {"id": "3011478577", "price": 90279.5, "amount": 0.009, "side": "sell", "timestamp": 1765583383860}, {"id": "3011478578", "price": 90279.1, "amount": 0.005, "side": "sell", "timestamp": 1765583383860}, {"id": "3011478579", "price": 90279.0, "amount": 0.04, "side": "sell", "timestamp": 1765583383860}, {"id": "3011478580", "price": 90278.8, "amount": 0.031, "side": "sell", "timestamp": 1765583383860}, {"id": "3011478581", "price": 90278.5, "amount": 0.003, "side": "sell", "timestamp": 1765583383860}, {"id": "3011478582", "price": 90278.2, "amount": 0.002, "side": "sell", "timestamp": 1765583383860}, {"id": "3011478583", "price": 90278.2, "amount": 0.022, "side": "buy", "timestamp": 1765583384760}, {"id": "3011478584", "price": 90278.1, "amount": 0.025, "side": "sell", "timestamp": 1765583386072}, {"id": "3011478585", "price": 90278.2, "amount": 0.067, "side": "buy", "timestamp": 1765583386687}, {"id": "3011478586", "price": 90278.2, "amount": 0.014, "side": "buy", "timestamp": 1765583388045}, {"id": "3011478587", "price": 90278.1, "amount": 0.011, "side": "sell", "timestamp": 1765583388956}, {"id": "3011478588", "price": 90278.2, "amount": 0.002, "side": "buy", "timestamp": 1765583390288}, {"id": "3011478589", "price": 90278.2, "amount": 0.002, "side": "buy", "timestamp": 1765583392139}, {"id": "3011478749", "price": 90278.2, "amount": 0.005, "side": "buy", "timestamp": 1765583431320}, {"id": "3011478750", "price": 90278.2, "amount": 0.003, "side": "buy", "timestamp": 1765583431540}, {"id": "3011478751", "price": 90278.2, "amount": 0.003, "side": "buy", "timestamp": 1765583431760}, {"id": "3011478752", "price": 90278.2, "amount": 0.003, "side": "buy", "timestamp": 1765583431980}, {"id": "3011478753", "price": 90278.2, "amount": 0.003, "side": "buy", "timestamp": 1765583432199}, {"id": "3011478754", "price": 90278.2, "amount": 0.003, "side": "buy", "timestamp": 1765583432419}, {"id": "3011478755", "price": 90278.2, "amount": 0.003, "side": "buy", "timestamp": 1765583432639}, {"id": "3011478756", "price": 90278.2, "amount": 0.003, "side": "buy", "timestamp": 1765583432858}, {"id": "3011478757", "price": 90278.2, "amount": 4.69, "side": "buy", "timestamp": 1765583432994}, {"id": "3011478758", "price": 90278.3, "amount": 0.046, "side": "buy", "timestamp": 1765583433000}, {"id": "3011478759", "price": 90278.3, "amount": 0.003, "side": "buy", "timestamp": 1765583433299}, {"id": "3011478760", "price": 90278.3, "amount": 0.003, "side": "buy", "timestamp": 1765583433519}, {"id": "3011478761", "price": 90278.2, "amount": 0.055, "side": "sell", "timestamp": 1765583433697}, {"id": "3011478762", "price": 90278.3, "amount": 0.003, "side": "buy", "timestamp": 1765583433738}, {"id": "3011478763", "price": 90278.3, "amount": 0.003, "side": "buy", "timestamp": 1765583433958}, {"id": "3011478764", "price": 90278.3, "amount": 0.005, "side": "buy", "timestamp": 1765583434177}, {"id": "3011478765", "price": 90278.2, "amount": 0.002, "side": "sell", "timestamp": 1765583434265}, {"id": "3011478766", "price": 90278.3, "amount": 0.015, "side": "buy", "timestamp": 1765583434319}, {"id": "3011478767", "price": 90278.3, "amount": 0.003, "side": "buy", "timestamp": 1765583434616}, {"id": "3011478768", "price": 90278.3, "amount": 0.003, "side": "buy", "timestamp": 1765583434835}, {"id": "3011478769", "price": 90278.3, "amount": 0.003, "side": "buy", "timestamp": 1765583435055}, {"id": "3011478770", "price": 90278.3, "amount": 0.003, "side": "buy", "timestamp": 1765583435275}, {"id": "3011478771", "price": 90278.3, "amount": 0.005, "side": "buy", "timestamp": 1765583435434}, {"id": "3011478772", "price": 90278.3, "amount": 0.003, "side": "buy", "timestamp": 1765583435714}, {"id": "3011478773", "price": 90278.3, "amount": 0.003, "side": "buy", "timestamp": 1765583435933}, {"id": "3011478774", "price": 90278.3, "amount": 0.003, "side": "buy", "timestamp": 1765583436153}, {"id": "3011478775", "price": 90278.3, "amount": 0.003, "side": "buy", "timestamp": 1765583436372}, {"id": "3011478776", "price": 90278.3, "amount": 0.068, "side": "buy", "timestamp": 1765583436484}, {"id": "3011478777", "price": 90278.3, "amount": 0.003, "side": "buy", "timestamp": 1765583436593}, {"id": "3011478778", "price": 90278.2, "amount": 0.006, "side": "sell", "timestamp": 1765583436801}, {"id": "3011478779", "price": 90278.3, "amount": 0.003, "side": "buy", "timestamp": 1765583436812}, {"id": "3011478780", "price": 90278.3, "amount": 0.003, "side": "buy", "timestamp": 1765583437032}, {"id": "3011478781", "price": 90278.3, "amount": 0.016, "side": "buy", "timestamp": 1765583437251}, {"id": "3011478782", "price": 90278.3, "amount": 0.003, "side": "buy", "timestamp": 1765583437471}, {"id": "3011478783", "price": 90278.2, "amount": 0.001, "side": "sell", "timestamp": 1765583437512}, {"id": "3011478784", "price": 90278.3, "amount": 0.01, "side": "buy", "timestamp": 1765583437513}, {"id": "3011478785", "price": 90278.3, "amount": 0.003, "side": "buy", "timestamp": 1765583437690}, {"id": "3011478786", "price": 90278.3, "amount": 0.003, "side": "buy", "timestamp": 1765583437910}, {"id": "3011478787", "price": 90278.3, "amount": 0.003, "side": "buy", "timestamp": 1765583438129}, {"id": "3011478788", "price": 90278.3, "amount": 0.003, "side": "buy", "timestamp": 1765583438348}, {"id": "3011478789", "price": 90278.3, "amount": 0.002, "side": "buy", "timestamp": 1765583439132}, {"id": "3011478790", "price": 90278.3, "amount": 0.003, "side": "buy", "timestamp": 1765583440001}, {"id": "3011478791", "price": 90278.2, "amount": 0.011, "side": "sell", "timestamp": 1765583440080}, {"id": "3011478792", "price": 90278.3, "amount": 0.146, "side": "buy", "timestamp": 1765583440137}, {"id": "3011478793", "price": 90278.3, "amount": 0.003, "side": "buy", "timestamp": 1765583440437}, {"id": "3011478794", "price": 90278.2, "amount": 0.01, "side": "sell", "timestamp": 1765583440500}, {"id": "3011478795", "price": 90278.3, "amount": 0.003, "side": "buy", "timestamp": 1765583440656}, {"id": "3011478796", "price": 90278.3, "amount": 0.003, "side": "buy", "timestamp": 1765583440874}, {"id": "3011478797", "price": 90278.3, "amount": 0.003, "side": "buy", "timestamp": 1765583441092}, {"id": "3011478798", "price": 90278.3, "amount": 0.007, "side": "buy", "timestamp": 1765583445336}, {"id": "3011479164", "price": 90302.7, "amount": 0.003, "side": "buy", "timestamp": 1765583487780}, {"id": "3011479165", "price": 90302.7, "amount": 0.009, "side": "buy", "timestamp": 1765583488020}, {"id": "3011479166", "price": 90302.6, "amount": 0.01, "side": "sell", "timestamp": 1765583488929}, {"id": "3011479167", "price": 90302.7, "amount": 0.003, "side": "buy", "timestamp": 1765583490001}, {"id": "3011479168", "price": 90302.7, "amount": 0.003, "side": "buy", "timestamp": 1765583490198}, {"id": "3011479169", "price": 90302.7, "amount": 0.003, "side": "buy", "timestamp": 1765583490395}, {"id": "3011479170", "price": 90302.7, "amount": 0.003, "side": "buy", "timestamp": 1765583490593}, {"id": "3011479171", "price": 90302.7, "amount": 0.003, "side": "buy", "timestamp": 1765583490790}, {"id": "3011479172", "price": 90302.7, "amount": 0.003, "side": "buy", "timestamp": 1765583490987}, {"id": "3011479173", "price": 90302.7, "amount": 0.003, "side": "buy", "timestamp": 1765583491184}, {"id": "3011479174", "price": 90302.7, "amount": 0.012, "side": "buy", "timestamp": 1765583491326}, {"id": "3011479175", "price": 90302.7, "amount": 0.003, "side": "buy", "timestamp": 1765583491579}, {"id": "3011479176", "price": 90302.7, "amount": 0.008, "side": "buy", "timestamp": 1765583491776}, {"id": "3011479177", "price": 90302.7, "amount": 0.003, "side": "buy", "timestamp": 1765583491974}, {"id": "3011479178", "price": 90302.6, "amount": 0.002, "side": "sell", "timestamp": 1765583492078}, {"id": "3011479179", "price": 90302.7, "amount": 0.003, "side": "buy", "timestamp": 1765583492172}, {"id": "3011479180", "price": 90302.6, "amount": 0.002, "side": "sell", "timestamp": 1765583492208}, {"id": "3011479181", "price": 90302.7, "amount": 0.003, "side": "buy", "timestamp": 1765583492369}, {"id": "3011479182", "price": 90302.7, "amount": 0.003, "side": "buy", "timestamp": 1765583492566}, {"id": "3011479183", "price": 90302.7, "amount": 0.003, "side": "buy", "timestamp": 1765583492764}, {"id": "3011479184", "price": 90302.7, "amount": 0.232, "side": "buy", "timestamp": 1765583492961}, {"id": "3011479185", "price": 90302.7, "amount": 0.113, "side": "buy", "timestamp": 1765583493125}, {"id": "3011479186", "price": 90302.7, "amount": 0.005, "side": "buy", "timestamp": 1765583493355}, {"id": "3011479187", "price": 90302.7, "amount": 0.003, "side": "buy", "timestamp": 1765583493552}, {"id": "3011479188", "price": 90302.7, "amount": 0.003, "side": "buy", "timestamp": 1765583493750}, {"id": "3011479189", "price": 90302.7, "amount": 0.003, "side": "buy", "timestamp": 1765583493947}, {"id": "3011479190", "price": 90302.7, "amount": 0.048, "side": "buy", "timestamp": 1765583494145}, {"id": "3011479191", "price": 90302.7, "amount": 0.003, "side": "buy", "timestamp": 1765583494343}, {"id": "3011479192", "price": 90302.7, "amount": 0.003, "side": "buy", "timestamp": 1765583494540}, {"id": "3011479193", "price": 90302.7, "amount": 0.003, "side": "buy", "timestamp": 1765583494739}, {"id": "3011479194", "price": 90302.7, "amount": 0.013, "side": "buy", "timestamp": 1765583494937}, {"id": "3011479195", "price": 90302.7, "amount": 0.015, "side": "buy", "timestamp": 1765583495134}, {"id": "3011479196", "price": 90302.7, "amount": 0.003, "side": "buy", "timestamp": 1765583495331}, {"id": "3011479197", "price": 90302.7, "amount": 0.003, "side": "buy", "timestamp": 1765583495528}, {"id": "3011479198", "price": 90302.7, "amount": 0.003, "side": "buy", "timestamp": 1765583495726}, {"id": "3011479199", "price": 90302.7, "amount": 0.003, "side": "buy", "timestamp": 1765583495923}, {"id": "3011479200", "price": 90302.7, "amount": 0.006, "side": "buy", "timestamp": 1765583496121}, {"id": "3011479201", "price": 90302.6, "amount": 0.002, "side": "sell", "timestamp": 1765583496240}, {"id": "3011479202", "price": 90302.7, "amount": 0.003, "side": "buy", "timestamp": 1765583496318}, {"id": "3011479203", "price": 90302.7, "amount": 0.003, "side": "buy", "timestamp": 1765583496516}, {"id": "3011479204", "price": 90302.6, "amount": 0.11, "side": "sell", "timestamp": 1765583496526}, {"id": "3011479205", "price": 90302.7, "amount": 0.011, "side": "buy", "timestamp": 1765583496714}, {"id": "3011479206", "price": 90302.7, "amount": 0.003, "side": "buy", "timestamp": 1765583496911}, {"id": "3011479207", "price": 90302.6, "amount": 0.006, "side": "sell", "timestamp": 1765583497045}, {"id": "3011479208", "price": 90302.7, "amount": 0.003, "side": "buy", "timestamp": 1765583497108}, {"id": "3011479209", "price": 90302.7, "amount": 0.003, "side": "buy", "timestamp": 1765583497306}, {"id": "3011479210", "price": 90302.7, "amount": 0.003, "side": "buy", "timestamp": 1765583497503}, {"id": "3011479211", "price": 90302.7, "amount": 0.003, "side": "buy", "timestamp": 1765583497700}, {"id": "3011479212", "price": 90302.6, "amount": 0.02, "side": "sell", "timestamp": 1765583497799}, {"id": "3011479213", "price": 90302.6, "amount": 0.012, "side": "sell", "timestamp": 1765583498009}, {"id": "3011479463", "price": 90281.7, "amount": 0.003, "side": "buy", "timestamp": 1765583541869}, {"id": "3011479464", "price": 90281.6, "amount": 0.614, "side": "sell", "timestamp": 1765583541977}, {"id": "3011479465", "price": 90281.7, "amount": 0.003, "side": "buy", "timestamp": 1765583542039}, {"id": "3011479466", "price": 90281.7, "amount": 0.003, "side": "buy", "timestamp": 1765583542209}, {"id": "3011479467", "price": 90281.6, "amount": 0.015, "side": "sell", "timestamp": 1765583542229}, {"id": "3011479468", "price": 90281.7, "amount": 0.028, "side": "buy", "timestamp": 1765583542261}, {"id": "3011479469", "price": 90281.7, "amount": 0.003, "side": "buy", "timestamp": 1765583542379}, {"id": "3011479470", "price": 90281.7, "amount": 0.003, "side": "buy", "timestamp": 1765583542549}, {"id": "3011479471", "price": 90281.7, "amount": 0.003, "side": "buy", "timestamp": 1765583542720}, {"id": "3011479472", "price": 90281.7, "amount": 0.003, "side": "buy", "timestamp": 1765583542890}, {"id": "3011479473", "price": 90281.7, "amount": 0.003, "side": "buy", "timestamp": 1765583543060}, {"id": "3011479474", "price": 90281.7, "amount": 0.003, "side": "buy", "timestamp": 1765583543231}, {"id": "3011479475", "price": 90281.7, "amount": 0.003, "side": "buy", "timestamp": 1765583543401}, {"id": "3011479476", "price": 90281.7, "amount": 0.279, "side": "buy", "timestamp": 1765583543571}, {"id": "3011479477", "price": 90281.7, "amount": 0.003, "side": "buy", "timestamp": 1765583543741}, {"id": "3011479478", "price": 90281.6, "amount": 0.396, "side": "sell", "timestamp": 1765583543860}, {"id": "3011479479", "price": 90281.7, "amount": 0.003, "side": "buy", "timestamp": 1765583543910}, {"id": "3011479480", "price": 90281.7, "amount": 0.003, "side": "buy", "timestamp": 1765583544081}, {"id": "3011479481", "price": 90281.7, "amount": 0.003, "side": "buy", "timestamp": 1765583544251}, {"id": "3011479482", "price": 90281.7, "amount": 0.003, "side": "buy", "timestamp": 1765583544421}, {"id": "3011479483", "price": 90281.6, "amount": 0.029, "side": "sell", "timestamp": 1765583544441}, {"id": "3011479484", "price": 90281.7, "amount": 0.003, "side": "buy", "timestamp": 1765583544590}, {"id": "3011479485", "price": 90281.7, "amount": 0.003, "side": "buy", "timestamp": 1765583544760}, {"id": "3011479486", "price": 90281.7, "amount": 0.003, "side": "buy", "timestamp": 1765583544930}, {"id": "3011479487", "price": 90281.7, "amount": 0.003, "side": "buy", "timestamp": 1765583545100}, {"id": "3011479488", "price": 90281.7, "amount": 0.003, "side": "buy", "timestamp": 1765583545270}, {"id": "3011479489", "price": 90281.7, "amount": 0.003, "side": "buy", "timestamp": 1765583545439}, {"id": "3011479490", "price": 90281.7, "amount": 0.003, "side": "buy", "timestamp": 1765583545609}, {"id": "3011479491", "price": 90281.7, "amount": 0.003, "side": "buy", "timestamp": 1765583545779}, {"id": "3011479492", "price": 90281.7, "amount": 0.003, "side": "buy", "timestamp": 1765583545948}, {"id": "3011479493", "price": 90281.7, "amount": 0.003, "side": "buy", "timestamp": 1765583546118}, {"id": "3011479494", "price": 90281.7, "amount": 0.003, "side": "buy", "timestamp": 1765583546288}, {"id": "3011479495", "price": 90281.7, "amount": 0.003, "side": "buy", "timestamp": 1765583546457}, {"id": "3011479496", "price": 90281.7, "amount": 0.005, "side": "buy", "timestamp": 1765583546599}, {"id": "3011479497", "price": 90281.7, "amount": 0.005, "side": "buy", "timestamp": 1765583546907}, {"id": "3011479498", "price": 90281.7, "amount": 0.03, "side": "buy", "timestamp": 1765583547481}, {"id": "3011479499", "price": 90281.6, "amount": 0.003, "side": "sell", "timestamp": 1765583549239}, {"id": "3011479500", "price": 90281.6, "amount": 0.005, "side": "sell", "timestamp": 1765583549955}, {"id": "3011479501", "price": 90281.7, "amount": 0.003, "side": "buy", "timestamp": 1765583550001}, {"id": "3011479502", "price": 90281.7, "amount": 0.003, "side": "buy", "timestamp": 1765583550168}, {"id": "3011479503", "price": 90281.7, "amount": 0.003, "side": "buy", "timestamp": 1765583550334}, {"id": "3011479504", "price": 90281.7, "amount": 0.003, "side": "buy", "timestamp": 1765583550500}, {"id": "3011479505", "price": 90281.7, "amount": 0.003, "side": "buy", "timestamp": 1765583550667}, {"id": "3011479506", "price": 90281.7, "amount": 0.003, "side": "buy", "timestamp": 1765583550833}, {"id": "3011479507", "price": 90281.7, "amount": 0.003, "side": "buy", "timestamp": 1765583550999}, {"id": "3011479508", "price": 90281.7, "amount": 0.003, "side": "buy", "timestamp": 1765583551165}, {"id": "3011479509", "price": 90281.7, "amount": 0.003, "side": "buy", "timestamp": 1765583551332}, {"id": "3011479510", "price": 90281.7, "amount": 0.003, "side": "buy", "timestamp": 1765583551498}, {"id": "3011479511", "price": 90281.7, "amount": 0.003, "side": "buy", "timestamp": 1765583551664}, {"id": "3011479512", "price": 90281.6, "amount": 0.031, "side": "sell", "timestamp": 1765583551788}, {"id": "3011479711", "price": 90274.4, "amount": 0.382, "side": "buy", "timestamp": 1765583597962}, {"id": "3011479712", "price": 90274.3, "amount": 0.002, "side": "sell", "timestamp": 1765583598023}, {"id": "3011479713", "price": 90274.4, "amount": 0.002, "side": "buy", "timestamp": 1765583598215}, {"id": "3011479714", "price": 90274.3, "amount": 0.01, "side": "sell", "timestamp": 1765583598603}, {"id": "3011479715", "price": 90274.3, "amount": 0.007, "side": "sell", "timestamp": 1765583598847}, {"id": "3011479716", "price": 90274.3, "amount": 0.03, "side": "sell", "timestamp": 1765583599396}, {"id": "3011479717", "price": 90274.4, "amount": 0.402, "side": "buy", "timestamp": 1765583599498}, {"id": "3011479718", "price": 90274.4, "amount": 0.005, "side": "buy", "timestamp": 1765583599949}, {"id": "3011479719", "price": 90274.4, "amount": 0.015, "side": "buy", "timestamp": 1765583600129}, {"id": "3011479720", "price": 90274.4, "amount": 0.003, "side": "buy", "timestamp": 1765583600258}, {"id": "3011479721", "price": 90274.4, "amount": 0.003, "side": "buy", "timestamp": 1765583600388}, {"id": "3011479722", "price": 90274.4, "amount": 0.003, "side": "buy", "timestamp": 1765583600517}, {"id": "3011479723", "price": 90274.4, "amount": 0.003, "side": "buy", "timestamp": 1765583600646}, {"id": "3011479724", "price": 90274.4, "amount": 0.003, "side": "buy", "timestamp": 1765583600775}, {"id": "3011479725", "price": 90274.4, "amount": 0.003, "side": "buy", "timestamp": 1765583600904}, {"id": "3011479726", "price": 90274.4, "amount": 0.013, "side": "buy", "timestamp": 1765583601033}, {"id": "3011479727", "price": 90274.4, "amount": 0.003, "side": "buy", "timestamp": 1765583601162}, {"id": "3011479728", "price": 90274.4, "amount": 0.003, "side": "buy", "timestamp": 1765583601291}, {"id": "3011479729", "price": 90274.4, "amount": 0.014, "side": "buy", "timestamp": 1765583601420}, {"id": "3011479730", "price": 90274.4, "amount": 0.003, "side": "buy", "timestamp": 1765583601549}, {"id": "3011479731", "price": 90274.4, "amount": 0.003, "side": "buy", "timestamp": 1765583601678}, {"id": "3011479732", "price": 90274.4, "amount": 0.003, "side": "buy", "timestamp": 1765583601806}, {"id": "3011479733", "price": 90274.4, "amount": 0.003, "side": "buy", "timestamp": 1765583601936}, {"id": "3011479734", "price": 90274.4, "amount": 0.003, "side": "buy", "timestamp": 1765583602064}, {"id": "3011479735", "price": 90274.4, "amount": 0.003, "side": "buy", "timestamp": 1765583602193}, {"id": "3011479736", "price": 90274.4, "amount": 0.003, "side": "buy", "timestamp": 1765583602321}, {"id": "3011479737", "price": 90274.4, "amount": 0.003, "side": "buy", "timestamp": 1765583602450}, {"id": "3011479738", "price": 90274.4, "amount": 0.003, "side": "buy", "timestamp": 1765583602579}, {"id": "3011479739", "price": 90274.4, "amount": 0.003, "side": "buy", "timestamp": 1765583602708}, {"id": "3011479740", "price": 90274.4, "amount": 0.003, "side": "buy", "timestamp": 1765583602836}, {"id": "3011479741", "price": 90274.4, "amount": 0.003, "side": "buy", "timestamp": 1765583602965}, {"id": "3011479742", "price": 90274.4, "amount": 0.003, "side": "buy", "timestamp": 1765583603094}, {"id": "3011479743", "price": 90274.3, "amount": 0.024, "side": "sell", "timestamp": 1765583603153}, {"id": "3011479744", "price": 90274.4, "amount": 0.003, "side": "buy", "timestamp": 1765583603222}, {"id": "3011479745", "price": 90274.4, "amount": 0.003, "side": "buy", "timestamp": 1765583603351}, {"id": "3011479746", "price": 90274.4, "amount": 0.003, "side": "buy", "timestamp": 1765583603480}, {"id": "3011479747", "price": 90274.4, "amount": 0.003, "side": "buy", "timestamp": 1765583603609}, {"id": "3011479748", "price": 90274.3, "amount": 0.004, "side": "sell", "timestamp": 1765583603612}, {"id": "3011479749", "price": 90274.4, "amount": 0.003, "side": "buy", "timestamp": 1765583603738}, {"id": "3011479750", "price": 90274.3, "amount": 0.002, "side": "sell", "timestamp": 1765583603850}, {"id": "3011479751", "price": 90274.4, "amount": 0.003, "side": "buy", "timestamp": 1765583603866}, {"id": "3011479752", "price": 90274.4, "amount": 0.003, "side": "buy", "timestamp": 1765583603995}, {"id": "3011479753", "price": 90274.4, "amount": 0.008, "side": "buy", "timestamp": 1765583604117}, {"id": "3011479754", "price": 90274.4, "amount": 0.003, "side": "buy", "timestamp": 1765583604252}, {"id": "3011479755", "price": 90274.4, "amount": 0.003, "side": "buy", "timestamp": 1765583604381}, {"id": "3011479756", "price": 90274.4, "amount": 0.003, "side": "buy", "timestamp": 1765583604510}, {"id": "3011479757", "price": 90274.4, "amount": 0.005, "side": "buy", "timestamp": 1765583604639}, {"id": "3011479758", "price": 90274.4, "amount": 0.003, "side": "buy", "timestamp": 1765583604767}, {"id": "3011479759", "price": 90274.4, "amount": 0.003, "side": "buy", "timestamp": 1765583604896}, {"id": "3011479760", "price": 90274.4, "amount": 0.003, "side": "buy", "timestamp": 1765583605025}, {"id": "3011479951", "price": 90263.8, "amount": 0.002, "side": "sell", "timestamp": 1765583650589}, {"id": "3011479952", "price": 90263.6, "amount": 0.002, "side": "sell", "timestamp": 1765583650589}, {"id": "3011479953", "price": 90263.5, "amount": 0.003, "side": "sell", "timestamp": 1765583650589}, {"id": "3011479954", "price": 90263.3, "amount": 0.024, "side": "sell", "timestamp": 1765583650589}, {"id": "3011479955", "price": 90263.2, "amount": 0.003, "side": "sell", "timestamp": 1765583650589}, {"id": "3011479956", "price": 90263.1, "amount": 0.003, "side": "sell", "timestamp": 1765583650589}, {"id": "3011479957", "price": 90263.0, "amount": 0.114, "side": "sell", "timestamp": 1765583650589}, {"id": "3011479958", "price": 90262.8, "amount": 0.002, "side": "sell", "timestamp": 1765583650589}, {"id": "3011479959", "price": 90262.6, "amount": 0.012, "side": "sell", "timestamp": 1765583650589}, {"id": "3011479960", "price": 90262.5, "amount": 0.003, "side": "sell", "timestamp": 1765583650589}, {"id": "3011479961", "price": 90262.3, "amount": 0.321, "side": "sell", "timestamp": 1765583650589}, {"id": "3011479962", "price": 90262.2, "amount": 0.025, "side": "sell", "timestamp": 1765583650589}, {"id": "3011479963", "price": 90262.1, "amount": 0.213, "side": "sell", "timestamp": 1765583650589}, {"id": "3011479964", "price": 90262.0, "amount": 0.103, "side": "sell", "timestamp": 1765583650589}, {"id": "3011479965", "price": 90262.1, "amount": 0.006, "side": "buy", "timestamp": 1765583650628}, {"id": "3011479966", "price": 90262.1, "amount": 0.006, "side": "buy", "timestamp": 1765583650785}, {"id": "3011479967", "price": 90262.1, "amount": 0.01, "side": "buy", "timestamp": 1765583650894}, {"id": "3011479968", "price": 90262.1, "amount": 0.026, "side": "buy", "timestamp": 1765583651021}, {"id": "3011479969", "price": 90262.1, "amount": 0.006, "side": "buy", "timestamp": 1765583651177}, {"id": "3011479970", "price": 90262.1, "amount": 0.006, "side": "buy", "timestamp": 1765583651334}, {"id": "3011479971", "price": 90262.0, "amount": 0.031, "side": "sell", "timestamp": 1765583651477}, {"id": "3011479972", "price": 90262.1, "amount": 0.006, "side": "buy", "timestamp": 1765583651491}, {"id": "3011479973", "price": 90262.1, "amount": 0.006, "side": "buy", "timestamp": 1765583651648}, {"id": "3011479974", "price": 90262.1, "amount": 0.006, "side": "buy", "timestamp": 1765583651804}, {"id": "3011479975", "price": 90262.1, "amount": 0.006, "side": "buy", "timestamp": 1765583651962}, {"id": "3011479976", "price": 90262.1, "amount": 0.006, "side": "buy", "timestamp": 1765583652120}, {"id": "3011479977", "price": 90262.1, "amount": 0.006, "side": "buy", "timestamp": 1765583652276}, {"id": "3011479978", "price": 90262.0, "amount": 0.213, "side": "sell", "timestamp": 1765583652395}, {"id": "3011479979", "price": 90262.1, "amount": 0.006, "side": "buy", "timestamp": 1765583652433}, {"id": "3011479980", "price": 90262.1, "amount": 0.006, "side": "buy", "timestamp": 1765583652590}, {"id": "3011479981", "price": 90262.1, "amount": 0.006, "side": "buy", "timestamp": 1765583652746}, {"id": "3011479982", "price": 90262.1, "amount": 0.006, "side": "buy", "timestamp": 1765583652905}, {"id": "3011479983", "price": 90262.1, "amount": 0.003, "side": "buy", "timestamp": 1765583653061}, {"id": "3011479984", "price": 90262.1, "amount": 0.012, "side": "buy", "timestamp": 1765583653173}, {"id": "3011479985", "price": 90262.0, "amount": 0.044, "side": "sell", "timestamp": 1765583654041}, {"id": "3011479986", "price": 90262.0, "amount": 3.197, "side": "sell", "timestamp": 1765583654497}, {"id": "3011479987", "price": 90261.9, "amount": 0.004, "side": "sell", "timestamp": 1765583654497}, {"id": "3011479988", "price": 90261.5, "amount": 0.114, "side": "sell", "timestamp": 1765583654497}, {"id": "3011479989", "price": 90261.4, "amount": 5.608, "side": "sell", "timestamp": 1765583654497}, {"id": "3011479990", "price": 90261.4, "amount": 0.02, "side": "sell", "timestamp": 1765583654616}, {"id": "3011479991", "price": 90261.5, "amount": 0.004, "side": "buy", "timestamp": 1765583654647}, {"id": "3011479992", "price": 90261.4, "amount": 0.3, "side": "sell", "timestamp": 1765583654983}, {"id": "3011479993", "price": 90261.5, "amount": 0.004, "side": "buy", "timestamp": 1765583655816}, {"id": "3011479994", "price": 90261.4, "amount": 0.002, "side": "sell", "timestamp": 1765583655922}, {"id": "3011479995", "price": 90261.4, "amount": 0.01, "side": "sell", "timestamp": 1765583656176}, {"id": "3011479996", "price": 90261.5, "amount": 0.002, "side": "buy", "timestamp": 1765583656489}, {"id": "3011479997", "price": 90261.5, "amount": 0.309, "side": "buy", "timestamp": 1765583657113}, {"id": "3011479998", "price": 90261.5, "amount": 0.002, "side": "buy", "timestamp": 1765583657861}, {"id": "3011479999", "price": 90261.4, "amount": 0.017, "side": "sell", "timestamp": 1765583658352}, {"id": "3011480000", "price": 90261.4, "amount": 0.037, "side": "sell", "timestamp": 1765583658575}, {"id": "3011480257", "price": 90240.7, "amount": 0.004, "side": "sell", "timestamp": 1765583696036}, {"id": "3011480258", "price": 90240.7, "amount": 0.002, "side": "sell", "timestamp": 1765583696229}, {"id": "3011480259", "price": 90240.7, "amount": 0.01, "side": "sell", "timestamp": 1765583696395}, {"id": "3011480260", "price": 90240.7, "amount": 0.01, "side": "sell", "timestamp": 1765583696906}, {"id": "3011480261", "price": 90240.7, "amount": 0.5, "side": "sell", "timestamp": 1765583697062}, {"id": "3011480262", "price": 90240.7, "amount": 0.114, "side": "sell", "timestamp": 1765583697293}, {"id": "3011480263", "price": 90240.7, "amount": 0.005, "side": "sell", "timestamp": 1765583697549}, {"id": "3011480264", "price": 90240.8, "amount": 0.033, "side": "buy", "timestamp": 1765583698407}, {"id": "3011480265", "price": 90240.7, "amount": 0.021, "side": "sell", "timestamp": 1765583698549}, {"id": "3011480266", "price": 90240.7, "amount": 0.011, "side": "sell", "timestamp": 1765583698716}, {"id": "3011480267", "price": 90240.7, "amount": 0.051, "side": "sell", "timestamp": 1765583698853}, {"id": "3011480268", "price": 90240.8, "amount": 0.002, "side": "buy", "timestamp": 1765583698877}, {"id": "3011480269", "price": 90240.8, "amount": 0.006, "side": "buy", "timestamp": 1765583699077}, {"id": "3011480270", "price": 90240.7, "amount": 0.002, "side": "sell", "timestamp": 1765583699108}, {"id": "3011480271", "price": 90240.7, "amount": 0.359, "side": "sell", "timestamp": 1765583699499}, {"id": "3011480272", "price": 90240.8, "amount": 0.021, "side": "buy", "timestamp": 1765583700001}, {"id": "3011480273", "price": 90240.7, "amount": 0.005, "side": "sell", "timestamp": 1765583700051}, {"id": "3011480274", "price": 90240.8, "amount": 0.039, "side": "buy", "timestamp": 1765583700055}, {"id": "3011480275", "price": 90240.8, "amount": 0.042, "side": "buy", "timestamp": 1765583700159}, {"id": "3011480276", "price": 90240.8, "amount": 0.018, "side": "buy", "timestamp": 1765583700265}, {"id": "3011480277", "price": 90240.7, "amount": 0.003, "side": "sell", "timestamp": 1765583700308}, {"id": "3011480278", "price": 90240.8, "amount": 0.027, "side": "buy", "timestamp": 1765583700312}, {"id": "3011480279", "price": 90240.8, "amount": 0.013, "side": "buy", "timestamp": 1765583700483}, {"id": "3011480280", "price": 90240.7, "amount": 0.007, "side": "sell", "timestamp": 1765583700519}, {"id": "3011480281", "price": 90240.8, "amount": 0.003, "side": "buy", "timestamp": 1765583700736}, {"id": "3011480282", "price": 90240.7, "amount": 0.004, "side": "sell", "timestamp": 1765583700741}, {"id": "3011480283", "price": 90240.7, "amount": 0.093, "side": "sell", "timestamp": 1765583701085}, {"id": "3011480284", "price": 90240.7, "amount": 0.011, "side": "sell", "timestamp": 1765583701691}, {"id": "3011480285", "price": 90240.7, "amount": 0.035, "side": "sell", "timestamp": 1765583701806}, {"id": "3011480286", "price": 90240.7, "amount": 0.009, "side": "sell", "timestamp": 1765583702109}, {"id": "3011480287", "price": 90240.7, "amount": 0.011, "side": "sell", "timestamp": 1765583702656}, {"id": "3011480288", "price": 90240.7, "amount": 0.015, "side": "sell", "timestamp": 1765583702775}, {"id": "3011480289", "price": 90240.7, "amount": 0.002, "side": "sell", "timestamp": 1765583702975}, {"id": "3011480290", "price": 90240.8, "amount": 0.004, "side": "buy", "timestamp": 1765583703496}, {"id": "3011480291", "price": 90240.7, "amount": 0.011, "side": "sell", "timestamp": 1765583703613}, {"id": "3011480292", "price": 90240.7, "amount": 0.016, "side": "sell", "timestamp": 1765583704617}, {"id": "3011480293", "price": 90240.8, "amount": 0.019, "side": "buy", "timestamp": 1765583705037}, {"id": "3011480294", "price": 90240.7, "amount": 0.012, "side": "sell", "timestamp": 1765583705651}, {"id": "3011480295", "price": 90240.7, "amount": 0.223, "side": "sell", "timestamp": 1765583706567}, {"id": "3011480296", "price": 90240.7, "amount": 0.012, "side": "sell", "timestamp": 1765583707520}, {"id": "3011480297", "price": 90240.8, "amount": 0.013, "side": "buy", "timestamp": 1765583707730}, {"id": "3011480298", "price": 90240.8, "amount": 0.002, "side": "buy", "timestamp": 1765583708044}, {"id": "3011480299", "price": 90240.7, "amount": 0.14, "side": "sell", "timestamp": 1765583708306}, {"id": "3011480300", "price": 90240.7, "amount": 0.012, "side": "sell", "timestamp": 1765583708497}, {"id": "3011480301", "price": 90240.7, "amount": 0.435, "side": "sell", "timestamp": 1765583708895}, {"id": "3011480302", "price": 90240.7, "amount": 0.016, "side": "sell", "timestamp": 1765583709492}, {"id": "3011480303", "price": 90240.7, "amount": 0.212, "side": "sell", "timestamp": 1765583710538}, {"id": "3011480304", "price": 90240.8, "amount": 0.015, "side": "buy", "timestamp": 1765583711128}, {"id": "3011480305", "price": 90240.7, "amount": 0.012, "side": "sell", "timestamp": 1765583711559}, {"id": "3011480306", "price": 90240.7, "amount": 0.367, "side": "sell", "timestamp": 1765583711846}, {"id": "3011480611", "price": 90237.9, "amount": 0.015, "side": "sell", "timestamp": 1765583760959}, {"id": "3011480612", "price": 90237.9, "amount": 0.076, "side": "sell", "timestamp": 1765583761212}, {"id": "3011480613", "price": 90237.9, "amount": 0.002, "side": "sell", "timestamp": 1765583761712}, {"id": "3011480614", "price": 90238.0, "amount": 0.005, "side": "buy", "timestamp": 1765583761787}, {"id": "3011480615", "price": 90237.9, "amount": 0.015, "side": "sell", "timestamp": 1765583761991}, {"id": "3011480616", "price": 90237.9, "amount": 0.015, "side": "sell", "timestamp": 1765583762944}, {"id": "3011480617", "price": 90237.9, "amount": 0.015, "side": "sell", "timestamp": 1765583763917}, {"id": "3011480618", "price": 90238.0, "amount": 0.003, "side": "buy", "timestamp": 1765583763981}, {"id": "3011480619", "price": 90237.9, "amount": 0.004, "side": "sell", "timestamp": 1765583764680}, {"id": "3011480620", "price": 90238.0, "amount": 0.335, "side": "buy", "timestamp": 1765583764811}, {"id": "3011480621", "price": 90238.1, "amount": 0.017, "side": "buy", "timestamp": 1765583764811}, {"id": "3011480622", "price": 90238.4, "amount": 0.002, "side": "buy", "timestamp": 1765583764813}, {"id": "3011480623", "price": 90238.5, "amount": 0.005, "side": "buy", "timestamp": 1765583764813}, {"id": "3011480624", "price": 90239.0, "amount": 0.044, "side": "buy", "timestamp": 1765583764813}, {"id": "3011480625", "price": 90239.1, "amount": 0.038, "side": "buy", "timestamp": 1765583764813}, {"id": "3011480626", "price": 90239.2, "amount": 0.006, "side": "buy", "timestamp": 1765583764813}, {"id": "3011480627", "price": 90239.4, "amount": 0.006, "side": "buy", "timestamp": 1765583764814}, {"id": "3011480628", "price": 90239.6, "amount": 0.003, "side": "buy", "timestamp": 1765583764814}, {"id": "3011480629", "price": 90239.9, "amount": 0.002, "side": "buy", "timestamp": 1765583764817}, {"id": "3011480630", "price": 90240.0, "amount": 0.002, "side": "buy", "timestamp": 1765583764817}, {"id": "3011480631", "price": 90240.1, "amount": 0.003, "side": "buy", "timestamp": 1765583764817}, {"id": "3011480632", "price": 90240.5, "amount": 0.003, "side": "buy", "timestamp": 1765583764817}, {"id": "3011480633", "price": 90240.6, "amount": 0.003, "side": "buy", "timestamp": 1765583764817}, {"id": "3011480634", "price": 90240.8, "amount": 0.416, "side": "buy", "timestamp": 1765583764825}, {"id": "3011480635", "price": 90240.9, "amount": 0.002, "side": "buy", "timestamp": 1765583764826}, {"id": "3011480636", "price": 90241.1, "amount": 0.276, "side": "buy", "timestamp": 1765583764826}, {"id": "3011480637", "price": 90241.2, "amount": 0.002, "side": "buy", "timestamp": 1765583764826}, {"id": "3011480638", "price": 90241.3, "amount": 0.003, "side": "buy", "timestamp": 1765583764826}, {"id": "3011480639", "price": 90241.6, "amount": 0.003, "side": "buy", "timestamp": 1765583764833}, {"id": "3011480640", "price": 90241.7, "amount": 0.033, "side": "buy", "timestamp": 1765583764833}, {"id": "3011480641", "price": 90241.8, "amount": 0.025, "side": "buy", "timestamp": 1765583764833}, {"id": "3011480642", "price": 90242.1, "amount": 0.005, "side": "buy", "timestamp": 1765583764835}, {"id": "3011480643", "price": 90242.3, "amount": 0.003, "side": "buy", "timestamp": 1765583764835}, {"id": "3011480644", "price": 90242.5, "amount": 0.003, "side": "buy", "timestamp": 1765583764836}, {"id": "3011480645", "price": 90242.7, "amount": 0.035, "side": "buy", "timestamp": 1765583764836}, {"id": "3011480646", "price": 90242.8, "amount": 0.006, "side": "buy", "timestamp": 1765583764836}, {"id": "3011480647", "price": 90242.9, "amount": 0.02, "side": "buy", "timestamp": 1765583764836}, {"id": "3011480648", "price": 90243.0, "amount": 0.004, "side": "buy", "timestamp": 1765583764837}, {"id": "3011480649", "price": 90243.3, "amount": 0.005, "side": "buy", "timestamp": 1765583764837}, {"id": "3011480650", "price": 90243.5, "amount": 0.176, "side": "buy", "timestamp": 1765583764837}, {"id": "3011480651", "price": 90243.6, "amount": 0.002, "side": "buy", "timestamp": 1765583764838}, {"id": "3011480652", "price": 90243.8, "amount": 0.003, "side": "buy", "timestamp": 1765583764838}, {"id": "3011480653", "price": 90243.9, "amount": 0.005, "side": "buy", "timestamp": 1765583764838}, {"id": "3011480654", "price": 90244.0, "amount": 0.004, "side": "buy", "timestamp": 1765583764838}, {"id": "3011480655", "price": 90244.6, "amount": 0.003, "side": "buy", "timestamp": 1765583764848}, {"id": "3011480656", "price": 90244.8, "amount": 0.003, "side": "buy", "timestamp": 1765583764848}, {"id": "3011480657", "price": 90245.0, "amount": 0.002, "side": "buy", "timestamp": 1765583764848}, {"id": "3011480658", "price": 90245.1, "amount": 0.003, "side": "buy", "timestamp": 1765583764848}, {"id": "3011480659", "price": 90245.3, "amount": 0.349, "side": "buy", "timestamp": 1765583764963}, {"id": "3011480660", "price": 90245.2, "amount": 0.015, "side": "sell", "timestamp": 1765583764969}, {"id": "3011480934", "price": 90208.6, "amount": 2.809, "side": "sell", "timestamp": 1765583805510}, {"id": "3011480935", "price": 90208.5, "amount": 0.007, "side": "sell", "timestamp": 1765583805510}, {"id": "3011480936", "price": 90208.2, "amount": 0.003, "side": "sell", "timestamp": 1765583805510}, {"id": "3011480937", "price": 90208.0, "amount": 0.003, "side": "sell", "timestamp": 1765583805510}, {"id": "3011480938", "price": 90207.7, "amount": 0.006, "side": "sell", "timestamp": 1765583805510}, {"id": "3011480939", "price": 90207.6, "amount": 0.002, "side": "sell", "timestamp": 1765583805510}, {"id": "3011480940", "price": 90207.5, "amount": 0.005, "side": "sell", "timestamp": 1765583805510}, {"id": "3011480941", "price": 90207.3, "amount": 0.003, "side": "sell", "timestamp": 1765583805510}, {"id": "3011480942", "price": 90207.2, "amount": 0.004, "side": "sell", "timestamp": 1765583805510}, {"id": "3011480943", "price": 90207.0, "amount": 0.483, "side": "sell", "timestamp": 1765583805510}, {"id": "3011480944", "price": 90207.0, "amount": 0.008, "side": "sell", "timestamp": 1765583805658}, {"id": "3011480945", "price": 90207.1, "amount": 0.009, "side": "buy", "timestamp": 1765583805828}, {"id": "3011480946", "price": 90207.1, "amount": 0.002, "side": "buy", "timestamp": 1765583806224}, {"id": "3011480947", "price": 90207.0, "amount": 0.16, "side": "sell", "timestamp": 1765583806396}, {"id": "3011480948", "price": 90207.0, "amount": 0.005, "side": "sell", "timestamp": 1765583806506}, {"id": "3011480949", "price": 90207.0, "amount": 0.006, "side": "sell", "timestamp": 1765583807017}, {"id": "3011480950", "price": 90207.0, "amount": 0.136, "side": "sell", "timestamp": 1765583807393}, {"id": "3011480951", "price": 90207.1, "amount": 0.192, "side": "buy", "timestamp": 1765583808065}, {"id": "3011480952", "price": 90207.0, "amount": 1.292, "side": "sell", "timestamp": 1765583808654}, {"id": "3011480953", "price": 90207.0, "amount": 0.422, "side": "sell", "timestamp": 1765583809038}, {"id": "3011480954", "price": 90207.0, "amount": 0.027, "side": "sell", "timestamp": 1765583809200}, {"id": "3011480955", "price": 90207.1, "amount": 0.109, "side": "buy", "timestamp": 1765583809342}, {"id": "3011480956", "price": 90207.0, "amount": 0.003, "side": "sell", "timestamp": 1765583809378}, {"id": "3011480957", "price": 90207.0, "amount": 0.349, "side": "sell", "timestamp": 1765583810162}, {"id": "3011480958", "price": 90207.0, "amount": 0.006, "side": "sell", "timestamp": 1765583810524}, {"id": "3011480959", "price": 90207.1, "amount": 0.86, "side": "buy", "timestamp": 1765583811817}, {"id": "3011480960", "price": 90207.0, "amount": 0.006, "side": "sell", "timestamp": 1765583812342}, {"id": "3011480961", "price": 90207.0, "amount": 0.015, "side": "sell", "timestamp": 1765583812477}, {"id": "3011480962", "price": 90207.0, "amount": 0.002, "side": "sell", "timestamp": 1765583812681}, {"id": "3011480963", "price": 90207.0, "amount": 0.021, "side": "sell", "timestamp": 1765583812860}, {"id": "3011480964", "price": 90207.0, "amount": 0.872, "side": "sell", "timestamp": 1765583813345}, {"id": "3011480965", "price": 90206.9, "amount": 0.004, "side": "sell", "timestamp": 1765583813350}, {"id": "3011480966", "price": 90206.5, "amount": 0.009, "side": "sell", "timestamp": 1765583813350}, {"id": "3011480967", "price": 90206.3, "amount": 0.003, "side": "sell", "timestamp": 1765583813350}, {"id": "3011480968", "price": 90206.0, "amount": 0.003, "side": "sell", "timestamp": 1765583813350}, {"id": "3011480969", "price": 90205.9, "amount": 0.003, "side": "sell", "timestamp": 1765583813350}, {"id": "3011480970", "price": 90205.5, "amount": 0.003, "side": "sell", "timestamp": 1765583813350}, {"id": "3011480971", "price": 90205.1, "amount": 0.109, "side": "buy", "timestamp": 1765583813575}, {"id": "3011480972", "price": 90205.0, "amount": 0.002, "side": "sell", "timestamp": 1765583813890}, {"id": "3011480973", "price": 90205.1, "amount": 0.011, "side": "buy", "timestamp": 1765583814407}, {"id": "3011480974", "price": 90205.0, "amount": 0.019, "side": "sell", "timestamp": 1765583814498}, {"id": "3011480975", "price": 90205.1, "amount": 0.002, "side": "buy", "timestamp": 1765583814638}, {"id": "3011480976", "price": 90205.0, "amount": 0.025, "side": "sell", "timestamp": 1765583814845}, {"id": "3011480977", "price": 90205.1, "amount": 0.109, "side": "buy", "timestamp": 1765583815175}, {"id": "3011480978", "price": 90205.0, "amount": 0.025, "side": "sell", "timestamp": 1765583815719}, {"id": "3011480979", "price": 90205.1, "amount": 0.012, "side": "buy", "timestamp": 1765583815893}, {"id": "3011480980", "price": 90205.0, "amount": 0.311, "side": "sell", "timestamp": 1765583817167}, {"id": "3011480981", "price": 90205.1, "amount": 0.026, "side": "buy", "timestamp": 1765583817607}, {"id": "3011480982", "price": 90205.0, "amount": 0.46, "side": "sell", "timestamp": 1765583817794}, {"id": "3011480983", "price": 90205.0, "amount": 0.007, "side": "sell", "timestamp": 1765583817968}, {"id": "3011481257", "price": 90191.6, "amount": 0.026, "side": "buy", "timestamp": 1765583851905}, {"id": "3011481258", "price": 90191.6, "amount": 0.004, "side": "buy", "timestamp": 1765583852573}, {"id": "3011481259", "price": 90191.5, "amount": 1.234, "side": "sell", "timestamp": 1765583853660}, {"id": "3011481260", "price": 90191.5, "amount": 0.077, "side": "sell", "timestamp": 1765583853836}, {"id": "3011481261", "price": 90191.5, "amount": 0.031, "side": "sell", "timestamp": 1765583853994}, {"id": "3011481262", "price": 90191.5, "amount": 4.249, "side": "sell", "timestamp": 1765583854223}, {"id": "3011481263", "price": 90191.5, "amount": 0.133, "side": "sell", "timestamp": 1765583854582}, {"id": "3011481264", "price": 90191.5, "amount": 0.031, "side": "sell", "timestamp": 1765583855380}, {"id": "3011481265", "price": 90191.6, "amount": 0.012, "side": "buy", "timestamp": 1765583855533}, {"id": "3011481266", "price": 90191.5, "amount": 0.2, "side": "sell", "timestamp": 1765583855627}, {"id": "3011481267", "price": 90191.5, "amount": 0.002, "side": "sell", "timestamp": 1765583855816}, {"id": "3011481268", "price": 90191.5, "amount": 0.007, "side": "sell", "timestamp": 1765583856540}, {"id": "3011481269", "price": 90191.5, "amount": 0.047, "side": "sell", "timestamp": 1765583856662}, {"id": "3011481270", "price": 90191.5, "amount": 0.009, "side": "sell", "timestamp": 1765583856795}, {"id": "3011481271", "price": 90191.6, "amount": 0.55, "side": "buy", "timestamp": 1765583857002}, {"id": "3011481272", "price": 90191.5, "amount": 0.226, "side": "sell", "timestamp": 1765583857050}, {"id": "3011481273", "price": 90191.5, "amount": 0.015, "side": "sell", "timestamp": 1765583857376}, {"id": "3011481274", "price": 90191.6, "amount": 0.11, "side": "buy", "timestamp": 1765583857731}, {"id": "3011481275", "price": 90191.6, "amount": 0.105, "side": "buy", "timestamp": 1765583858109}, {"id": "3011481276", "price": 90191.5, "amount": 0.002, "side": "sell", "timestamp": 1765583858625}, {"id": "3011481277", "price": 90191.5, "amount": 0.016, "side": "sell", "timestamp": 1765583858909}, {"id": "3011481278", "price": 90191.5, "amount": 0.014, "side": "sell", "timestamp": 1765583859017}, {"id": "3011481279", "price": 90191.6, "amount": 0.037, "side": "buy", "timestamp": 1765583859265}, {"id": "3011481280", "price": 90191.5, "amount": 0.045, "side": "sell", "timestamp": 1765583859410}, {"id": "3011481281", "price": 90191.5, "amount": 0.002, "side": "sell", "timestamp": 1765583859538}, {"id": "3011481282", "price": 90191.5, "amount": 0.016, "side": "sell", "timestamp": 1765583859719}, {"id": "3011481283", "price": 90191.5, "amount": 0.017, "side": "sell", "timestamp": 1765583860214}, {"id": "3011481284", "price": 90191.5, "amount": 0.204, "side": "sell", "timestamp": 1765583860915}, {"id": "3011481285", "price": 90191.6, "amount": 0.025, "side": "buy", "timestamp": 1765583861405}, {"id": "3011481286", "price": 90191.5, "amount": 0.038, "side": "sell", "timestamp": 1765583862295}, {"id": "3011481287", "price": 90191.5, "amount": 0.132, "side": "sell", "timestamp": 1765583862555}, {"id": "3011481288", "price": 90191.6, "amount": 0.003, "side": "buy", "timestamp": 1765583862646}, {"id": "3011481289", "price": 90191.5, "amount": 0.004, "side": "sell", "timestamp": 1765583863290}, {"id": "3011481290", "price": 90191.5, "amount": 0.171, "side": "sell", "timestamp": 1765583863970}, {"id": "3011481291", "price": 90191.5, "amount": 0.004, "side": "sell", "timestamp": 1765583865184}, {"id": "3011481292", "price": 90191.5, "amount": 0.007, "side": "sell", "timestamp": 1765583865295}, {"id": "3011481293", "price": 90191.5, "amount": 0.042, "side": "sell", "timestamp": 1765583865608}, {"id": "3011481294", "price": 90191.6, "amount": 0.004, "side": "buy", "timestamp": 1765583866111}, {"id": "3011481295", "price": 90191.5, "amount": 0.085, "side": "sell", "timestamp": 1765583866305}, {"id": "3011481296", "price": 90191.5, "amount": 0.058, "side": "sell", "timestamp": 1765583866426}, {"id": "3011481297", "price": 90191.5, "amount": 0.02, "side": "sell", "timestamp": 1765583866534}, {"id": "3011481298", "price": 90191.5, "amount": 0.034, "side": "sell", "timestamp": 1765583866655}, {"id": "3011481299", "price": 90191.5, "amount": 0.103, "side": "sell", "timestamp": 1765583867335}, {"id": "3011481300", "price": 90191.5, "amount": 0.008, "side": "sell", "timestamp": 1765583867718}, {"id": "3011481301", "price": 90191.6, "amount": 0.033, "side": "buy", "timestamp": 1765583868728}, {"id": "3011481302", "price": 90191.5, "amount": 0.003, "side": "sell", "timestamp": 1765583870265}, {"id": "3011481303", "price": 90191.5, "amount": 0.012, "side": "sell", "timestamp": 1765583870698}, {"id": "3011481304", "price": 90191.6, "amount": 0.01, "side": "buy", "timestamp": 1765583870778}, {"id": "3011481305", "price": 90191.5, "amount": 0.055, "side": "sell", "timestamp": 1765583871144}, {"id": "3011481306", "price": 90191.5, "amount": 0.022, "side": "sell", "timestamp": 1765583871414}, {"id": "3011481481", "price": 90209.3, "amount": 0.002, "side": "buy", "timestamp": 1765583908325}, {"id": "3011481482", "price": 90209.2, "amount": 1.968, "side": "sell", "timestamp": 1765583908392}, {"id": "3011481483", "price": 90209.3, "amount": 0.013, "side": "buy", "timestamp": 1765583909822}, {"id": "3011481484", "price": 90209.2, "amount": 0.007, "side": "sell", "timestamp": 1765583910358}, {"id": "3011481485", "price": 90209.3, "amount": 0.011, "side": "buy", "timestamp": 1765583911132}, {"id": "3011481486", "price": 90209.2, "amount": 0.002, "side": "sell", "timestamp": 1765583911830}, {"id": "3011481487", "price": 90209.2, "amount": 0.02, "side": "sell", "timestamp": 1765583912481}, {"id": "3011481488", "price": 90209.2, "amount": 0.002, "side": "sell", "timestamp": 1765583913058}, {"id": "3011481489", "price": 90209.2, "amount": 0.006, "side": "sell", "timestamp": 1765583914154}, {"id": "3011481490", "price": 90209.2, "amount": 0.029, "side": "sell", "timestamp": 1765583914677}, {"id": "3011481491", "price": 90209.2, "amount": 0.002, "side": "sell", "timestamp": 1765583915181}, {"id": "3011481492", "price": 90209.2, "amount": 0.002, "side": "sell", "timestamp": 1765583915592}, {"id": "3011481493", "price": 90209.3, "amount": 0.549, "side": "buy", "timestamp": 1765583916627}, {"id": "3011481494", "price": 90209.2, "amount": 0.024, "side": "sell", "timestamp": 1765583916628}, {"id": "3011481495", "price": 90209.2, "amount": 0.018, "side": "sell", "timestamp": 1765583916889}, {"id": "3011481496", "price": 90209.3, "amount": 0.266, "side": "buy", "timestamp": 1765583917291}, {"id": "3011481497", "price": 90209.4, "amount": 0.002, "side": "buy", "timestamp": 1765583917291}, {"id": "3011481498", "price": 90209.6, "amount": 0.055, "side": "buy", "timestamp": 1765583917291}, {"id": "3011481499", "price": 90209.8, "amount": 0.05, "side": "buy", "timestamp": 1765583917291}, {"id": "3011481500", "price": 90210.0, "amount": 0.316, "side": "buy", "timestamp": 1765583917291}, {"id": "3011481501", "price": 90210.1, "amount": 0.039, "side": "buy", "timestamp": 1765583917291}, {"id": "3011481502", "price": 90210.2, "amount": 0.016, "side": "buy", "timestamp": 1765583917291}, {"id": "3011481503", "price": 90210.3, "amount": 0.054, "side": "buy", "timestamp": 1765583917291}, {"id": "3011481504", "price": 90210.4, "amount": 0.005, "side": "buy", "timestamp": 1765583917292}, {"id": "3011481505", "price": 90210.5, "amount": 0.003, "side": "buy", "timestamp": 1765583917292}, {"id": "3011481506", "price": 90210.6, "amount": 0.013, "side": "buy", "timestamp": 1765583917292}, {"id": "3011481507", "price": 90211.0, "amount": 0.005, "side": "buy", "timestamp": 1765583917292}, {"id": "3011481508", "price": 90211.1, "amount": 0.161, "side": "buy", "timestamp": 1765583917292}, {"id": "3011481509", "price": 90211.3, "amount": 0.002, "side": "buy", "timestamp": 1765583917304}, {"id": "3011481510", "price": 90211.5, "amount": 0.002, "side": "buy", "timestamp": 1765583917306}, {"id": "3011481511", "price": 90211.6, "amount": 0.003, "side": "buy", "timestamp": 1765583917306}, {"id": "3011481512", "price": 90211.8, "amount": 0.003, "side": "buy", "timestamp": 1765583917306}, {"id": "3011481513", "price": 90212.0, "amount": 0.002, "side": "buy", "timestamp": 1765583917306}, {"id": "3011481514", "price": 90212.1, "amount": 0.003, "side": "buy", "timestamp": 1765583917306}, {"id": "3011481515", "price": 90212.3, "amount": 0.002, "side": "buy", "timestamp": 1765583917306}, {"id": "3011481516", "price": 90212.4, "amount": 0.03, "side": "buy", "timestamp": 1765583917310}, {"id": "3011481517", "price": 90212.6, "amount": 0.04, "side": "buy", "timestamp": 1765583917313}, {"id": "3011481518", "price": 90212.6, "amount": 0.002, "side": "buy", "timestamp": 1765583918518}, {"id": "3011481519", "price": 90212.6, "amount": 0.1, "side": "buy", "timestamp": 1765583919034}, {"id": "3011481520", "price": 90212.5, "amount": 0.002, "side": "sell", "timestamp": 1765583919128}, {"id": "3011481521", "price": 90212.5, "amount": 0.004, "side": "sell", "timestamp": 1765583919714}, {"id": "3011481522", "price": 90212.6, "amount": 0.2, "side": "buy", "timestamp": 1765583920781}, {"id": "3011481523", "price": 90212.5, "amount": 0.004, "side": "sell", "timestamp": 1765583921298}, {"id": "3011481524", "price": 90212.6, "amount": 0.079, "side": "buy", "timestamp": 1765583921481}, {"id": "3011481525", "price": 90212.6, "amount": 0.002, "side": "buy", "timestamp": 1765583921903}, {"id": "3011481526", "price": 90212.6, "amount": 0.002, "side": "buy", "timestamp": 1765583922056}, {"id": "3011481527", "price": 90212.6, "amount": 0.005, "side": "buy", "timestamp": 1765583923721}, {"id": "3011481528", "price": 90212.5, "amount": 0.002, "side": "sell", "timestamp": 1765583925026}, {"id": "3011481529", "price": 90212.5, "amount": 0.002, "side": "sell", "timestamp": 1765583925160}, {"id": "3011481530", "price": 90212.6, "amount": 0.002, "side": "buy", "timestamp": 1765583925228}, {"id": "3011481710", "price": 90228.5, "amount": 0.002, "side": "buy", "timestamp": 1765583962755}, {"id": "3011481711", "price": 90228.6, "amount": 0.023, "side": "buy", "timestamp": 1765583962759}, {"id": "3011481712", "price": 90228.8, "amount": 0.003, "side": "buy", "timestamp": 1765583962759}, {"id": "3011481713", "price": 90229.4, "amount": 0.005, "side": "buy", "timestamp": 1765583962759}, {"id": "3011481714", "price": 90229.5, "amount": 0.004, "side": "buy", "timestamp": 1765583962759}, {"id": "3011481715", "price": 90229.6, "amount": 0.003, "side": "sell", "timestamp": 1765583962789}, {"id": "3011481716", "price": 90229.6, "amount": 0.001, "side": "sell", "timestamp": 1765583963006}, {"id": "3011481717", "price": 90229.7, "amount": 0.004, "side": "buy", "timestamp": 1765583964158}, {"id": "3011481718", "price": 90229.6, "amount": 0.002, "side": "sell", "timestamp": 1765583965027}, {"id": "3011481719", "price": 90229.7, "amount": 0.01, "side": "buy", "timestamp": 1765583965897}, {"id": "3011481720", "price": 90229.6, "amount": 0.002, "side": "sell", "timestamp": 1765583966587}, {"id": "3011481721", "price": 90229.7, "amount": 0.025, "side": "buy", "timestamp": 1765583966610}, {"id": "3011481722", "price": 90229.6, "amount": 0.002, "side": "sell", "timestamp": 1765583967043}, {"id": "3011481723", "price": 90229.7, "amount": 0.01, "side": "buy", "timestamp": 1765583967337}, {"id": "3011481724", "price": 90229.7, "amount": 0.002, "side": "buy", "timestamp": 1765583967527}, {"id": "3011481725", "price": 90229.6, "amount": 0.098, "side": "sell", "timestamp": 1765583968445}, {"id": "3011481726", "price": 90229.7, "amount": 0.015, "side": "buy", "timestamp": 1765583969133}, {"id": "3011481727", "price": 90229.7, "amount": 0.003, "side": "buy", "timestamp": 1765583969612}, {"id": "3011481728", "price": 90229.6, "amount": 0.005, "side": "sell", "timestamp": 1765583969904}, {"id": "3011481729", "price": 90229.7, "amount": 0.061, "side": "buy", "timestamp": 1765583970315}, {"id": "3011481730", "price": 90229.7, "amount": 0.002, "side": "buy", "timestamp": 1765583970744}, {"id": "3011481731", "price": 90229.7, "amount": 0.003, "side": "buy", "timestamp": 1765583971458}, {"id": "3011481732", "price": 90229.6, "amount": 0.002, "side": "sell", "timestamp": 1765583971502}, {"id": "3011481733", "price": 90229.6, "amount": 0.042, "side": "sell", "timestamp": 1765583971682}, {"id": "3011481734", "price": 90229.6, "amount": 0.023, "side": "sell", "timestamp": 1765583971821}, {"id": "3011481735", "price": 90229.7, "amount": 0.002, "side": "buy", "timestamp": 1765583971876}, {"id": "3011481736", "price": 90229.6, "amount": 0.014, "side": "sell", "timestamp": 1765583971998}, {"id": "3011481737", "price": 90229.7, "amount": 0.332, "side": "buy", "timestamp": 1765583972273}, {"id": "3011481738", "price": 90229.7, "amount": 0.004, "side": "buy", "timestamp": 1765583972426}, {"id": "3011481739", "price": 90229.6, "amount": 0.017, "side": "sell", "timestamp": 1765583972432}, {"id": "3011481740", "price": 90229.7, "amount": 0.005, "side": "buy", "timestamp": 1765583972837}, {"id": "3011481741", "price": 90229.6, "amount": 0.002, "side": "sell", "timestamp": 1765583973089}, {"id": "3011481742", "price": 90229.7, "amount": 0.009, "side": "buy", "timestamp": 1765583973416}, {"id": "3011481743", "price": 90229.6, "amount": 0.002, "side": "sell", "timestamp": 1765583973832}, {"id": "3011481744", "price": 90229.7, "amount": 0.006, "side": "buy", "timestamp": 1765583974277}, {"id": "3011481745", "price": 90229.6, "amount": 0.034, "side": "sell", "timestamp": 1765583974804}, {"id": "3011481746", "price": 90229.6, "amount": 0.002, "side": "sell", "timestamp": 1765583975073}, {"id": "3011481747", "price": 90229.7, "amount": 0.074, "side": "buy", "timestamp": 1765583975570}, {"id": "3011481748", "price": 90229.7, "amount": 0.015, "side": "buy", "timestamp": 1765583975771}, {"id": "3011481749", "price": 90229.6, "amount": 0.002, "side": "sell", "timestamp": 1765583975793}, {"id": "3011481750", "price": 90229.7, "amount": 0.068, "side": "buy", "timestamp": 1765583975870}, {"id": "3011481751", "price": 90229.6, "amount": 0.01, "side": "sell", "timestamp": 1765583976510}, {"id": "3011481752", "price": 90229.6, "amount": 0.034, "side": "sell", "timestamp": 1765583977055}, {"id": "3011481753", "price": 90229.6, "amount": 0.009, "side": "sell", "timestamp": 1765583977403}, {"id": "3011481754", "price": 90229.6, "amount": 0.103, "side": "sell", "timestamp": 1765583977508}, {"id": "3011481755", "price": 90229.7, "amount": 0.002, "side": "buy", "timestamp": 1765583977665}