[{"symbol": "XRPUSDT", "bids": [[2.0269, 8386.6], [2.0268, 17560.3], [2.0267, 19625.0], [2.0266, 20519.4], [2.0265, 14941.8], [2.0264, 18092.9], [2.0263, 18020.8], [2.0262, 28814.6], [2.0261, 25874.6], [2.026, 36702.3], [2.0259, 44911.6], [2.0258, 44469.5], [2.0257, 25369.9], [2.0256, 52605.6], [2.0255, 11802.2], [2.0254, 22626.7], [2.0253, 18001.1], [2.0252, 38301.6], [2.0251, 90136.6], [2.025, 197258.1]], "asks": [[2.027, 50582.0], [2.0271, 48150.6], [2.0272, 28135.6], [2.0273, 47377.0], [2.0274, 63789.2], [2.0275, 29615.5], [2.0276, 22403.0], [2.0277, 40217.3], [2.0278, 37989.4], [2.0279, 73755.4], [2.028, 12528.3], [2.0281, 30752.9], [2.0282, 26735.2], [2.0283, 27337.1], [2.0284, 19155.8], [2.0285, 31068.7], [2.0286, 38321.5], [2.0287, 43291.9], [2.0288, 48789.4], [2.0289, 54120.3]], "timestamp": "2025-12-12T08:49:29.199541+00:00"}, {"symbol": "XRPUSDT", "bids": [[2.0284, 21576.6], [2.0283, 2573.3], [2.0282, 19548.9], [2.0281, 25818.3], [2.028, 22133.7], [2.0279, 22991.7], [2.0278, 50491.5], [2.0277, 27104.6], [2.0276, 33224.1], [2.0275, 23922.4], [2.0274, 24620.3], [2.0273, 28808.3], [2.0272, 48010.8], [2.0271, 18880.8], [2.027, 29990.7], [2.0269, 22128.2], [2.0268, 28391.2], [2.0267, 37758.9], [2.0266, 25056.5], [2.0265, 37923.2]], "asks": [[2.0285, 27575.5], [2.0286, 31935.8], [2.0287, 25531.4], [2.0288, 26780.5], [2.0289, 28390.6], [2.029, 24121.8], [2.0291, 19035.0], [2.0292, 50316.8], [2.0293, 36294.8], [2.0294, 34860.0], [2.0295, 26543.3], [2.0296, 26918.5], [2.0297, 37770.9], [2.0298, 58712.9], [2.0299, 24858.8], [2.03, 43257.6], [2.0301, 31654.7], [2.0302, 25697.2], [2.0303, 35542.3], [2.0304, 123563.9]], "timestamp": "2025-12-12T08:50:22.647545+00:00"}, {"symbol": "XRPUSDT", "bids": [[2.0273, 45627.8], [2.0272, 11122.5], [2.0271, 13186.2], [2.027, 16866.7], [2.0269, 26222.9], [2.0268, 15963.6], [2.0267, 23498.9], [2.0266, 17962.9], [2.0265, 47577.1], [2.0264, 31441.1], [2.0263, 20583.9], [2.0262, 27733.3], [2.0261, 50787.3], [2.026, 55753.4], [2.0259, 45055.0], [2.0258, 151977.6], [2.0257, 25615.8], [2.0256, 50507.2], [2.0255, 3148.0], [2.0254, 33749.2]], "asks": [[2.0274, 1903.6], [2.0275, 9622.8], [2.0276, 12586.4], [2.0277, 19684.9], [2.0278, 42208.8], [2.0279, 38685.5], [2.028, 55369.1], [2.0281, 32799.0], [2.0282, 30267.6], [2.0283, 15444.7], [2.0284, 20106.3], [2.0285, 36026.0], [2.0286, 56000.2], [2.0287, 92395.7], [2.0288, 140628.0], [2.0289, 23105.7], [2.029, 36122.9], [2.0291, 35911.2], [2.0292, 39362.5], [2.0293, 48324.0]], "timestamp": "2025-12-12T08:51:15.690920+00:00"}, {"symbol": "XRPUSDT", "bids": [[2.0278, 4652.8], [2.0277, 1717.9], [2.0276, 17044.1], [2.0275, 24773.0], [2.0274, 21027.0], [2.0273, 16975.8], [2.0272, 34025.9], [2.0271, 33874.5], [2.027, 30704.7], [2.0269, 26108.3], [2.0268, 27858.4], [2.0267, 33227.2], [2.0266, 81011.0], [2.0265, 137010.2], [2.0264, 23955.3], [2.0263, 21995.8], [2.0262, 17250.4], [2.0261, 47931.6], [2.026, 32546.5], [2.0259, 29169.2]], "asks": [[2.0279, 82245.3], [2.028, 33384.3], [2.0281, 25386.7], [2.0282, 31786.0], [2.0283, 31684.4], [2.0284, 19501.5], [2.0285, 38075.5], [2.0286, 34087.2], [2.0287, 53449.6], [2.0288, 40733.9], [2.0289, 13809.6], [2.029, 33049.2], [2.0291, 34973.9], [2.0292, 42260.4], [2.0293, 38133.9], [2.0294, 41518.2], [2.0295, 135166.5], [2.0296, 40981.9], [2.0297, 64701.3], [2.0298, 52535.9]], "timestamp": "2025-12-12T08:52:08.837871+00:00"}, {"symbol": "XRPUSDT", "bids": [[2.028, 7915.7], [2.0279, 8456.7], [2.0278, 10550.5], [2.0277, 16009.8], [2.0276, 32200.9], [2.0275, 25788.8], [2.0274, 36843.8], [2.0273, 26796.5], [2.0272, 56004.6], [2.0271, 58705.1], [2.027, 29733.7], [2.0269, 8645.0], [2.0268, 28240.5], [2.0267, 29922.3], [2.0266, 65162.5], [2.0265, 25834.8], [2.0264, 24154.0], [2.0263, 14821.8], [2.0262, 31727.4], [2.0261, 150556.7]], "asks": [[2.0281, 38659.0], [2.0282, 31892.1], [2.0283, 24427.0], [2.0284, 30732.3], [2.0285, 33812.4], [2.0286, 36507.3], [2.0287, 67305.6], [2.0288, 30862.0], [2.0289, 17276.2], [2.029, 36721.6], [2.0291, 33859.0], [2.0292, 55542.5], [2.0293, 39867.4], [2.0294, 26863.9], [2.0295, 26926.2], [2.0296, 27522.3], [2.0297, 39874.5], [2.0298, 53928.3], [2.0299, 35875.6], [2.03, 55058.4]], "timestamp": "2025-12-12T08:53:01.880804+00:00"}, {"symbol": "XRPUSDT", "bids": [[2.0277, 4441.0], [2.0276, 9686.0], [2.0275, 13542.3], [2.0274, 29697.5], [2.0273, 9458.2], [2.0272, 21983.2], [2.0271, 30755.9], [2.027, 26758.8], [2.0269, 25499.3], [2.0268, 36687.1], [2.0267, 48994.6], [2.0266, 172177.4], [2.0265, 8931.5], [2.0264, 25115.4], [2.0263, 16651.9], [2.0262, 38672.8], [2.0261, 58255.7], [2.026, 107484.9], [2.0259, 29193.8], [2.0258, 35830.8]], "asks": [[2.0278, 29320.0], [2.0279, 26366.1], [2.028, 39301.2], [2.0281, 48471.0], [2.0282, 62797.5], [2.0283, 34235.6], [2.0284, 23208.5], [2.0285, 15423.9], [2.0286, 51163.4], [2.0287, 51853.7], [2.0288, 24883.4], [2.0289, 21569.0], [2.029, 45676.0], [2.0291, 46824.1], [2.0292, 59949.3], [2.0293, 37099.0], [2.0294, 22878.7], [2.0295, 50318.3], [2.0296, 132861.3], [2.0297, 24342.8]], "timestamp": "2025-12-12T08:53:54.925289+00:00"}, {"symbol": "XRPUSDT", "bids": [[2.0274, 1822.2], [2.0273, 6951.5], [2.0272, 10015.7], [2.0271, 15469.8], [2.027, 13305.5], [2.0269, 15756.6], [2.0268, 20345.7], [2.0267, 36804.6], [2.0266, 74271.6], [2.0265, 28693.7], [2.0264, 43731.2], [2.0263, 38256.5], [2.0262, 125021.2], [2.0261, 60093.3], [2.026, 115097.0], [2.0259, 30017.0], [2.0258, 34393.9], [2.0257, 29765.4], [2.0256, 73348.8], [2.0255, 9010.0]], "asks": [[2.0275, 47450.9], [2.0276, 74571.7], [2.0277, 29471.2], [2.0278, 48416.5], [2.0279, 59103.2], [2.028, 154814.2], [2.0281, 64788.6], [2.0282, 35122.2], [2.0283, 19206.2], [2.0284, 15075.0], [2.0285, 35854.0], [2.0286, 50251.2], [2.0287, 38045.1], [2.0288, 24570.7], [2.0289, 29274.8], [2.029, 31475.4], [2.0291, 54586.7], [2.0292, 144946.4], [2.0293, 26944.8], [2.0294, 28483.9]], "timestamp": "2025-12-12T08:54:48.480620+00:00"}, {"symbol": "XRPUSDT", "bids": [[2.0267, 79197.8], [2.0266, 6900.3], [2.0265, 6184.3], [2.0264, 5120.6], [2.0263, 8666.4], [2.0262, 14811.8], [2.0261, 25174.8], [2.026, 68256.9], [2.0259, 127881.4], [2.0258, 40526.3], [2.0257, 33680.3], [2.0256, 53253.3], [2.0255, 13645.2], [2.0254, 17703.0], [2.0253, 47424.5], [2.0252, 33621.3], [2.0251, 74803.1], [2.025, 167865.7], [2.0249, 3476.3], [2.0248, 12792.8]], "asks": [[2.0268, 42548.4], [2.0269, 27639.8], [2.027, 22113.9], [2.0271, 39735.5], [2.0272, 34681.8], [2.0273, 33924.0], [2.0274, 36828.1], [2.0275, 58542.7], [2.0276, 44781.3], [2.0277, 51316.1], [2.0278, 45395.6], [2.0279, 46207.6], [2.028, 42303.1], [2.0281, 41321.4], [2.0282, 16217.4], [2.0283, 31996.6], [2.0284, 21329.6], [2.0285, 44223.9], [2.0286, 57269.2], [2.0287, 59470.2]], "timestamp": "2025-12-12T08:55:42.344509+00:00"}, {"symbol": "XRPUSDT", "bids": [[2.0269, 493.1], [2.0268, 3957.9], [2.0267, 24077.4], [2.0266, 41525.2], [2.0265, 52388.6], [2.0264, 37196.4], [2.0263, 42281.8], [2.0262, 62478.8], [2.0261, 51761.3], [2.026, 47452.8], [2.0259, 14619.3], [2.0258, 33066.5], [2.0257, 26832.7], [2.0256, 55546.2], [2.0255, 12667.7], [2.0254, 25986.1], [2.0253, 36892.0], [2.0252, 38647.0], [2.0251, 76345.0], [2.025, 195646.6]], "asks": [[2.027, 40013.5], [2.0271, 34905.4], [2.0272, 18325.9], [2.0273, 23063.7], [2.0274, 33278.0], [2.0275, 50937.9], [2.0276, 57979.2], [2.0277, 41900.8], [2.0278, 53863.4], [2.0279, 152241.0], [2.028, 34301.3], [2.0281, 42140.1], [2.0282, 20812.3], [2.0283, 30085.2], [2.0284, 18331.3], [2.0285, 42667.6], [2.0286, 67337.5], [2.0287, 44345.7], [2.0288, 40620.2], [2.0289, 35400.1]], "timestamp": "2025-12-12T08:56:35.595701+00:00"}, {"symbol": "XRPUSDT", "bids": [[2.0262, 35464.3], [2.0261, 26272.9], [2.026, 46858.4], [2.0259, 9443.0], [2.0258, 27418.5], [2.0257, 68824.0], [2.0256, 10128.7], [2.0255, 35226.6], [2.0254, 189287.0], [2.0253, 46865.0], [2.0252, 33898.0], [2.0251, 76557.8], [2.025, 154106.4], [2.0249, 28674.7], [2.0248, 16272.4], [2.0247, 31435.9], [2.0246, 14144.4], [2.0245, 26108.2], [2.0244, 68111.6], [2.0243, 34108.8]], "asks": [[2.0263, 5527.9], [2.0264, 6268.0], [2.0265, 20451.0], [2.0266, 43980.2], [2.0267, 14434.6], [2.0268, 30492.2], [2.0269, 66785.7], [2.027, 45205.4], [2.0271, 45607.2], [2.0272, 19582.4], [2.0273, 14820.4], [2.0274, 16531.6], [2.0275, 40035.7], [2.0276, 40033.1], [2.0277, 28925.2], [2.0278, 38086.8], [2.0279, 34287.7], [2.028, 47059.5], [2.0281, 56093.9], [2.0282, 34357.9]], "timestamp": "2025-12-12T08:57:28.636468+00:00"}, {"symbol": "XRPUSDT", "bids": [[2.0267, 11868.4], [2.0266, 6636.2], [2.0265, 13848.7], [2.0264, 17356.2], [2.0263, 16947.9], [2.0262, 19595.0], [2.0261, 40059.9], [2.026, 49273.3], [2.0259, 22960.8], [2.0258, 58677.5], [2.0257, 80755.6], [2.0256, 52024.8], [2.0255, 18242.4], [2.0254, 38982.0], [2.0253, 187232.4], [2.0252, 57461.8], [2.0251, 75493.4], [2.025, 159785.9], [2.0249, 22887.6], [2.0248, 15869.5]], "asks": [[2.0268, 29620.7], [2.0269, 24906.9], [2.027, 38056.8], [2.0271, 41100.2], [2.0272, 33114.0], [2.0273, 32569.9], [2.0274, 26854.5], [2.0275, 47687.9], [2.0276, 37942.4], [2.0277, 27655.3], [2.0278, 35273.5], [2.0279, 45009.7], [2.028, 52605.0], [2.0281, 47204.3], [2.0282, 44734.3], [2.0283, 129958.8], [2.0284, 30757.9], [2.0285, 31821.5], [2.0286, 58444.9], [2.0287, 34810.1]], "timestamp": "2025-12-12T08:58:22.089661+00:00"}, {"symbol": "XRPUSDT", "bids": [[2.0267, 4073.1], [2.0266, 13133.9], [2.0265, 10083.4], [2.0264, 9972.3], [2.0263, 14326.7], [2.0262, 23049.3], [2.0261, 37645.4], [2.026, 68896.3], [2.0259, 19819.8], [2.0258, 53011.1], [2.0257, 85050.7], [2.0256, 50467.3], [2.0255, 14812.6], [2.0254, 20647.5], [2.0253, 58092.5], [2.0252, 202967.5], [2.0251, 93466.3], [2.025, 217214.5], [2.0249, 22274.2], [2.0248, 15887.0]], "asks": [[2.0268, 43024.3], [2.0269, 25003.7], [2.027, 27058.3], [2.0271, 45208.8], [2.0272, 32022.6], [2.0273, 14294.7], [2.0274, 32074.5], [2.0275, 49451.6], [2.0276, 40882.4], [2.0277, 28930.4], [2.0278, 36127.8], [2.0279, 43855.7], [2.028, 53096.4], [2.0281, 63114.5], [2.0282, 136264.7], [2.0283, 21413.4], [2.0284, 29579.1], [2.0285, 31933.5], [2.0286, 64313.0], [2.0287, 28600.3]], "timestamp": "2025-12-12T08:59:15.134454+00:00"}, {"symbol": "XRPUSDT", "bids": [[2.0277, 28138.8], [2.0276, 21457.6], [2.0275, 24328.2], [2.0274, 7888.7], [2.0273, 18845.8], [2.0272, 21782.2], [2.0271, 26648.5], [2.027, 21866.3], [2.0269, 43176.1], [2.0268, 41431.7], [2.0267, 52831.4], [2.0266, 46084.7], [2.0265, 29784.0], [2.0264, 155371.8], [2.0263, 20795.9], [2.0262, 24926.5], [2.0261, 67143.3], [2.026, 65792.7], [2.0259, 11602.5], [2.0258, 24095.1]], "asks": [[2.0278, 13567.5], [2.0279, 10828.7], [2.028, 26831.6], [2.0281, 35525.2], [2.0282, 25729.4], [2.0283, 30126.4], [2.0284, 62547.8], [2.0285, 19755.6], [2.0286, 44691.1], [2.0287, 18515.9], [2.0288, 19078.4], [2.0289, 23359.8], [2.029, 36890.2], [2.0291, 31287.1], [2.0292, 39001.1], [2.0293, 31664.7], [2.0294, 122079.5], [2.0295, 31654.8], [2.0296, 39421.3], [2.0297, 22577.2]], "timestamp": "2025-12-12T09:00:07.883254+00:00"}, {"symbol": "XRPUSDT", "bids": [[2.028, 24154.4], [2.0279, 22277.2], [2.0278, 24748.9], [2.0277, 43712.4], [2.0276, 54784.1], [2.0275, 27001.2], [2.0274, 18173.4], [2.0273, 31032.1], [2.0272, 52664.1], [2.0271, 53001.8], [2.027, 20609.8], [2.0269, 21466.1], [2.0268, 39217.6], [2.0267, 55374.2], [2.0266, 90170.3], [2.0265, 37468.1], [2.0264, 13788.7], [2.0263, 14357.6], [2.0262, 30752.8], [2.0261, 62973.4]], "asks": [[2.0281, 2959.2], [2.0282, 13516.0], [2.0283, 18498.7], [2.0284, 21521.2], [2.0285, 33110.1], [2.0286, 49750.2], [2.0287, 62985.3], [2.0288, 66960.5], [2.0289, 27787.8], [2.029, 18208.6], [2.0291, 40880.4], [2.0292, 44226.3], [2.0293, 34151.7], [2.0294, 33325.8], [2.0295, 26565.1], [2.0296, 35258.0], [2.0297, 25796.5], [2.0298, 48277.8], [2.0299, 27063.3], [2.03, 20866.9]], "timestamp": "2025-12-12T09:01:01.323692+00:00"}, {"symbol": "XRPUSDT", "bids": [[2.0278, 21052.5], [2.0277, 25324.4], [2.0276, 21583.5], [2.0275, 22152.7], [2.0274, 19726.1], [2.0273, 18698.0], [2.0272, 34614.6], [2.0271, 48664.1], [2.027, 30519.7], [2.0269, 37123.5], [2.0268, 39477.1], [2.0267, 67969.7], [2.0266, 185760.7], [2.0265, 31224.4], [2.0264, 22714.8], [2.0263, 18603.4], [2.0262, 52130.2], [2.0261, 48434.0], [2.026, 45654.6], [2.0259, 19439.4]], "asks": [[2.0279, 9333.6], [2.028, 13455.8], [2.0281, 20379.1], [2.0282, 40381.1], [2.0283, 31414.0], [2.0284, 30199.1], [2.0285, 34113.1], [2.0286, 35255.8], [2.0287, 90055.6], [2.0288, 32558.7], [2.0289, 27119.2], [2.029, 24340.6], [2.0291, 49110.5], [2.0292, 41257.0], [2.0293, 23894.0], [2.0294, 31615.8], [2.0295, 43588.1], [2.0296, 136093.7], [2.0297, 30526.7], [2.0298, 56852.0]], "timestamp": "2025-12-12T09:01:54.515158+00:00"}, {"symbol": "XRPUSDT", "bids": [[2.0285, 6097.1], [2.0284, 11382.8], [2.0283, 10008.5], [2.0282, 17172.3], [2.0281, 23541.3], [2.028, 25535.9], [2.0279, 24406.7], [2.0278, 44532.3], [2.0277, 44129.1], [2.0276, 56161.8], [2.0275, 22921.7], [2.0274, 24844.4], [2.0273, 19628.4], [2.0272, 67212.8], [2.0271, 45723.5], [2.027, 22161.6], [2.0269, 17052.5], [2.0268, 37331.1], [2.0267, 115508.2], [2.0266, 46580.3]], "asks": [[2.0286, 78691.1], [2.0287, 36250.0], [2.0288, 16544.9], [2.0289, 21719.7], [2.029, 31414.1], [2.0291, 32644.7], [2.0292, 73953.9], [2.0293, 60678.3], [2.0294, 16698.4], [2.0295, 24062.5], [2.0296, 38780.0], [2.0297, 49713.7], [2.0298, 47295.3], [2.0299, 18619.0], [2.03, 15324.9], [2.0301, 20351.9], [2.0302, 32031.9], [2.0303, 51101.4], [2.0304, 68413.4], [2.0305, 45924.3]], "timestamp": "2025-12-12T09:02:48.135628+00:00"}, {"symbol": "XRPUSDT", "bids": [[2.0271, 102166.2], [2.027, 1242.9], [2.0269, 4713.7], [2.0268, 6413.6], [2.0267, 8973.2], [2.0266, 17040.9], [2.0265, 49241.5], [2.0264, 41231.5], [2.0263, 17162.9], [2.0262, 40486.6], [2.0261, 56894.7], [2.026, 74068.4], [2.0259, 13409.8], [2.0258, 46577.4], [2.0257, 29643.2], [2.0256, 55157.7], [2.0255, 13112.2], [2.0254, 23697.5], [2.0253, 13815.1], [2.0252, 39822.7]], "asks": [[2.0272, 37281.1], [2.0273, 22140.3], [2.0274, 20251.0], [2.0275, 33228.2], [2.0276, 47961.1], [2.0277, 59573.0], [2.0278, 24746.8], [2.0279, 33394.2], [2.028, 52462.2], [2.0281, 53740.3], [2.0282, 76962.3], [2.0283, 27505.4], [2.0284, 23166.1], [2.0285, 46693.8], [2.0286, 26843.2], [2.0287, 66204.8], [2.0288, 27878.3], [2.0289, 39198.2], [2.029, 28102.8], [2.0291, 40773.8]], "timestamp": "2025-12-12T09:03:41.415854+00:00"}, {"symbol": "XRPUSDT", "bids": [[2.0272, 20722.5], [2.0271, 5866.3], [2.027, 10960.8], [2.0269, 23750.4], [2.0268, 27013.4], [2.0267, 21903.9], [2.0266, 21229.5], [2.0265, 33914.3], [2.0264, 26494.3], [2.0263, 32663.3], [2.0262, 39309.4], [2.0261, 52011.9], [2.026, 60628.4], [2.0259, 15560.5], [2.0258, 58807.8], [2.0257, 50484.4], [2.0256, 55892.1], [2.0255, 4547.2], [2.0254, 22152.9], [2.0253, 95017.5]], "asks": [[2.0273, 22288.5], [2.0274, 25788.1], [2.0275, 30499.6], [2.0276, 34773.4], [2.0277, 59373.6], [2.0278, 29062.5], [2.0279, 24971.3], [2.028, 65258.2], [2.0281, 21992.8], [2.0282, 67070.5], [2.0283, 22248.2], [2.0284, 18650.3], [2.0285, 49358.4], [2.0286, 29076.4], [2.0287, 68146.9], [2.0288, 39872.8], [2.0289, 29363.1], [2.029, 23000.2], [2.0291, 41662.1], [2.0292, 76585.5]], "timestamp": "2025-12-12T09:04:35.137288+00:00"}, {"symbol": "XRPUSDT", "bids": [[2.0275, 19735.8], [2.0274, 11099.0], [2.0273, 19509.9], [2.0272, 16228.6], [2.0271, 18182.1], [2.027, 31804.9], [2.0269, 34844.4], [2.0268, 36466.2], [2.0267, 57645.9], [2.0266, 47193.3], [2.0265, 42157.8], [2.0264, 16040.4], [2.0263, 17119.9], [2.0262, 41660.6], [2.0261, 55013.5], [2.026, 29136.8], [2.0259, 21667.1], [2.0258, 103430.3], [2.0257, 43015.4], [2.0256, 55710.8]], "asks": [[2.0276, 21499.6], [2.0277, 19006.1], [2.0278, 24650.0], [2.0279, 25531.7], [2.028, 34963.2], [2.0281, 52525.7], [2.0282, 63494.6], [2.0283, 32091.1], [2.0284, 58220.3], [2.0285, 49237.9], [2.0286, 41630.1], [2.0287, 67285.0], [2.0288, 46161.5], [2.0289, 31170.8], [2.029, 24953.4], [2.0291, 45297.4], [2.0292, 60272.1], [2.0293, 33311.4], [2.0294, 42712.8], [2.0295, 51479.6]], "timestamp": "2025-12-12T09:05:28.239750+00:00"}, {"symbol": "XRPUSDT", "bids": [[2.0272, 17692.4], [2.0271, 8075.2], [2.027, 19908.0], [2.0269, 23154.1], [2.0268, 26438.1], [2.0267, 43209.0], [2.0266, 55456.6], [2.0265, 46304.0], [2.0264, 25674.4], [2.0263, 23687.7], [2.0262, 50673.2], [2.0261, 125176.7], [2.026, 36019.2], [2.0259, 21872.8], [2.0258, 68406.3], [2.0257, 23997.5], [2.0256, 52945.2], [2.0255, 4647.6], [2.0254, 23342.0], [2.0253, 25738.2]], "asks": [[2.0273, 19082.1], [2.0274, 17013.6], [2.0275, 27574.0], [2.0276, 46717.8], [2.0277, 44729.4], [2.0278, 23171.1], [2.0279, 34023.6], [2.028, 40739.8], [2.0281, 71413.6], [2.0282, 55685.2], [2.0283, 22872.7], [2.0284, 13478.0], [2.0285, 27519.7], [2.0286, 32820.9], [2.0287, 65332.2], [2.0288, 24066.4], [2.0289, 49078.6], [2.029, 48238.5], [2.0291, 66098.3], [2.0292, 61797.5]], "timestamp": "2025-12-12T09:06:21.907215+00:00"}, {"symbol": "XRPUSDT", "bids": [[2.0279, 25853.7], [2.0278, 24370.0], [2.0277, 20679.3], [2.0276, 18031.3], [2.0275, 34687.5], [2.0274, 44900.2], [2.0273, 69831.5], [2.0272, 36866.5], [2.0271, 33172.7], [2.027, 44725.6], [2.0269, 20511.2], [2.0268, 19820.7], [2.0267, 31336.3], [2.0266, 62716.8], [2.0265, 30769.4], [2.0264, 22932.9], [2.0263, 41055.0], [2.0262, 84174.2], [2.0261, 57090.2], [2.026, 115250.1]], "asks": [[2.028, 20401.3], [2.0281, 8368.2], [2.0282, 16699.3], [2.0283, 21817.8], [2.0284, 27455.0], [2.0285, 32908.0], [2.0286, 37626.2], [2.0287, 109176.6], [2.0288, 17085.6], [2.0289, 26063.8], [2.029, 29544.2], [2.0291, 39692.8], [2.0292, 87887.9], [2.0293, 23629.5], [2.0294, 28130.6], [2.0295, 27728.9], [2.0296, 46056.3], [2.0297, 39993.3], [2.0298, 55114.8], [2.0299, 27282.8]], "timestamp": "2025-12-12T09:07:15.702259+00:00"}, {"symbol": "XRPUSDT", "bids": [[2.0276, 14993.5], [2.0275, 9347.1], [2.0274, 18574.5], [2.0273, 28387.0], [2.0272, 30824.1], [2.0271, 20953.4], [2.027, 37386.2], [2.0269, 28352.4], [2.0268, 37050.8], [2.0267, 35335.4], [2.0266, 51623.4], [2.0265, 32657.4], [2.0264, 27131.2], [2.0263, 32930.4], [2.0262, 68178.0], [2.0261, 62444.9], [2.026, 32715.9], [2.0259, 15280.3], [2.0258, 48008.1], [2.0257, 44694.6]], "asks": [[2.0277, 42418.6], [2.0278, 28331.9], [2.0279, 33036.6], [2.028, 35393.8], [2.0281, 34752.6], [2.0282, 28536.5], [2.0283, 32618.8], [2.0284, 24466.7], [2.0285, 50200.5], [2.0286, 66736.6], [2.0287, 60270.5], [2.0288, 28884.0], [2.0289, 27295.3], [2.029, 13708.7], [2.0291, 35530.2], [2.0292, 89330.7], [2.0293, 29364.6], [2.0294, 27106.2], [2.0295, 37161.7], [2.0296, 44415.8]], "timestamp": "2025-12-12T09:08:08.579818+00:00"}, {"symbol": "XRPUSDT", "bids": [[2.0265, 14233.4], [2.0264, 13056.9], [2.0263, 15221.3], [2.0262, 10899.1], [2.0261, 19610.9], [2.026, 32355.5], [2.0259, 37314.8], [2.0258, 49187.2], [2.0257, 33433.6], [2.0256, 57239.6], [2.0255, 9511.8], [2.0254, 42630.9], [2.0253, 24832.1], [2.0252, 53851.1], [2.0251, 89628.3], [2.025, 209168.3], [2.0249, 2910.5], [2.0248, 21499.6], [2.0247, 20355.7], [2.0246, 55807.9]], "asks": [[2.0266, 20422.3], [2.0267, 22668.0], [2.0268, 26642.1], [2.0269, 37582.0], [2.027, 44343.4], [2.0271, 47152.4], [2.0272, 62856.2], [2.0273, 80065.1], [2.0274, 33663.1], [2.0275, 40436.8], [2.0276, 27617.0], [2.0277, 56003.0], [2.0278, 24165.5], [2.0279, 16774.3], [2.028, 25432.0], [2.0281, 33157.2], [2.0282, 57287.2], [2.0283, 26940.5], [2.0284, 30137.7], [2.0285, 51393.8]], "timestamp": "2025-12-12T09:09:01.585304+00:00"}, {"symbol": "XRPUSDT", "bids": [[2.026, 14109.7], [2.0259, 15047.6], [2.0258, 13952.2], [2.0257, 21942.7], [2.0256, 18756.8], [2.0255, 25912.7], [2.0254, 49484.8], [2.0253, 43710.7], [2.0252, 52889.0], [2.0251, 110184.4], [2.025, 247721.5], [2.0249, 17083.9], [2.0248, 23824.4], [2.0247, 22571.0], [2.0246, 29819.5], [2.0245, 32336.5], [2.0244, 66203.7], [2.0243, 33221.7], [2.0242, 24726.6], [2.0241, 21673.8]], "asks": [[2.0261, 14594.9], [2.0262, 15391.2], [2.0263, 26501.7], [2.0264, 39869.6], [2.0265, 38408.9], [2.0266, 56811.1], [2.0267, 79816.6], [2.0268, 28377.2], [2.0269, 42562.3], [2.027, 24046.7], [2.0271, 41592.3], [2.0272, 48030.8], [2.0273, 34451.8], [2.0274, 12617.0], [2.0275, 25284.0], [2.0276, 34277.8], [2.0277, 62130.6], [2.0278, 28241.3], [2.0279, 33577.6], [2.028, 86592.6]], "timestamp": "2025-12-12T09:09:55.244623+00:00"}, {"symbol": "XRPUSDT", "bids": [[2.026, 24851.6], [2.0259, 14069.3], [2.0258, 15226.1], [2.0257, 14829.0], [2.0256, 22517.6], [2.0255, 25214.1], [2.0254, 27934.8], [2.0253, 42322.5], [2.0252, 40184.7], [2.0251, 99748.5], [2.025, 213956.9], [2.0249, 17056.7], [2.0248, 37170.0], [2.0247, 37596.1], [2.0246, 27662.2], [2.0245, 63318.9], [2.0244, 65862.0], [2.0243, 32999.0], [2.0242, 24869.9], [2.0241, 22885.6]], "asks": [[2.0261, 5031.5], [2.0262, 11321.4], [2.0263, 22105.2], [2.0264, 25884.1], [2.0265, 38817.4], [2.0266, 46878.7], [2.0267, 90181.9], [2.0268, 30925.2], [2.0269, 40053.4], [2.027, 15094.5], [2.0271, 35574.8], [2.0272, 48358.5], [2.0273, 38584.9], [2.0274, 27884.8], [2.0275, 64084.0], [2.0276, 27199.6], [2.0277, 78255.1], [2.0278, 11733.2], [2.0279, 19330.6], [2.028, 34436.2]], "timestamp": "2025-12-12T09:10:48.405810+00:00"}, {"symbol": "XRPUSDT", "bids": [[2.0274, 33693.2], [2.0273, 43381.6], [2.0272, 38908.4], [2.0271, 13908.8], [2.027, 31300.1], [2.0269, 22775.3], [2.0268, 26384.2], [2.0267, 40380.2], [2.0266, 75911.7], [2.0265, 53447.0], [2.0264, 38819.5], [2.0263, 17612.6], [2.0262, 33422.7], [2.0261, 54644.5], [2.026, 28457.3], [2.0259, 15001.6], [2.0258, 49173.5], [2.0257, 32751.1], [2.0256, 46413.7], [2.0255, 12573.2]], "asks": [[2.0275, 6558.6], [2.0276, 12521.7], [2.0277, 17455.3], [2.0278, 41170.5], [2.0279, 71563.1], [2.028, 28099.0], [2.0281, 67309.8], [2.0282, 54355.6], [2.0283, 17574.5], [2.0284, 16728.9], [2.0285, 30884.5], [2.0286, 47290.9], [2.0287, 66035.4], [2.0288, 29581.3], [2.0289, 32612.8], [2.029, 31948.6], [2.0291, 28941.3], [2.0292, 54779.7], [2.0293, 33288.6], [2.0294, 33468.7]], "timestamp": "2025-12-12T09:11:42.155948+00:00"}, {"symbol": "XRPUSDT", "bids": [[2.0268, 92341.7], [2.0267, 25434.2], [2.0266, 39339.8], [2.0265, 27043.6], [2.0264, 15491.0], [2.0263, 16659.9], [2.0262, 18154.0], [2.0261, 11103.1], [2.026, 27278.9], [2.0259, 30496.7], [2.0258, 33260.7], [2.0257, 38360.3], [2.0256, 70375.3], [2.0255, 57286.1], [2.0254, 17555.6], [2.0253, 25499.1], [2.0252, 33921.7], [2.0251, 95522.2], [2.025, 224053.4], [2.0249, 29168.7]], "asks": [[2.0269, 2787.0], [2.027, 9700.4], [2.0271, 14929.8], [2.0272, 20114.3], [2.0273, 32955.8], [2.0274, 41036.5], [2.0275, 38696.2], [2.0276, 61338.4], [2.0277, 63379.0], [2.0278, 13892.7], [2.0279, 33475.7], [2.028, 33058.3], [2.0281, 53593.5], [2.0282, 47515.4], [2.0283, 24318.0], [2.0284, 31520.7], [2.0285, 55672.8], [2.0286, 57218.3], [2.0287, 68137.0], [2.0288, 25294.8]], "timestamp": "2025-12-12T09:12:35.706647+00:00"}, {"symbol": "XRPUSDT", "bids": [[2.0282, 62654.4], [2.0281, 14380.7], [2.028, 22199.2], [2.0279, 20861.9], [2.0278, 38697.0], [2.0277, 25382.6], [2.0276, 15654.5], [2.0275, 15988.2], [2.0274, 30157.5], [2.0273, 52989.0], [2.0272, 73538.4], [2.0271, 35347.2], [2.027, 21637.0], [2.0269, 22279.5], [2.0268, 18564.5], [2.0267, 70149.8], [2.0266, 25251.9], [2.0265, 31442.4], [2.0264, 23559.9], [2.0263, 16443.2]], "asks": [[2.0283, 4772.6], [2.0284, 8264.8], [2.0285, 16183.5], [2.0286, 28198.8], [2.0287, 75752.8], [2.0288, 37456.2], [2.0289, 56151.8], [2.029, 78858.2], [2.0291, 265194.9], [2.0292, 56338.4], [2.0293, 44919.1], [2.0294, 20130.0], [2.0295, 22674.7], [2.0296, 29369.5], [2.0297, 26438.2], [2.0298, 56398.2], [2.0299, 18528.1], [2.03, 23911.3], [2.0301, 20042.8], [2.0302, 21174.0]], "timestamp": "2025-12-12T09:13:28.750370+00:00"}, {"symbol": "XRPUSDT", "bids": [[2.0296, 9395.9], [2.0295, 18492.5], [2.0294, 25638.0], [2.0293, 39639.2], [2.0292, 41759.6], [2.0291, 25592.9], [2.029, 15719.3], [2.0289, 19179.5], [2.0288, 46831.3], [2.0287, 36483.3], [2.0286, 41883.4], [2.0285, 66223.2], [2.0284, 27217.6], [2.0283, 34669.0], [2.0282, 37965.8], [2.0281, 31871.7], [2.028, 54893.3], [2.0279, 25997.9], [2.0278, 17570.3], [2.0277, 21871.4]], "asks": [[2.0297, 31822.0], [2.0298, 22701.1], [2.0299, 33503.3], [2.03, 43435.3], [2.0301, 40808.9], [2.0302, 68859.2], [2.0303, 297721.0], [2.0304, 46414.8], [2.0305, 37998.2], [2.0306, 28828.7], [2.0307, 18548.4], [2.0308, 21351.1], [2.0309, 51752.9], [2.031, 42900.5], [2.0311, 14524.3], [2.0312, 12917.4], [2.0313, 21362.0], [2.0314, 69274.6], [2.0315, 25241.3], [2.0316, 36563.3]], "timestamp": "2025-12-12T09:14:21.794235+00:00"}, {"symbol": "XRPUSDT", "bids": [[2.0296, 3329.7], [2.0295, 10391.4], [2.0294, 9652.6], [2.0293, 24513.6], [2.0292, 23684.4], [2.0291, 26428.3], [2.029, 33520.4], [2.0289, 33730.7], [2.0288, 33386.3], [2.0287, 21386.2], [2.0286, 35362.9], [2.0285, 58150.4], [2.0284, 24118.9], [2.0283, 20772.2], [2.0282, 34986.3], [2.0281, 38416.6], [2.028, 91783.3], [2.0279, 346185.4], [2.0278, 16121.6], [2.0277, 19592.7]], "asks": [[2.0297, 51668.2], [2.0298, 30280.4], [2.0299, 61170.3], [2.03, 45350.2], [2.0301, 33437.6], [2.0302, 25367.5], [2.0303, 38156.0], [2.0304, 58987.6], [2.0305, 36122.7], [2.0306, 21991.5], [2.0307, 27580.4], [2.0308, 30167.8], [2.0309, 80943.0], [2.031, 35815.2], [2.0311, 19908.0], [2.0312, 29317.1], [2.0313, 26833.6], [2.0314, 63797.9], [2.0315, 32176.4], [2.0316, 28614.7]], "timestamp": "2025-12-12T09:15:14.763472+00:00"}, {"symbol": "XRPUSDT", "bids": [[2.0296, 60084.8], [2.0295, 19088.4], [2.0294, 19965.7], [2.0293, 21179.2], [2.0292, 27365.7], [2.0291, 32728.3], [2.029, 31055.7], [2.0289, 13414.6], [2.0288, 37791.0], [2.0287, 19879.7], [2.0286, 32386.9], [2.0285, 58381.3], [2.0284, 34169.7], [2.0283, 22512.8], [2.0282, 49273.9], [2.0281, 65816.2], [2.028, 57993.4], [2.0279, 27073.4], [2.0278, 17313.9], [2.0277, 19592.7]], "asks": [[2.0297, 2879.5], [2.0298, 8487.3], [2.0299, 13351.9], [2.03, 23570.5], [2.0301, 32832.2], [2.0302, 37214.3], [2.0303, 38694.0], [2.0304, 62941.7], [2.0305, 37398.5], [2.0306, 24420.8], [2.0307, 30862.1], [2.0308, 33556.8], [2.0309, 55660.1], [2.031, 41236.4], [2.0311, 62618.7], [2.0312, 33499.5], [2.0313, 27088.0], [2.0314, 64950.0], [2.0315, 16925.2], [2.0316, 26194.0]], "timestamp": "2025-12-12T09:16:07.387385+00:00"}, {"symbol": "XRPUSDT", "bids": [[2.03, 90462.8], [2.0299, 43865.7], [2.0298, 30011.3], [2.0297, 20723.0], [2.0296, 13674.9], [2.0295, 31474.8], [2.0294, 20449.2], [2.0293, 27720.1], [2.0292, 33779.9], [2.0291, 58249.4], [2.029, 34252.0], [2.0289, 20121.4], [2.0288, 31198.5], [2.0287, 27101.0], [2.0286, 31840.2], [2.0285, 57226.3], [2.0284, 20445.1], [2.0283, 24982.7], [2.0282, 35100.4], [2.0281, 33961.4]], "asks": [[2.0301, 977.1], [2.0302, 8332.0], [2.0303, 14017.0], [2.0304, 30275.5], [2.0305, 29476.0], [2.0306, 26262.9], [2.0307, 37795.1], [2.0308, 22350.4], [2.0309, 55686.1], [2.031, 36003.2], [2.0311, 31852.9], [2.0312, 29904.7], [2.0313, 18253.1], [2.0314, 61666.3], [2.0315, 15795.6], [2.0316, 15075.8], [2.0317, 19107.3], [2.0318, 34133.3], [2.0319, 63239.6], [2.032, 67723.7]], "timestamp": "2025-12-12T09:17:01.130785+00:00"}, {"symbol": "XRPUSDT", "bids": [[2.0296, 28763.8], [2.0295, 22893.0], [2.0294, 24250.4], [2.0293, 27193.4], [2.0292, 27675.9], [2.0291, 43776.3], [2.029, 61662.0], [2.0289, 25600.8], [2.0288, 29039.5], [2.0287, 23504.2], [2.0286, 40508.3], [2.0285, 93613.0], [2.0284, 263405.1], [2.0283, 25181.1], [2.0282, 24171.8], [2.0281, 48515.0], [2.028, 57794.3], [2.0279, 25319.2], [2.0278, 18238.8], [2.0277, 21009.6]], "asks": [[2.0297, 10188.6], [2.0298, 9949.1], [2.0299, 7229.7], [2.03, 19855.8], [2.0301, 32513.4], [2.0302, 46287.0], [2.0303, 32768.4], [2.0304, 52050.1], [2.0305, 42995.4], [2.0306, 21879.7], [2.0307, 26391.1], [2.0308, 27951.7], [2.0309, 66456.3], [2.031, 34732.8], [2.0311, 31096.2], [2.0312, 34574.5], [2.0313, 74481.7], [2.0314, 294066.5], [2.0315, 15830.8], [2.0316, 14072.7]], "timestamp": "2025-12-12T09:17:54.292110+00:00"}, {"symbol": "XRPUSDT", "bids": [[2.0302, 24070.9], [2.0301, 18040.0], [2.03, 22982.5], [2.0299, 20156.9], [2.0298, 25222.8], [2.0297, 27048.8], [2.0296, 38680.8], [2.0295, 65232.4], [2.0294, 30229.2], [2.0293, 29416.0], [2.0292, 29750.0], [2.0291, 26505.0], [2.029, 59760.6], [2.0289, 25644.8], [2.0288, 33619.5], [2.0287, 17893.1], [2.0286, 34903.6], [2.0285, 59631.4], [2.0284, 73359.2], [2.0283, 259659.8]], "asks": [[2.0303, 8958.7], [2.0304, 14967.0], [2.0305, 19834.6], [2.0306, 22797.8], [2.0307, 28659.4], [2.0308, 39263.6], [2.0309, 56426.8], [2.031, 32033.2], [2.0311, 47378.1], [2.0312, 55984.2], [2.0313, 252434.3], [2.0314, 57030.4], [2.0315, 16174.7], [2.0316, 16089.9], [2.0317, 17979.3], [2.0318, 31121.2], [2.0319, 59530.9], [2.032, 39492.6], [2.0321, 26649.9], [2.0322, 17774.2]], "timestamp": "2025-12-12T09:18:47.630587+00:00"}, {"symbol": "XRPUSDT", "bids": [[2.0313, 9114.0], [2.0312, 16705.6], [2.0311, 24314.9], [2.031, 31877.1], [2.0309, 29969.8], [2.0308, 70710.1], [2.0307, 35715.4], [2.0306, 33016.1], [2.0305, 43010.0], [2.0304, 14254.8], [2.0303, 28309.0], [2.0302, 32253.1], [2.0301, 51851.2], [2.03, 84124.9], [2.0299, 6440.1], [2.0298, 26222.5], [2.0297, 21762.0], [2.0296, 34025.8], [2.0295, 68446.8], [2.0294, 19678.5]], "asks": [[2.0314, 39068.1], [2.0315, 22854.0], [2.0316, 24413.3], [2.0317, 28384.7], [2.0318, 29787.6], [2.0319, 64417.4], [2.032, 38589.9], [2.0321, 58383.8], [2.0322, 19396.0], [2.0323, 25773.8], [2.0324, 49877.8], [2.0325, 33994.2], [2.0326, 15613.4], [2.0327, 34200.0], [2.0328, 35697.5], [2.0329, 48834.0], [2.033, 31625.1], [2.0331, 52177.4], [2.0332, 17940.5], [2.0333, 18814.7]], "timestamp": "2025-12-12T09:19:40.775698+00:00"}, {"symbol": "XRPUSDT", "bids": [[2.0303, 40542.4], [2.0302, 22816.4], [2.0301, 34495.2], [2.03, 39736.3], [2.0299, 20747.2], [2.0298, 21925.7], [2.0297, 23892.6], [2.0296, 30859.9], [2.0295, 77013.0], [2.0294, 55011.2], [2.0293, 292742.0], [2.0292, 35880.7], [2.0291, 21795.8], [2.029, 81130.6], [2.0289, 16907.1], [2.0288, 27769.1], [2.0287, 14745.0], [2.0286, 28685.0], [2.0285, 66848.2], [2.0284, 14295.3]], "asks": [[2.0304, 15148.6], [2.0305, 13356.8], [2.0306, 27516.0], [2.0307, 29331.3], [2.0308, 46934.9], [2.0309, 30551.7], [2.031, 50382.2], [2.0311, 13833.8], [2.0312, 36279.2], [2.0313, 39301.7], [2.0314, 37056.5], [2.0315, 39319.7], [2.0316, 34194.1], [2.0317, 30823.8], [2.0318, 38680.7], [2.0319, 61704.7], [2.032, 55574.5], [2.0321, 27953.7], [2.0322, 61433.2], [2.0323, 276152.4]], "timestamp": "2025-12-12T09:20:34.561484+00:00"}, {"symbol": "XRPUSDT", "bids": [[2.0309, 37766.8], [2.0308, 25031.7], [2.0307, 20412.4], [2.0306, 15256.9], [2.0305, 18557.7], [2.0304, 34511.5], [2.0303, 30847.6], [2.0302, 55866.6], [2.0301, 39428.0], [2.03, 89804.7], [2.0299, 21760.5], [2.0298, 24016.6], [2.0297, 24662.4], [2.0296, 47069.7], [2.0295, 66318.1], [2.0294, 14819.7], [2.0293, 21468.1], [2.0292, 67868.8], [2.0291, 288398.6], [2.029, 86929.8]], "asks": [[2.031, 8529.2], [2.0311, 10147.6], [2.0312, 23065.8], [2.0313, 29994.2], [2.0314, 58388.7], [2.0315, 28474.0], [2.0316, 23475.7], [2.0317, 33344.9], [2.0318, 31371.5], [2.0319, 58207.9], [2.032, 74308.8], [2.0321, 256994.1], [2.0322, 20504.8], [2.0323, 27929.2], [2.0324, 39244.6], [2.0325, 39638.9], [2.0326, 46784.2], [2.0327, 17939.7], [2.0328, 21776.7], [2.0329, 57106.7]], "timestamp": "2025-12-12T09:21:27.273314+00:00"}, {"symbol": "XRPUSDT", "bids": [[2.0277, 34932.6], [2.0276, 23234.6], [2.0275, 11164.6], [2.0274, 15633.4], [2.0273, 15972.1], [2.0272, 23457.5], [2.0271, 26500.5], [2.027, 22402.3], [2.0269, 48349.9], [2.0268, 27303.7], [2.0267, 88005.5], [2.0266, 32474.0], [2.0265, 32406.8], [2.0264, 26666.4], [2.0263, 39939.8], [2.0262, 31003.0], [2.0261, 46170.1], [2.026, 18620.9], [2.0259, 33365.2], [2.0258, 152215.9]], "asks": [[2.0278, 12458.7], [2.0279, 9596.3], [2.028, 22802.2], [2.0281, 44220.9], [2.0282, 19377.6], [2.0283, 27317.5], [2.0284, 34225.4], [2.0285, 48847.5], [2.0286, 62536.9], [2.0287, 22025.4], [2.0288, 28049.5], [2.0289, 23283.7], [2.029, 44805.7], [2.0291, 54619.0], [2.0292, 51305.4], [2.0293, 19110.0], [2.0294, 38925.4], [2.0295, 39467.6], [2.0296, 68504.1], [2.0297, 54117.8]], "timestamp": "2025-12-12T09:22:20.827954+00:00"}, {"symbol": "XRPUSDT", "bids": [[2.0268, 14939.6], [2.0267, 14221.5], [2.0266, 14880.8], [2.0265, 19359.3], [2.0264, 11337.2], [2.0263, 22490.5], [2.0262, 51619.1], [2.0261, 64499.0], [2.026, 20641.2], [2.0259, 21654.6], [2.0258, 49075.3], [2.0257, 37329.7], [2.0256, 62912.2], [2.0255, 24432.4], [2.0254, 23413.8], [2.0253, 16133.8], [2.0252, 35809.1], [2.0251, 84624.6], [2.025, 185194.3], [2.0249, 14357.0]], "asks": [[2.0269, 16075.7], [2.027, 34433.3], [2.0271, 29814.9], [2.0272, 39114.5], [2.0273, 21074.0], [2.0274, 55800.1], [2.0275, 36946.8], [2.0276, 15810.6], [2.0277, 28313.4], [2.0278, 18488.4], [2.0279, 37264.9], [2.028, 41295.7], [2.0281, 45431.3], [2.0282, 15126.0], [2.0283, 28402.6], [2.0284, 31289.4], [2.0285, 44380.3], [2.0286, 67545.6], [2.0287, 46876.5], [2.0288, 52623.7]], "timestamp": "2025-12-12T09:23:13.871823+00:00"}, {"symbol": "XRPUSDT", "bids": [[2.0275, 43554.7], [2.0274, 17198.0], [2.0273, 12536.5], [2.0272, 13412.2], [2.0271, 21495.3], [2.027, 43039.5], [2.0269, 23791.5], [2.0268, 18016.9], [2.0267, 31588.0], [2.0266, 72144.9], [2.0265, 15945.3], [2.0264, 24648.0], [2.0263, 14556.0], [2.0262, 50216.3], [2.0261, 51026.0], [2.026, 18804.6], [2.0259, 20182.3], [2.0258, 50265.1], [2.0257, 35328.3], [2.0256, 137581.0]], "asks": [[2.0276, 4711.3], [2.0277, 8621.1], [2.0278, 15787.5], [2.0279, 23028.9], [2.028, 52816.6], [2.0281, 41807.8], [2.0282, 24218.1], [2.0283, 20413.1], [2.0284, 27390.6], [2.0285, 36152.4], [2.0286, 59270.1], [2.0287, 18499.4], [2.0288, 26625.9], [2.0289, 15935.2], [2.029, 44038.5], [2.0291, 48355.0], [2.0292, 56970.6], [2.0293, 52970.5], [2.0294, 39215.5], [2.0295, 31941.6]], "timestamp": "2025-12-12T09:24:07.529992+00:00"}, {"symbol": "XRPUSDT", "bids": [[2.0276, 59744.6], [2.0275, 34463.5], [2.0274, 36480.7], [2.0273, 28150.0], [2.0272, 23404.9], [2.0271, 49449.4], [2.027, 97597.9], [2.0269, 17611.5], [2.0268, 36688.8], [2.0267, 48204.3], [2.0266, 55711.4], [2.0265, 13691.7], [2.0264, 21558.3], [2.0263, 20970.3], [2.0262, 58369.5], [2.0261, 50812.8], [2.026, 23732.6], [2.0259, 14403.7], [2.0258, 31662.7], [2.0257, 46883.5]], "asks": [[2.0277, 1802.5], [2.0278, 15223.6], [2.0279, 14568.6], [2.028, 24790.0], [2.0281, 65829.3], [2.0282, 27556.3], [2.0283, 24656.6], [2.0284, 16657.3], [2.0285, 33744.6], [2.0286, 57325.7], [2.0287, 21254.3], [2.0288, 24883.9], [2.0289, 24772.6], [2.029, 46463.0], [2.0291, 54533.0], [2.0292, 57340.9], [2.0293, 51078.0], [2.0294, 37772.2], [2.0295, 30940.3], [2.0296, 51973.2]], "timestamp": "2025-12-12T09:25:02.278384+00:00"}, {"symbol": "XRPUSDT", "bids": [[2.0285, 32464.2], [2.0284, 21887.6], [2.0283, 12312.9], [2.0282, 25797.1], [2.0281, 42131.9], [2.028, 14923.1], [2.0279, 27674.5], [2.0278, 52706.3], [2.0277, 59113.3], [2.0276, 67007.4], [2.0275, 36051.7], [2.0274, 23053.0], [2.0273, 34002.9], [2.0272, 50070.7], [2.0271, 65033.1], [2.027, 86527.9], [2.0269, 22354.6], [2.0268, 29548.9], [2.0267, 27045.1], [2.0266, 61742.4]], "asks": [[2.0286, 14683.4], [2.0287, 20497.5], [2.0288, 29904.9], [2.0289, 22817.6], [2.029, 24533.4], [2.0291, 51572.7], [2.0292, 68641.2], [2.0293, 19070.9], [2.0294, 26460.4], [2.0295, 21632.8], [2.0296, 38221.7], [2.0297, 59072.2], [2.0298, 46813.5], [2.0299, 11214.4], [2.03, 37549.5], [2.0301, 21710.4], [2.0302, 64646.3], [2.0303, 9021.5], [2.0304, 20925.3], [2.0305, 11935.4]], "timestamp": "2025-12-12T09:25:55.477243+00:00"}, {"symbol": "XRPUSDT", "bids": [[2.0278, 19740.0], [2.0277, 21993.3], [2.0276, 15059.3], [2.0275, 20571.6], [2.0274, 21319.7], [2.0273, 29013.0], [2.0272, 27248.8], [2.0271, 69322.9], [2.027, 100818.3], [2.0269, 28881.4], [2.0268, 28004.7], [2.0267, 26142.2], [2.0266, 55727.3], [2.0265, 31412.2], [2.0264, 33495.3], [2.0263, 19825.0], [2.0262, 23365.3], [2.0261, 50340.0], [2.026, 16307.6], [2.0259, 21469.8]], "asks": [[2.0279, 19207.6], [2.028, 14611.0], [2.0281, 35900.8], [2.0282, 53016.1], [2.0283, 33037.4], [2.0284, 35304.2], [2.0285, 25507.9], [2.0286, 49853.3], [2.0287, 56027.3], [2.0288, 31722.1], [2.0289, 21825.4], [2.029, 24858.5], [2.0291, 34328.3], [2.0292, 51226.8], [2.0293, 23522.4], [2.0294, 34185.2], [2.0295, 26021.1], [2.0296, 49741.7], [2.0297, 78084.9], [2.0298, 38389.2]], "timestamp": "2025-12-12T09:26:49.016838+00:00"}, {"symbol": "XRPUSDT", "bids": [[2.0273, 3714.6], [2.0272, 4182.4], [2.0271, 21693.1], [2.027, 71022.1], [2.0269, 8768.4], [2.0268, 16804.4], [2.0267, 23979.1], [2.0266, 74730.4], [2.0265, 44394.9], [2.0264, 29607.6], [2.0263, 20992.9], [2.0262, 25618.2], [2.0261, 50475.6], [2.026, 17558.0], [2.0259, 35430.4], [2.0258, 32026.3], [2.0257, 39400.5], [2.0256, 42288.8], [2.0255, 18655.4], [2.0254, 15128.2]], "asks": [[2.0274, 30676.7], [2.0275, 26618.2], [2.0276, 30037.1], [2.0277, 57461.9], [2.0278, 38023.0], [2.0279, 24006.2], [2.028, 43647.2], [2.0281, 29959.3], [2.0282, 59488.3], [2.0283, 11948.6], [2.0284, 30270.8], [2.0285, 23064.8], [2.0286, 37608.4], [2.0287, 43559.6], [2.0288, 25833.0], [2.0289, 37657.6], [2.029, 47334.2], [2.0291, 38477.2], [2.0292, 62086.5], [2.0293, 111881.2]], "timestamp": "2025-12-12T09:27:42.165492+00:00"}, {"symbol": "XRPUSDT", "bids": [[2.0265, 26531.0], [2.0264, 15309.0], [2.0263, 14654.9], [2.0262, 11187.1], [2.0261, 21968.4], [2.026, 21434.2], [2.0259, 51303.2], [2.0258, 27185.6], [2.0257, 39683.8], [2.0256, 57590.9], [2.0255, 19664.8], [2.0254, 9726.8], [2.0253, 24954.4], [2.0252, 38432.4], [2.0251, 117221.5], [2.025, 154092.3], [2.0249, 10588.5], [2.0248, 22058.6], [2.0247, 19491.2], [2.0246, 28449.0]], "asks": [[2.0266, 19291.3], [2.0267, 9244.0], [2.0268, 18889.0], [2.0269, 27509.0], [2.027, 51219.8], [2.0271, 44087.9], [2.0272, 69300.2], [2.0273, 30635.1], [2.0274, 28919.5], [2.0275, 30876.9], [2.0276, 25585.2], [2.0277, 59321.6], [2.0278, 18287.4], [2.0279, 11654.3], [2.028, 39565.9], [2.0281, 30464.8], [2.0282, 65924.1], [2.0283, 22400.9], [2.0284, 34642.7], [2.0285, 41606.3]], "timestamp": "2025-12-12T09:28:35.126636+00:00"}, {"symbol": "XRPUSDT", "bids": [[2.0261, 16420.0], [2.026, 12349.5], [2.0259, 15531.6], [2.0258, 12684.9], [2.0257, 16931.5], [2.0256, 16955.9], [2.0255, 22441.2], [2.0254, 22987.0], [2.0253, 35752.8], [2.0252, 43496.4], [2.0251, 98787.2], [2.025, 143201.8], [2.0249, 12500.8], [2.0248, 28249.9], [2.0247, 67254.4], [2.0246, 34878.9], [2.0245, 27312.3], [2.0244, 74645.7], [2.0243, 28999.7], [2.0242, 21842.9]], "asks": [[2.0262, 14258.3], [2.0263, 19702.8], [2.0264, 27693.6], [2.0265, 44407.3], [2.0266, 41302.0], [2.0267, 57981.7], [2.0268, 19724.6], [2.0269, 29714.1], [2.027, 56462.1], [2.0271, 15079.5], [2.0272, 54386.8], [2.0273, 22462.8], [2.0274, 26427.1], [2.0275, 44973.0], [2.0276, 49047.7], [2.0277, 60578.1], [2.0278, 22729.5], [2.0279, 30738.9], [2.028, 74324.0], [2.0281, 23798.4]], "timestamp": "2025-12-12T09:29:28.396942+00:00"}, {"symbol": "XRPUSDT", "bids": [[2.0244, 9097.8], [2.0243, 11972.7], [2.0242, 11366.8], [2.0241, 30602.3], [2.024, 65549.3], [2.0239, 26606.1], [2.0238, 45047.2], [2.0237, 33931.7], [2.0236, 28173.0], [2.0235, 53738.5], [2.0234, 17250.3], [2.0233, 17557.8], [2.0232, 38076.5], [2.0231, 29872.0], [2.023, 29687.2], [2.0229, 40626.4], [2.0228, 57906.0], [2.0227, 51922.5], [2.0226, 138711.7], [2.0225, 24502.2]], "asks": [[2.0245, 25501.4], [2.0246, 37435.6], [2.0247, 13877.9], [2.0248, 26447.5], [2.0249, 38067.0], [2.025, 29081.1], [2.0251, 25936.2], [2.0252, 40518.7], [2.0253, 25516.9], [2.0254, 39763.2], [2.0255, 68083.5], [2.0256, 12844.6], [2.0257, 23218.4], [2.0258, 21272.6], [2.0259, 45856.6], [2.026, 79167.8], [2.0261, 25010.3], [2.0262, 37539.8], [2.0263, 74754.3], [2.0264, 23024.1]], "timestamp": "2025-12-12T09:30:20.988537+00:00"}, {"symbol": "XRPUSDT", "bids": [[2.0255, 7473.2], [2.0254, 11415.0], [2.0253, 14357.0], [2.0252, 11404.6], [2.0251, 19661.4], [2.025, 27247.3], [2.0249, 35476.9], [2.0248, 59969.1], [2.0247, 28037.2], [2.0246, 69794.5], [2.0245, 23868.6], [2.0244, 47033.4], [2.0243, 15471.8], [2.0242, 58771.7], [2.0241, 83057.2], [2.024, 158926.9], [2.0239, 17240.0], [2.0238, 10791.3], [2.0237, 41940.8], [2.0236, 34611.8]], "asks": [[2.0256, 34032.3], [2.0257, 10466.1], [2.0258, 15033.9], [2.0259, 21761.5], [2.026, 32943.8], [2.0261, 21589.1], [2.0262, 47907.6], [2.0263, 18992.6], [2.0264, 19451.2], [2.0265, 35082.9], [2.0266, 36482.8], [2.0267, 46423.2], [2.0268, 45444.8], [2.0269, 50896.1], [2.027, 167466.7], [2.0271, 20318.7], [2.0272, 78932.2], [2.0273, 19122.5], [2.0274, 17616.0], [2.0275, 37979.2]], "timestamp": "2025-12-12T09:31:13.826739+00:00"}, {"symbol": "XRPUSDT", "bids": [[2.0254, 34574.8], [2.0253, 16577.2], [2.0252, 13700.0], [2.0251, 16321.1], [2.025, 20312.6], [2.0249, 23216.7], [2.0248, 32949.7], [2.0247, 40435.0], [2.0246, 77760.0], [2.0245, 26488.0], [2.0244, 45522.7], [2.0243, 15216.3], [2.0242, 44747.5], [2.0241, 54456.6], [2.024, 68125.0], [2.0239, 133535.5], [2.0238, 16857.0], [2.0237, 43877.6], [2.0236, 52108.6], [2.0235, 50922.1]], "asks": [[2.0255, 19981.2], [2.0256, 14497.1], [2.0257, 18022.9], [2.0258, 25741.6], [2.0259, 30347.7], [2.026, 41674.3], [2.0261, 38268.1], [2.0262, 54552.4], [2.0263, 20353.2], [2.0264, 22777.6], [2.0265, 29110.0], [2.0266, 33065.9], [2.0267, 46389.9], [2.0268, 55545.2], [2.0269, 164808.5], [2.027, 67463.4], [2.0271, 20020.8], [2.0272, 62138.3], [2.0273, 25379.2], [2.0274, 23666.4]], "timestamp": "2025-12-12T09:32:07.409085+00:00"}, {"symbol": "XRPUSDT", "bids": [[2.0265, 25774.3], [2.0264, 20381.5], [2.0263, 19128.1], [2.0262, 31943.0], [2.0261, 40450.5], [2.026, 19563.0], [2.0259, 30317.3], [2.0258, 32777.8], [2.0257, 68566.1], [2.0256, 62590.5], [2.0255, 24154.0], [2.0254, 43771.1], [2.0253, 9107.0], [2.0252, 57462.2], [2.0251, 48985.7], [2.025, 22444.0], [2.0249, 9039.5], [2.0248, 21079.0], [2.0247, 20386.9], [2.0246, 57759.0]], "asks": [[2.0266, 18429.2], [2.0267, 26526.8], [2.0268, 36778.5], [2.0269, 127702.9], [2.027, 27377.2], [2.0271, 18325.6], [2.0272, 66239.4], [2.0273, 31131.5], [2.0274, 30992.3], [2.0275, 35944.7], [2.0276, 31597.4], [2.0277, 62358.4], [2.0278, 46688.8], [2.0279, 28405.9], [2.028, 34723.6], [2.0281, 23697.3], [2.0282, 52109.0], [2.0283, 31309.8], [2.0284, 55572.5], [2.0285, 25365.9]], "timestamp": "2025-12-12T09:33:00.226020+00:00"}, {"symbol": "XRPUSDT", "bids": [[2.0256, 11204.3], [2.0255, 7958.7], [2.0254, 14433.6], [2.0253, 11032.5], [2.0252, 58744.8], [2.0251, 130015.0], [2.025, 3415.1], [2.0249, 11446.2], [2.0248, 34544.1], [2.0247, 42861.5], [2.0246, 57538.6], [2.0245, 21172.9], [2.0244, 51664.9], [2.0243, 29882.2], [2.0242, 38456.9], [2.0241, 43982.2], [2.024, 48264.5], [2.0239, 10538.4], [2.0238, 18162.5], [2.0237, 51701.8]], "asks": [[2.0257, 36779.4], [2.0258, 15926.2], [2.0259, 26931.5], [2.026, 27584.7], [2.0261, 32970.9], [2.0262, 44504.6], [2.0263, 27944.7], [2.0264, 62825.5], [2.0265, 33715.5], [2.0266, 32786.1], [2.0267, 48500.4], [2.0268, 14634.4], [2.0269, 32412.9], [2.027, 61939.5], [2.0271, 34241.6], [2.0272, 55923.3], [2.0273, 37822.3], [2.0274, 23542.7], [2.0275, 39986.6], [2.0276, 42907.1]], "timestamp": "2025-12-12T09:33:53.572732+00:00"}, {"symbol": "XRPUSDT", "bids": [[2.026, 18750.4], [2.0259, 21542.7], [2.0258, 10944.2], [2.0257, 21420.3], [2.0256, 23878.5], [2.0255, 26189.2], [2.0254, 30809.1], [2.0253, 52074.3], [2.0252, 86004.0], [2.0251, 38717.5], [2.025, 24313.7], [2.0249, 5946.6], [2.0248, 23784.7], [2.0247, 28893.4], [2.0246, 65698.3], [2.0245, 13823.4], [2.0244, 32525.7], [2.0243, 18645.1], [2.0242, 55890.5], [2.0241, 180169.6]], "asks": [[2.0261, 7458.5], [2.0262, 15450.5], [2.0263, 15761.2], [2.0264, 32947.6], [2.0265, 29287.1], [2.0266, 35035.1], [2.0267, 50814.5], [2.0268, 33339.5], [2.0269, 47131.1], [2.027, 81455.8], [2.0271, 131363.4], [2.0272, 58710.5], [2.0273, 37019.7], [2.0274, 22144.8], [2.0275, 35742.7], [2.0276, 25151.5], [2.0277, 65354.6], [2.0278, 27527.0], [2.0279, 19780.2], [2.028, 57505.8]], "timestamp": "2025-12-12T09:34:46.590951+00:00"}, {"symbol": "XRPUSDT", "bids": [[2.0264, 21534.7], [2.0263, 24136.1], [2.0262, 14237.2], [2.0261, 17136.3], [2.026, 29446.1], [2.0259, 29285.2], [2.0258, 84079.0], [2.0257, 34292.2], [2.0256, 34006.9], [2.0255, 12217.0], [2.0254, 29876.4], [2.0253, 40773.2], [2.0252, 42781.0], [2.0251, 34829.9], [2.025, 41978.7], [2.0249, 7195.1], [2.0248, 25852.5], [2.0247, 25414.2], [2.0246, 72828.5], [2.0245, 139460.1]], "asks": [[2.0265, 26798.4], [2.0266, 25755.7], [2.0267, 28265.5], [2.0268, 38020.9], [2.0269, 73716.4], [2.027, 34045.4], [2.0271, 27105.1], [2.0272, 63413.8], [2.0273, 37764.0], [2.0274, 54104.4], [2.0275, 132987.2], [2.0276, 22102.3], [2.0277, 63577.1], [2.0278, 20012.9], [2.0279, 28688.7], [2.028, 34316.0], [2.0281, 13621.1], [2.0282, 71760.4], [2.0283, 33022.4], [2.0284, 24948.7]], "timestamp": "2025-12-12T09:35:40.890930+00:00"}, {"symbol": "XRPUSDT", "bids": [[2.0259, 24262.1], [2.0258, 8076.6], [2.0257, 11769.3], [2.0256, 12972.9], [2.0255, 14914.7], [2.0254, 20894.3], [2.0253, 28296.4], [2.0252, 78459.1], [2.0251, 49751.8], [2.025, 26153.7], [2.0249, 7507.4], [2.0248, 25362.6], [2.0247, 30004.9], [2.0246, 57089.0], [2.0245, 42258.3], [2.0244, 58876.6], [2.0243, 186472.4], [2.0242, 38293.3], [2.0241, 52478.5], [2.024, 51510.7]], "asks": [[2.026, 17444.3], [2.0261, 15315.8], [2.0262, 15450.2], [2.0263, 27963.1], [2.0264, 62345.0], [2.0265, 39512.4], [2.0266, 22459.0], [2.0267, 63529.2], [2.0268, 27251.6], [2.0269, 36275.6], [2.027, 35035.1], [2.0271, 53349.4], [2.0272, 77228.6], [2.0273, 134991.1], [2.0274, 49362.0], [2.0275, 17439.6], [2.0276, 17475.4], [2.0277, 85314.8], [2.0278, 32268.4], [2.0279, 39339.2]], "timestamp": "2025-12-12T09:36:33.942262+00:00"}, {"symbol": "XRPUSDT", "bids": [[2.0254, 58673.9], [2.0253, 35692.4], [2.0252, 28012.0], [2.0251, 11696.8], [2.025, 5121.4], [2.0249, 6656.0], [2.0248, 22043.6], [2.0247, 34495.7], [2.0246, 64402.2], [2.0245, 63981.8], [2.0244, 188787.5], [2.0243, 41377.9], [2.0242, 43127.4], [2.0241, 64782.5], [2.024, 43337.6], [2.0239, 22594.4], [2.0238, 9921.7], [2.0237, 41156.1], [2.0236, 18814.1], [2.0235, 60353.2]], "asks": [[2.0255, 1808.7], [2.0256, 4158.1], [2.0257, 15478.2], [2.0258, 26778.4], [2.0259, 21926.9], [2.026, 25474.9], [2.0261, 36674.4], [2.0262, 60960.9], [2.0263, 24769.8], [2.0264, 32454.6], [2.0265, 27696.5], [2.0266, 18122.6], [2.0267, 53514.9], [2.0268, 25876.2], [2.0269, 52860.3], [2.027, 43364.8], [2.0271, 46109.7], [2.0272, 72189.5], [2.0273, 48923.2], [2.0274, 168621.2]], "timestamp": "2025-12-12T09:37:26.976771+00:00"}, {"symbol": "XRPUSDT", "bids": [[2.0255, 1528.2], [2.0254, 6993.9], [2.0253, 8093.5], [2.0252, 19626.9], [2.0251, 53787.2], [2.025, 4289.0], [2.0249, 13383.9], [2.0248, 30639.6], [2.0247, 46125.6], [2.0246, 66968.8], [2.0245, 28402.7], [2.0244, 58910.9], [2.0243, 190233.5], [2.0242, 45630.6], [2.0241, 66364.1], [2.024, 46471.6], [2.0239, 18305.7], [2.0238, 9958.7], [2.0237, 43427.1], [2.0236, 21628.8]], "asks": [[2.0256, 60522.7], [2.0257, 38837.3], [2.0258, 37977.7], [2.0259, 46859.1], [2.026, 36429.5], [2.0261, 19193.9], [2.0262, 28117.2], [2.0263, 19057.9], [2.0264, 31467.5], [2.0265, 28697.4], [2.0266, 17228.7], [2.0267, 64634.9], [2.0268, 17235.0], [2.0269, 38977.8], [2.027, 25700.5], [2.0271, 45977.3], [2.0272, 68121.3], [2.0273, 142962.7], [2.0274, 54333.1], [2.0275, 31902.9]], "timestamp": "2025-12-12T09:38:20.037516+00:00"}, {"symbol": "XRPUSDT", "bids": [[2.0252, 8638.8], [2.0251, 14799.1], [2.025, 25484.1], [2.0249, 27057.6], [2.0248, 25191.1], [2.0247, 22513.2], [2.0246, 28758.6], [2.0245, 51717.7], [2.0244, 27980.5], [2.0243, 54029.1], [2.0242, 24977.3], [2.0241, 32557.8], [2.024, 63933.8], [2.0239, 39267.2], [2.0238, 31045.1], [2.0237, 42697.4], [2.0236, 33736.1], [2.0235, 51031.5], [2.0234, 26508.2], [2.0233, 97996.2]], "asks": [[2.0253, 30449.4], [2.0254, 14465.0], [2.0255, 24852.9], [2.0256, 29494.3], [2.0257, 18336.6], [2.0258, 36874.8], [2.0259, 49909.9], [2.026, 33724.5], [2.0261, 30405.9], [2.0262, 51168.3], [2.0263, 28311.6], [2.0264, 25458.5], [2.0265, 47602.9], [2.0266, 35768.3], [2.0267, 56277.2], [2.0268, 18851.7], [2.0269, 57282.6], [2.027, 42068.7], [2.0271, 54381.6], [2.0272, 64386.0]], "timestamp": "2025-12-12T09:39:13.360266+00:00"}, {"symbol": "XRPUSDT", "bids": [[2.025, 30794.9], [2.0249, 18582.7], [2.0248, 10803.2], [2.0247, 12863.1], [2.0246, 29057.1], [2.0245, 44527.7], [2.0244, 16663.4], [2.0243, 44454.5], [2.0242, 29189.5], [2.0241, 51254.7], [2.024, 65183.5], [2.0239, 39934.8], [2.0238, 25215.0], [2.0237, 48554.2], [2.0236, 34696.6], [2.0235, 50166.7], [2.0234, 9841.4], [2.0233, 20101.8], [2.0232, 35757.7], [2.0231, 30044.1]], "asks": [[2.0251, 17007.3], [2.0252, 10499.5], [2.0253, 25982.7], [2.0254, 45131.2], [2.0255, 50831.8], [2.0256, 57676.4], [2.0257, 17358.4], [2.0258, 20079.6], [2.0259, 40891.9], [2.026, 20525.7], [2.0261, 36177.5], [2.0262, 45671.7], [2.0263, 16330.2], [2.0264, 30338.4], [2.0265, 36696.7], [2.0266, 29676.0], [2.0267, 56414.1], [2.0268, 23238.3], [2.0269, 50629.5], [2.027, 73883.5]], "timestamp": "2025-12-12T09:40:06.065102+00:00"}, {"symbol": "XRPUSDT", "bids": [[2.0256, 40582.9], [2.0255, 25992.6], [2.0254, 37952.2], [2.0253, 17163.8], [2.0252, 30324.2], [2.0251, 55326.2], [2.025, 32325.9], [2.0249, 20863.1], [2.0248, 21411.1], [2.0247, 67869.0], [2.0246, 24147.2], [2.0245, 52897.4], [2.0244, 20111.4], [2.0243, 27643.0], [2.0242, 38609.0], [2.0241, 38398.5], [2.024, 63141.3], [2.0239, 38746.2], [2.0238, 28831.8], [2.0237, 119406.6]], "asks": [[2.0257, 8444.0], [2.0258, 15012.0], [2.0259, 19191.7], [2.026, 26263.7], [2.0261, 9333.7], [2.0262, 25123.5], [2.0263, 29651.7], [2.0264, 28633.5], [2.0265, 30912.1], [2.0266, 27462.1], [2.0267, 59369.0], [2.0268, 24500.0], [2.0269, 42778.8], [2.027, 47259.3], [2.0271, 53579.0], [2.0272, 61741.7], [2.0273, 17457.6], [2.0274, 32106.8], [2.0275, 34422.9], [2.0276, 23089.7]], "timestamp": "2025-12-12T09:40:59.766794+00:00"}, {"symbol": "XRPUSDT", "bids": [[2.0258, 63376.8], [2.0257, 60727.1], [2.0256, 25993.1], [2.0255, 60954.6], [2.0254, 38235.4], [2.0253, 37339.5], [2.0252, 40146.2], [2.0251, 24751.5], [2.025, 88387.9], [2.0249, 29445.6], [2.0248, 32652.9], [2.0247, 32035.7], [2.0246, 20671.3], [2.0245, 57579.4], [2.0244, 33985.4], [2.0243, 30179.5], [2.0242, 22316.1], [2.0241, 32404.6], [2.024, 71169.7], [2.0239, 38181.5]], "asks": [[2.0259, 2390.0], [2.026, 2232.7], [2.0261, 12137.6], [2.0262, 12500.2], [2.0263, 19237.3], [2.0264, 44822.2], [2.0265, 38302.5], [2.0266, 33246.8], [2.0267, 56691.1], [2.0268, 23773.8], [2.0269, 38274.8], [2.027, 41574.8], [2.0271, 32305.8], [2.0272, 63657.7], [2.0273, 15536.5], [2.0274, 24542.5], [2.0275, 21024.2], [2.0276, 39214.4], [2.0277, 58799.0], [2.0278, 28490.1]], "timestamp": "2025-12-12T09:41:52.672158+00:00"}, {"symbol": "XRPUSDT", "bids": [[2.0263, 14615.0], [2.0262, 9516.9], [2.0261, 16475.1], [2.026, 11564.5], [2.0259, 15882.1], [2.0258, 29668.8], [2.0257, 56690.7], [2.0256, 27635.0], [2.0255, 83867.7], [2.0254, 151516.6], [2.0253, 8932.4], [2.0252, 30187.6], [2.0251, 24635.7], [2.025, 100987.1], [2.0249, 10185.2], [2.0248, 25066.3], [2.0247, 24905.1], [2.0246, 20936.1], [2.0245, 51811.4], [2.0244, 34453.9]], "asks": [[2.0264, 23637.5], [2.0265, 14111.9], [2.0266, 27212.8], [2.0267, 56207.5], [2.0268, 60325.6], [2.0269, 43914.3], [2.027, 35497.0], [2.0271, 11980.0], [2.0272, 29445.9], [2.0273, 18329.5], [2.0274, 18903.6], [2.0275, 57246.0], [2.0276, 21799.8], [2.0277, 26454.6], [2.0278, 26590.2], [2.0279, 47376.4], [2.028, 48000.4], [2.0281, 55483.9], [2.0282, 62477.7], [2.0283, 63089.3]], "timestamp": "2025-12-12T09:42:46.059341+00:00"}, {"symbol": "XRPUSDT", "bids": [[2.0266, 18294.5], [2.0265, 10759.4], [2.0264, 19629.1], [2.0263, 28713.2], [2.0262, 30736.2], [2.0261, 26485.7], [2.026, 57567.7], [2.0259, 29590.1], [2.0258, 27618.4], [2.0257, 51809.5], [2.0256, 15264.4], [2.0255, 58459.7], [2.0254, 35867.7], [2.0253, 19165.6], [2.0252, 39283.9], [2.0251, 29832.5], [2.025, 89215.0], [2.0249, 22494.2], [2.0248, 137508.7], [2.0247, 36362.8]], "asks": [[2.0267, 20150.2], [2.0268, 18120.2], [2.0269, 26655.5], [2.027, 43144.4], [2.0271, 30178.8], [2.0272, 34733.4], [2.0273, 39324.9], [2.0274, 37119.5], [2.0275, 58001.8], [2.0276, 34392.9], [2.0277, 55124.0], [2.0278, 132618.8], [2.0279, 35759.7], [2.028, 37545.5], [2.0281, 36743.4], [2.0282, 58651.2], [2.0283, 20848.8], [2.0284, 41761.6], [2.0285, 33899.2], [2.0286, 29150.0]], "timestamp": "2025-12-12T09:43:39.820043+00:00"}, {"symbol": "XRPUSDT", "bids": [[2.0261, 10617.1], [2.026, 9843.6], [2.0259, 18127.3], [2.0258, 11346.8], [2.0257, 24801.2], [2.0256, 28328.8], [2.0255, 94441.9], [2.0254, 27543.6], [2.0253, 43755.4], [2.0252, 146500.4], [2.0251, 25846.6], [2.025, 71447.9], [2.0249, 8156.7], [2.0248, 33768.6], [2.0247, 51008.8], [2.0246, 19493.8], [2.0245, 56485.0], [2.0244, 26908.7], [2.0243, 23553.3], [2.0242, 38686.9]], "asks": [[2.0262, 24402.2], [2.0263, 26054.9], [2.0264, 44302.4], [2.0265, 54175.5], [2.0266, 53013.2], [2.0267, 41876.3], [2.0268, 38582.9], [2.0269, 28100.5], [2.027, 55003.7], [2.0271, 45137.6], [2.0272, 46043.8], [2.0273, 14263.8], [2.0274, 30588.9], [2.0275, 37046.2], [2.0276, 51053.2], [2.0277, 59290.2], [2.0278, 21251.9], [2.0279, 46650.1], [2.028, 64442.1], [2.0281, 44764.2]], "timestamp": "2025-12-12T09:44:32.864094+00:00"}, {"symbol": "XRPUSDT", "bids": [[2.0261, 22275.9], [2.026, 9678.8], [2.0259, 9596.3], [2.0258, 15158.1], [2.0257, 26017.2], [2.0256, 27375.8], [2.0255, 59828.4], [2.0254, 26212.9], [2.0253, 26376.7], [2.0252, 44377.2], [2.0251, 27536.1], [2.025, 73212.2], [2.0249, 10725.0], [2.0248, 36779.1], [2.0247, 70319.0], [2.0246, 133979.9], [2.0245, 56447.4], [2.0244, 27650.3], [2.0243, 21711.9], [2.0242, 38681.4]], "asks": [[2.0262, 19950.2], [2.0263, 22029.3], [2.0264, 26382.6], [2.0265, 39600.7], [2.0266, 42035.4], [2.0267, 33924.7], [2.0268, 20868.4], [2.0269, 35094.7], [2.027, 54705.9], [2.0271, 48492.8], [2.0272, 46189.1], [2.0273, 16669.6], [2.0274, 34769.6], [2.0275, 54477.0], [2.0276, 159643.3], [2.0277, 56800.8], [2.0278, 20203.8], [2.0279, 47227.0], [2.028, 56894.3], [2.0281, 36609.6]], "timestamp": "2025-12-12T09:45:25.720850+00:00"}, {"symbol": "XRPUSDT", "bids": [[2.0264, 26858.8], [2.0263, 16012.2], [2.0262, 14070.1], [2.0261, 30323.0], [2.026, 64714.7], [2.0259, 50884.4], [2.0258, 42973.5], [2.0257, 35150.7], [2.0256, 25375.0], [2.0255, 37844.7], [2.0254, 19657.9], [2.0253, 16253.6], [2.0252, 40939.1], [2.0251, 32875.4], [2.025, 64705.9], [2.0249, 19182.2], [2.0248, 103155.1], [2.0247, 39416.8], [2.0246, 17410.5], [2.0245, 80004.6]], "asks": [[2.0265, 18418.9], [2.0266, 12696.0], [2.0267, 15390.7], [2.0268, 26441.7], [2.0269, 42797.3], [2.027, 36281.1], [2.0271, 39432.3], [2.0272, 64979.8], [2.0273, 29095.5], [2.0274, 132523.8], [2.0275, 28219.6], [2.0276, 35197.1], [2.0277, 52048.9], [2.0278, 18734.9], [2.0279, 31364.6], [2.028, 44327.0], [2.0281, 28302.7], [2.0282, 83992.2], [2.0283, 27177.5], [2.0284, 53913.6]], "timestamp": "2025-12-12T09:46:18.972158+00:00"}, {"symbol": "XRPUSDT", "bids": [[2.027, 76627.5], [2.0269, 25635.5], [2.0268, 21727.8], [2.0267, 31853.3], [2.0266, 22234.6], [2.0265, 51103.2], [2.0264, 25148.2], [2.0263, 32522.6], [2.0262, 51822.6], [2.0261, 49214.9], [2.026, 53825.7], [2.0259, 15202.4], [2.0258, 31619.4], [2.0257, 40407.1], [2.0256, 19177.2], [2.0255, 33917.5], [2.0254, 15293.0], [2.0253, 25962.4], [2.0252, 136507.9], [2.0251, 143582.1]], "asks": [[2.0271, 6351.9], [2.0272, 1690.4], [2.0273, 6485.9], [2.0274, 24595.4], [2.0275, 27157.4], [2.0276, 35583.0], [2.0277, 76388.2], [2.0278, 19351.1], [2.0279, 41748.6], [2.028, 58579.3], [2.0281, 139868.1], [2.0282, 55147.0], [2.0283, 40661.2], [2.0284, 32735.6], [2.0285, 24632.7], [2.0286, 25477.6], [2.0287, 39300.3], [2.0288, 29976.0], [2.0289, 23821.5], [2.029, 48573.8]], "timestamp": "2025-12-12T09:47:11.914461+00:00"}, {"symbol": "XRPUSDT", "bids": [[2.0271, 35992.6], [2.027, 14329.6], [2.0269, 21871.1], [2.0268, 24504.8], [2.0267, 23835.1], [2.0266, 39669.8], [2.0265, 57253.3], [2.0264, 19698.3], [2.0263, 38155.8], [2.0262, 44069.3], [2.0261, 15759.6], [2.026, 49268.0], [2.0259, 15428.5], [2.0258, 40748.4], [2.0257, 53802.5], [2.0256, 168219.2], [2.0255, 37985.9], [2.0254, 32317.7], [2.0253, 12317.6], [2.0252, 41402.4]], "asks": [[2.0272, 9579.3], [2.0273, 9608.6], [2.0274, 11534.3], [2.0275, 21446.8], [2.0276, 21526.3], [2.0277, 37992.5], [2.0278, 48572.5], [2.0279, 33271.7], [2.028, 36317.8], [2.0281, 24508.5], [2.0282, 49309.5], [2.0283, 27517.3], [2.0284, 40006.4], [2.0285, 63482.7], [2.0286, 196847.2], [2.0287, 40093.7], [2.0288, 25350.8], [2.0289, 21799.7], [2.029, 45885.5], [2.0291, 53968.4]], "timestamp": "2025-12-12T09:48:04.771098+00:00"}, {"symbol": "XRPUSDT", "bids": [[2.0276, 24002.1], [2.0275, 13781.5], [2.0274, 20658.4], [2.0273, 21988.0], [2.0272, 31758.0], [2.0271, 39580.7], [2.027, 47391.5], [2.0269, 24548.7], [2.0268, 31648.7], [2.0267, 45440.1], [2.0266, 36474.1], [2.0265, 47492.4], [2.0264, 28219.6], [2.0263, 14365.1], [2.0262, 41520.9], [2.0261, 18311.3], [2.026, 49185.0], [2.0259, 31953.6], [2.0258, 130708.3], [2.0257, 68860.5]], "asks": [[2.0277, 18279.6], [2.0278, 13608.4], [2.0279, 18287.1], [2.028, 19320.4], [2.0281, 34824.8], [2.0282, 29005.0], [2.0283, 42150.4], [2.0284, 62508.4], [2.0285, 64582.0], [2.0286, 290006.2], [2.0287, 37151.1], [2.0288, 18023.0], [2.0289, 16296.6], [2.029, 25623.7], [2.0291, 50289.2], [2.0292, 70892.4], [2.0293, 23066.6], [2.0294, 33086.3], [2.0295, 28048.3], [2.0296, 53879.8]], "timestamp": "2025-12-12T09:48:58.214685+00:00"}, {"symbol": "XRPUSDT", "bids": [[2.0291, 18696.5], [2.029, 15120.0], [2.0289, 21103.3], [2.0288, 25042.0], [2.0287, 22651.2], [2.0286, 38756.1], [2.0285, 31579.8], [2.0284, 59334.0], [2.0283, 60468.9], [2.0282, 61706.8], [2.0281, 15289.2], [2.028, 21103.9], [2.0279, 14928.9], [2.0278, 32674.6], [2.0277, 31090.5], [2.0276, 17704.9], [2.0275, 115272.1], [2.0274, 13206.9], [2.0273, 22085.8], [2.0272, 33521.0]], "asks": [[2.0292, 195340.8], [2.0293, 7296.9], [2.0294, 7743.6], [2.0295, 19962.4], [2.0296, 14281.1], [2.0297, 21941.4], [2.0298, 12777.3], [2.0299, 29496.4], [2.03, 59241.8], [2.0301, 23189.3], [2.0302, 76234.9], [2.0303, 13617.3], [2.0304, 28145.8], [2.0305, 23586.7], [2.0306, 55007.4], [2.0307, 60419.7], [2.0308, 37946.8], [2.0309, 12249.2], [2.031, 51582.3], [2.0311, 35322.1]], "timestamp": "2025-12-12T09:49:52.107349+00:00"}, {"symbol": "XRPUSDT", "bids": [[2.0315, 26985.8], [2.0314, 22059.6], [2.0313, 21110.2], [2.0312, 28372.9], [2.0311, 22638.2], [2.031, 40553.9], [2.0309, 52518.9], [2.0308, 23781.0], [2.0307, 29069.0], [2.0306, 27604.4], [2.0305, 29860.2], [2.0304, 38569.7], [2.0303, 34789.4], [2.0302, 20409.7], [2.0301, 30650.7], [2.03, 41241.8], [2.0299, 36758.3], [2.0298, 16237.9], [2.0297, 21056.7], [2.0296, 82985.9]], "asks": [[2.0316, 11815.3], [2.0317, 13693.2], [2.0318, 15302.4], [2.0319, 24884.4], [2.032, 34148.1], [2.0321, 58607.2], [2.0322, 24318.7], [2.0323, 49675.0], [2.0324, 62370.4], [2.0325, 38747.6], [2.0326, 28467.9], [2.0327, 29264.6], [2.0328, 48147.4], [2.0329, 65532.9], [2.033, 44453.8], [2.0331, 30107.0], [2.0332, 56976.8], [2.0333, 59809.0], [2.0334, 37241.7], [2.0335, 44118.8]], "timestamp": "2025-12-12T09:50:45.230220+00:00"}, {"symbol": "XRPUSDT", "bids": [[2.0327, 12306.7], [2.0326, 3471.7], [2.0325, 22389.6], [2.0324, 5597.6], [2.0323, 20893.1], [2.0322, 21124.3], [2.0321, 44053.6], [2.032, 43098.4], [2.0319, 44039.0], [2.0318, 14336.7], [2.0317, 37641.0], [2.0316, 27172.9], [2.0315, 33661.5], [2.0314, 53695.0], [2.0313, 19997.7], [2.0312, 13114.6], [2.0311, 13731.5], [2.031, 50904.5], [2.0309, 208156.9], [2.0308, 8586.1]], "asks": [[2.0328, 55568.4], [2.0329, 59496.2], [2.033, 57406.6], [2.0331, 29485.4], [2.0332, 30313.9], [2.0333, 14995.8], [2.0334, 30086.4], [2.0335, 35614.2], [2.0336, 75176.9], [2.0337, 32811.8], [2.0338, 45480.9], [2.0339, 81940.7], [2.034, 25145.4], [2.0341, 65693.8], [2.0342, 58344.7], [2.0343, 29775.3], [2.0344, 30086.8], [2.0345, 33930.4], [2.0346, 34952.0], [2.0347, 58194.5]], "timestamp": "2025-12-12T09:51:38.246085+00:00"}, {"symbol": "XRPUSDT", "bids": [[2.0309, 28543.0], [2.0308, 11415.5], [2.0307, 12593.1], [2.0306, 13333.1], [2.0305, 20891.0], [2.0304, 54951.4], [2.0303, 62925.2], [2.0302, 192859.4], [2.0301, 39113.4], [2.03, 20756.0], [2.0299, 42226.2], [2.0298, 15690.6], [2.0297, 4901.6], [2.0296, 14893.9], [2.0295, 21160.8], [2.0294, 79008.9], [2.0293, 7815.7], [2.0292, 14867.0], [2.0291, 12722.7], [2.029, 59150.7]], "asks": [[2.031, 4498.0], [2.0311, 31917.5], [2.0312, 11599.1], [2.0313, 18605.3], [2.0314, 37012.0], [2.0315, 41578.1], [2.0316, 79290.7], [2.0317, 55285.3], [2.0318, 60195.3], [2.0319, 47887.4], [2.032, 45989.6], [2.0321, 54748.5], [2.0322, 36365.9], [2.0323, 21933.5], [2.0324, 36574.5], [2.0325, 30174.7], [2.0326, 81043.3], [2.0327, 21009.4], [2.0328, 45038.5], [2.0329, 36925.1]], "timestamp": "2025-12-12T09:52:30.924008+00:00"}, {"symbol": "XRPUSDT", "bids": [[2.0309, 25340.0], [2.0308, 14928.2], [2.0307, 27137.4], [2.0306, 31587.2], [2.0305, 33190.9], [2.0304, 72200.3], [2.0303, 211182.0], [2.0302, 39671.9], [2.0301, 40479.4], [2.03, 25586.3], [2.0299, 37301.2], [2.0298, 12898.4], [2.0297, 8431.2], [2.0296, 15363.7], [2.0295, 20631.0], [2.0294, 68425.9], [2.0293, 7916.9], [2.0292, 14425.3], [2.0291, 34694.2], [2.029, 147928.5]], "asks": [[2.031, 2879.7], [2.0311, 26825.8], [2.0312, 31459.7], [2.0313, 45373.6], [2.0314, 46763.7], [2.0315, 96393.5], [2.0316, 60835.7], [2.0317, 51791.4], [2.0318, 57708.9], [2.0319, 21063.9], [2.032, 39012.3], [2.0321, 61363.9], [2.0322, 44567.8], [2.0323, 14424.2], [2.0324, 36838.1], [2.0325, 20152.1], [2.0326, 63998.8], [2.0327, 24976.9], [2.0328, 46523.9], [2.0329, 39700.0]], "timestamp": "2025-12-12T09:53:23.917907+00:00"}, {"symbol": "XRPUSDT", "bids": [[2.0304, 2229.9], [2.0303, 14748.9], [2.0302, 17686.0], [2.0301, 17949.0], [2.03, 32338.4], [2.0299, 65330.4], [2.0298, 22887.0], [2.0297, 35225.3], [2.0296, 35630.5], [2.0295, 40795.1], [2.0294, 242170.1], [2.0293, 8874.8], [2.0292, 16368.7], [2.0291, 13182.9], [2.029, 33744.7], [2.0289, 22243.8], [2.0288, 46638.2], [2.0287, 8840.6], [2.0286, 18229.1], [2.0285, 13205.4]], "asks": [[2.0305, 41198.6], [2.0306, 18280.2], [2.0307, 38799.1], [2.0308, 35668.3], [2.0309, 45499.3], [2.031, 50988.4], [2.0311, 59714.4], [2.0312, 39306.3], [2.0313, 42180.4], [2.0314, 64780.9], [2.0315, 46176.8], [2.0316, 69146.5], [2.0317, 13941.0], [2.0318, 33864.9], [2.0319, 13262.8], [2.032, 41665.6], [2.0321, 54172.7], [2.0322, 42862.4], [2.0323, 10018.5], [2.0324, 30274.6]], "timestamp": "2025-12-12T09:54:17.203693+00:00"}, {"symbol": "XRPUSDT", "bids": [[2.0314, 62552.1], [2.0313, 30390.1], [2.0312, 28480.7], [2.0311, 31050.3], [2.031, 29374.1], [2.0309, 51105.4], [2.0308, 24369.0], [2.0307, 33117.5], [2.0306, 56610.4], [2.0305, 40185.5], [2.0304, 60137.7], [2.0303, 13379.4], [2.0302, 28377.6], [2.0301, 18578.8], [2.03, 64305.2], [2.0299, 239139.3], [2.0298, 14242.4], [2.0297, 4465.1], [2.0296, 30845.4], [2.0295, 127068.4]], "asks": [[2.0315, 3416.6], [2.0316, 1816.2], [2.0317, 12893.7], [2.0318, 14560.0], [2.0319, 20968.4], [2.032, 22653.1], [2.0321, 40506.2], [2.0322, 67844.0], [2.0323, 16891.5], [2.0324, 36182.1], [2.0325, 27913.7], [2.0326, 64938.3], [2.0327, 24456.2], [2.0328, 39815.6], [2.0329, 37252.9], [2.033, 32380.1], [2.0331, 68354.0], [2.0332, 61639.4], [2.0333, 32293.6], [2.0334, 29451.1]], "timestamp": "2025-12-12T09:55:11.233124+00:00"}, {"symbol": "XRPUSDT", "bids": [[2.0326, 49883.2], [2.0325, 23545.0], [2.0324, 13334.1], [2.0323, 26325.7], [2.0322, 24029.9], [2.0321, 25727.6], [2.032, 48144.7], [2.0319, 53953.2], [2.0318, 46314.5], [2.0317, 40999.4], [2.0316, 35990.8], [2.0315, 37323.5], [2.0314, 51666.1], [2.0313, 18379.7], [2.0312, 32387.7], [2.0311, 22516.5], [2.031, 42117.7], [2.0309, 62050.9], [2.0308, 170428.6], [2.0307, 9313.2]], "asks": [[2.0327, 17891.0], [2.0328, 9032.1], [2.0329, 19231.5], [2.033, 15416.0], [2.0331, 32675.4], [2.0332, 37986.9], [2.0333, 22291.7], [2.0334, 30711.5], [2.0335, 29116.7], [2.0336, 51722.6], [2.0337, 31240.2], [2.0338, 34115.2], [2.0339, 53683.4], [2.034, 32604.1], [2.0341, 52920.9], [2.0342, 49254.0], [2.0343, 31841.4], [2.0344, 33877.4], [2.0345, 28458.1], [2.0346, 32849.3]], "timestamp": "2025-12-12T09:56:04.073318+00:00"}, {"symbol": "XRPUSDT", "bids": [[2.033, 18808.3], [2.0329, 16124.8], [2.0328, 15197.2], [2.0327, 16644.2], [2.0326, 15278.7], [2.0325, 20805.6], [2.0324, 44743.0], [2.0323, 18875.4], [2.0322, 37980.5], [2.0321, 23541.3], [2.032, 29276.6], [2.0319, 43089.5], [2.0318, 16691.2], [2.0317, 17716.1], [2.0316, 24103.4], [2.0315, 67955.3], [2.0314, 51533.6], [2.0313, 13366.1], [2.0312, 86219.5], [2.0311, 20775.5]], "asks": [[2.0331, 31396.0], [2.0332, 38812.3], [2.0333, 43689.7], [2.0334, 73229.0], [2.0335, 45878.1], [2.0336, 52381.3], [2.0337, 71456.7], [2.0338, 66639.4], [2.0339, 32658.4], [2.034, 17824.4], [2.0341, 37656.7], [2.0342, 44649.1], [2.0343, 70020.6], [2.0344, 15545.7], [2.0345, 25533.9], [2.0346, 37449.3], [2.0347, 56812.1], [2.0348, 68761.7], [2.0349, 39039.5], [2.035, 53480.6]], "timestamp": "2025-12-12T09:56:56.914937+00:00"}, {"symbol": "XRPUSDT", "bids": [[2.0348, 53555.4], [2.0347, 8488.5], [2.0346, 13175.7], [2.0345, 21547.9], [2.0344, 20539.8], [2.0343, 34081.8], [2.0342, 31826.6], [2.0341, 38845.7], [2.034, 104084.3], [2.0339, 22864.5], [2.0338, 27874.6], [2.0337, 17901.5], [2.0336, 25720.8], [2.0335, 65626.7], [2.0334, 35189.7], [2.0333, 17352.3], [2.0332, 20879.1], [2.0331, 25567.1], [2.033, 129770.4], [2.0329, 50420.8]], "asks": [[2.0349, 27080.5], [2.035, 23915.1], [2.0351, 28781.4], [2.0352, 21745.0], [2.0353, 30043.1], [2.0354, 38023.4], [2.0355, 90892.1], [2.0356, 60309.1], [2.0357, 40748.0], [2.0358, 30343.1], [2.0359, 42141.2], [2.036, 58583.4], [2.0361, 39906.2], [2.0362, 23513.8], [2.0363, 40349.5], [2.0364, 41805.5], [2.0365, 86612.3], [2.0366, 47678.7], [2.0367, 40722.4], [2.0368, 35690.9]], "timestamp": "2025-12-12T09:57:49.957428+00:00"}, {"symbol": "XRPUSDT", "bids": [[2.0351, 31712.9], [2.035, 9420.6], [2.0349, 28517.3], [2.0348, 23661.1], [2.0347, 37204.5], [2.0346, 67892.5], [2.0345, 49059.9], [2.0344, 58371.1], [2.0343, 35986.9], [2.0342, 22531.2], [2.0341, 27597.1], [2.034, 76738.4], [2.0339, 9266.8], [2.0338, 31714.9], [2.0337, 31018.8], [2.0336, 44386.2], [2.0335, 58630.2], [2.0334, 19218.1], [2.0333, 17829.7], [2.0332, 111491.8]], "asks": [[2.0352, 9861.9], [2.0353, 14766.9], [2.0354, 25152.0], [2.0355, 22506.0], [2.0356, 22220.2], [2.0357, 35772.5], [2.0358, 61937.6], [2.0359, 55437.5], [2.036, 48204.2], [2.0361, 29076.2], [2.0362, 34228.3], [2.0363, 33144.3], [2.0364, 27677.7], [2.0365, 48095.3], [2.0366, 45916.3], [2.0367, 19237.8], [2.0368, 30847.6], [2.0369, 42261.1], [2.037, 92285.1], [2.0371, 24924.9]], "timestamp": "2025-12-12T09:58:43.231752+00:00"}, {"symbol": "XRPUSDT", "bids": [[2.0348, 46058.9], [2.0347, 16683.3], [2.0346, 7683.0], [2.0345, 14768.3], [2.0344, 38551.1], [2.0343, 27481.5], [2.0342, 30097.4], [2.0341, 36167.6], [2.034, 71951.1], [2.0339, 9975.5], [2.0338, 18240.8], [2.0337, 17310.4], [2.0336, 39249.5], [2.0335, 73761.8], [2.0334, 28201.4], [2.0333, 21531.5], [2.0332, 30830.2], [2.0331, 19336.8], [2.033, 46085.1], [2.0329, 50910.7]], "asks": [[2.0349, 21242.6], [2.035, 23202.8], [2.0351, 25639.1], [2.0352, 46191.0], [2.0353, 55071.8], [2.0354, 41504.7], [2.0355, 77053.0], [2.0356, 67551.0], [2.0357, 52312.0], [2.0358, 26588.0], [2.0359, 30350.5], [2.036, 48168.8], [2.0361, 21934.6], [2.0362, 30762.1], [2.0363, 34431.0], [2.0364, 30740.8], [2.0365, 45445.3], [2.0366, 37828.1], [2.0367, 47306.0], [2.0368, 57380.1]], "timestamp": "2025-12-12T09:59:36.253153+00:00"}, {"symbol": "XRPUSDT", "bids": [[2.0344, 4382.4], [2.0343, 10052.3], [2.0342, 16158.4], [2.0341, 26969.3], [2.034, 51787.5], [2.0339, 23099.8], [2.0338, 61575.1], [2.0337, 35007.5], [2.0336, 43427.5], [2.0335, 45340.5], [2.0334, 33976.8], [2.0333, 54678.5], [2.0332, 28839.4], [2.0331, 34825.9], [2.033, 49223.3], [2.0329, 55157.5], [2.0328, 15151.0], [2.0327, 14560.9], [2.0326, 16171.7], [2.0325, 46531.9]], "asks": [[2.0345, 23296.3], [2.0346, 30582.0], [2.0347, 47496.2], [2.0348, 57560.7], [2.0349, 69390.5], [2.035, 33977.2], [2.0351, 21729.2], [2.0352, 18006.1], [2.0353, 32234.2], [2.0354, 28073.6], [2.0355, 64652.5], [2.0356, 39321.6], [2.0357, 26192.9], [2.0358, 13528.3], [2.0359, 34501.2], [2.036, 44765.3], [2.0361, 28836.5], [2.0362, 43530.4], [2.0363, 41256.1], [2.0364, 36522.9]], "timestamp": "2025-12-12T10:00:29.193478+00:00"}, {"symbol": "XRPUSDT", "bids": [[2.0365, 10214.9], [2.0364, 5233.8], [2.0363, 10053.4], [2.0362, 39984.5], [2.0361, 69952.9], [2.036, 35871.8], [2.0359, 65200.6], [2.0358, 104799.6], [2.0357, 51576.3], [2.0356, 40811.6], [2.0355, 58278.1], [2.0354, 19554.3], [2.0353, 16539.3], [2.0352, 39600.0], [2.0351, 28430.4], [2.035, 20220.7], [2.0349, 35862.1], [2.0348, 22184.6], [2.0347, 43049.9], [2.0346, 40126.1]], "asks": [[2.0366, 38503.0], [2.0367, 30140.2], [2.0368, 26690.3], [2.0369, 22386.1], [2.037, 22627.8], [2.0371, 22933.4], [2.0372, 36043.1], [2.0373, 31013.4], [2.0374, 27120.4], [2.0375, 49486.6], [2.0376, 19540.7], [2.0377, 51525.7], [2.0378, 39495.1], [2.0379, 35528.5], [2.038, 59331.6], [2.0381, 33040.7], [2.0382, 38952.5], [2.0383, 43204.3], [2.0384, 21036.9], [2.0385, 25699.9]], "timestamp": "2025-12-12T10:01:23.427554+00:00"}, {"symbol": "XRPUSDT", "bids": [[2.0358, 19873.7], [2.0357, 21879.4], [2.0356, 26685.0], [2.0355, 31740.5], [2.0354, 32424.2], [2.0353, 44599.6], [2.0352, 140551.8], [2.0351, 60060.5], [2.035, 31621.7], [2.0349, 43139.8], [2.0348, 29300.4], [2.0347, 36773.2], [2.0346, 56580.9], [2.0345, 20375.8], [2.0344, 32056.6], [2.0343, 7090.1], [2.0342, 50834.2], [2.0341, 47291.4], [2.034, 29839.3], [2.0339, 10172.7]], "asks": [[2.0359, 6794.9], [2.036, 15667.9], [2.0361, 15595.1], [2.0362, 16320.0], [2.0363, 28369.2], [2.0364, 47020.4], [2.0365, 68134.2], [2.0366, 32875.6], [2.0367, 48865.6], [2.0368, 23164.8], [2.0369, 20769.2], [2.037, 46864.9], [2.0371, 66516.7], [2.0372, 20231.8], [2.0373, 17436.1], [2.0374, 20588.3], [2.0375, 27717.6], [2.0376, 47862.4], [2.0377, 40441.7], [2.0378, 41164.0]], "timestamp": "2025-12-12T10:02:15.998318+00:00"}, {"symbol": "XRPUSDT", "bids": [[2.0358, 31405.5], [2.0357, 17499.9], [2.0356, 25243.6], [2.0355, 29438.8], [2.0354, 35602.1], [2.0353, 38098.0], [2.0352, 47493.5], [2.0351, 53050.3], [2.035, 44773.2], [2.0349, 28727.5], [2.0348, 29664.3], [2.0347, 46797.3], [2.0346, 71799.9], [2.0345, 154295.1], [2.0344, 25702.4], [2.0343, 11574.5], [2.0342, 51545.1], [2.0341, 44196.4], [2.034, 25134.8], [2.0339, 19310.3]], "asks": [[2.0359, 11402.2], [2.036, 15781.8], [2.0361, 10297.2], [2.0362, 14549.7], [2.0363, 25670.0], [2.0364, 38418.7], [2.0365, 40943.2], [2.0366, 89477.0], [2.0367, 80079.1], [2.0368, 36684.6], [2.0369, 31415.4], [2.037, 21094.3], [2.0371, 66305.9], [2.0372, 17724.6], [2.0373, 23600.7], [2.0374, 22822.8], [2.0375, 26476.9], [2.0376, 74245.7], [2.0377, 36835.8], [2.0378, 128674.8]], "timestamp": "2025-12-12T10:03:09.518163+00:00"}, {"symbol": "XRPUSDT", "bids": [[2.0363, 25371.0], [2.0362, 11073.9], [2.0361, 28683.5], [2.036, 33117.3], [2.0359, 25827.7], [2.0358, 30212.8], [2.0357, 78106.8], [2.0356, 31795.7], [2.0355, 4325.8], [2.0354, 28263.1], [2.0353, 17934.4], [2.0352, 48188.9], [2.0351, 46334.3], [2.035, 27726.6], [2.0349, 58504.8], [2.0348, 107919.4], [2.0347, 32826.0], [2.0346, 43093.9], [2.0345, 15795.6], [2.0344, 20453.2]], "asks": [[2.0364, 15772.1], [2.0365, 14599.5], [2.0366, 16281.0], [2.0367, 28992.5], [2.0368, 21102.9], [2.0369, 28234.5], [2.037, 33352.6], [2.0371, 50838.2], [2.0372, 25951.7], [2.0373, 30804.2], [2.0374, 22378.6], [2.0375, 32036.4], [2.0376, 46026.6], [2.0377, 27980.6], [2.0378, 34970.9], [2.0379, 39884.6], [2.038, 39752.6], [2.0381, 49485.1], [2.0382, 58374.7], [2.0383, 45102.8]], "timestamp": "2025-12-12T10:04:02.212447+00:00"}, {"symbol": "XRPUSDT", "bids": [[2.0357, 34717.1], [2.0356, 18136.9], [2.0355, 19438.0], [2.0354, 26574.5], [2.0353, 39554.5], [2.0352, 36737.0], [2.0351, 56311.3], [2.035, 27092.7], [2.0349, 33066.0], [2.0348, 104138.5], [2.0347, 53585.3], [2.0346, 39981.7], [2.0345, 18965.1], [2.0344, 38835.1], [2.0343, 9715.9], [2.0342, 46819.4], [2.0341, 40973.6], [2.034, 28599.5], [2.0339, 8718.4], [2.0338, 15299.8]], "asks": [[2.0358, 2216.8], [2.0359, 10154.5], [2.036, 20803.5], [2.0361, 13660.1], [2.0362, 26529.5], [2.0363, 17925.3], [2.0364, 28160.9], [2.0365, 31129.2], [2.0366, 56713.1], [2.0367, 48170.5], [2.0368, 21623.1], [2.0369, 14893.7], [2.037, 18256.2], [2.0371, 59846.2], [2.0372, 25439.9], [2.0373, 23704.1], [2.0374, 38409.8], [2.0375, 43147.2], [2.0376, 63429.2], [2.0377, 36916.0]], "timestamp": "2025-12-12T10:04:55.945719+00:00"}, {"symbol": "XRPUSDT", "bids": [[2.0361, 23605.3], [2.036, 26269.3], [2.0359, 14208.1], [2.0358, 13706.7], [2.0357, 21089.6], [2.0356, 22832.8], [2.0355, 21430.1], [2.0354, 20285.5], [2.0353, 24176.5], [2.0352, 41298.4], [2.0351, 51528.4], [2.035, 22635.2], [2.0349, 21984.9], [2.0348, 51539.5], [2.0347, 40824.6], [2.0346, 63462.1], [2.0345, 24653.3], [2.0344, 54664.9], [2.0343, 120141.7], [2.0342, 42600.8]], "asks": [[2.0362, 28980.2], [2.0363, 12471.7], [2.0364, 15310.0], [2.0365, 13777.4], [2.0366, 46829.3], [2.0367, 26857.4], [2.0368, 34026.2], [2.0369, 16656.4], [2.037, 34476.3], [2.0371, 59257.9], [2.0372, 25285.7], [2.0373, 28343.9], [2.0374, 30313.0], [2.0375, 30828.3], [2.0376, 54904.7], [2.0377, 55258.5], [2.0378, 27445.5], [2.0379, 24944.2], [2.038, 60815.5], [2.0381, 54157.0]], "timestamp": "2025-12-12T10:05:48.898889+00:00"}, {"symbol": "XRPUSDT", "bids": [[2.0364, 26297.2], [2.0363, 21381.4], [2.0362, 24746.1], [2.0361, 30463.9], [2.036, 42622.7], [2.0359, 51717.6], [2.0358, 21167.7], [2.0357, 45826.0], [2.0356, 69682.4], [2.0355, 27334.6], [2.0354, 20566.5], [2.0353, 14645.9], [2.0352, 36853.4], [2.0351, 48358.5], [2.035, 27877.7], [2.0349, 20675.8], [2.0348, 28534.8], [2.0347, 55923.4], [2.0346, 137108.4], [2.0345, 18609.9]], "asks": [[2.0365, 26301.7], [2.0366, 7964.3], [2.0367, 8879.7], [2.0368, 22384.4], [2.0369, 30343.8], [2.037, 34116.7], [2.0371, 68595.7], [2.0372, 33747.5], [2.0373, 41309.6], [2.0374, 29520.9], [2.0375, 32005.1], [2.0376, 49855.0], [2.0377, 51659.2], [2.0378, 19864.3], [2.0379, 26026.7], [2.038, 48314.3], [2.0381, 59363.1], [2.0382, 39318.0], [2.0383, 40925.4], [2.0384, 32392.0]], "timestamp": "2025-12-12T10:06:41.735041+00:00"}, {"symbol": "XRPUSDT", "bids": [[2.0364, 2560.9], [2.0363, 11853.9], [2.0362, 10767.1], [2.0361, 18422.3], [2.036, 31975.1], [2.0359, 33930.0], [2.0358, 34563.2], [2.0357, 46905.0], [2.0356, 81567.3], [2.0355, 93109.5], [2.0354, 17118.8], [2.0353, 7890.1], [2.0352, 50532.7], [2.0351, 57729.1], [2.035, 17963.0], [2.0349, 26825.5], [2.0348, 22671.1], [2.0347, 35751.1], [2.0346, 41020.9], [2.0345, 27674.7]], "asks": [[2.0365, 41004.4], [2.0366, 25368.1], [2.0367, 34076.4], [2.0368, 22728.0], [2.0369, 30566.3], [2.037, 39177.2], [2.0371, 88071.1], [2.0372, 43482.1], [2.0373, 22507.6], [2.0374, 21319.9], [2.0375, 28048.6], [2.0376, 47607.7], [2.0377, 33674.3], [2.0378, 20178.6], [2.0379, 33402.1], [2.038, 46500.0], [2.0381, 49640.3], [2.0382, 61971.9], [2.0383, 31822.0], [2.0384, 34490.8]], "timestamp": "2025-12-12T10:07:34.973952+00:00"}, {"symbol": "XRPUSDT", "bids": [[2.0361, 59544.4], [2.036, 41883.0], [2.0359, 28619.6], [2.0358, 20988.2], [2.0357, 21625.3], [2.0356, 31419.3], [2.0355, 18122.6], [2.0354, 39537.3], [2.0353, 105465.2], [2.0352, 43765.7], [2.0351, 58163.2], [2.035, 18849.3], [2.0349, 30125.7], [2.0348, 27518.6], [2.0347, 37716.1], [2.0346, 40180.4], [2.0345, 18216.9], [2.0344, 29899.5], [2.0343, 10653.2], [2.0342, 43340.3]], "asks": [[2.0362, 5985.7], [2.0363, 5103.2], [2.0364, 17361.2], [2.0365, 33130.6], [2.0366, 50626.6], [2.0367, 40100.7], [2.0368, 42662.4], [2.0369, 52062.1], [2.037, 23977.7], [2.0371, 67112.8], [2.0372, 35453.3], [2.0373, 19678.4], [2.0374, 19826.5], [2.0375, 37371.4], [2.0376, 57606.1], [2.0377, 50264.6], [2.0378, 38064.9], [2.0379, 40414.9], [2.038, 45453.6], [2.0381, 63476.9]], "timestamp": "2025-12-12T10:08:28.379471+00:00"}, {"symbol": "XRPUSDT", "bids": [[2.0372, 27218.1], [2.0371, 17386.3], [2.037, 24524.0], [2.0369, 23125.7], [2.0368, 27217.4], [2.0367, 42453.7], [2.0366, 62745.9], [2.0365, 45741.0], [2.0364, 48962.7], [2.0363, 22182.0], [2.0362, 46602.8], [2.0361, 41402.7], [2.036, 17888.5], [2.0359, 30092.3], [2.0358, 50622.5], [2.0357, 251280.1], [2.0356, 47975.6], [2.0355, 31821.0], [2.0354, 15447.9], [2.0353, 9842.7]], "asks": [[2.0373, 9002.6], [2.0374, 13324.7], [2.0375, 20886.1], [2.0376, 42180.8], [2.0377, 22808.1], [2.0378, 28133.5], [2.0379, 35543.1], [2.038, 39448.8], [2.0381, 76230.7], [2.0382, 37201.2], [2.0383, 22385.3], [2.0384, 16629.8], [2.0385, 40211.7], [2.0386, 56866.4], [2.0387, 34931.7], [2.0388, 36735.9], [2.0389, 47479.6], [2.039, 56309.6], [2.0391, 45508.6], [2.0392, 42293.3]], "timestamp": "2025-12-12T10:09:21.777994+00:00"}, {"symbol": "XRPUSDT", "bids": [[2.0375, 12141.7], [2.0374, 8108.7], [2.0373, 8759.9], [2.0372, 28242.8], [2.0371, 30857.3], [2.037, 42549.1], [2.0369, 28045.6], [2.0368, 26349.7], [2.0367, 32318.4], [2.0366, 67578.3], [2.0365, 17192.9], [2.0364, 27900.5], [2.0363, 32561.2], [2.0362, 37514.4], [2.0361, 59598.1], [2.036, 120689.7], [2.0359, 11523.6], [2.0358, 46815.4], [2.0357, 238074.8], [2.0356, 50512.9]], "asks": [[2.0376, 33551.9], [2.0377, 21596.3], [2.0378, 33227.6], [2.0379, 34637.0], [2.038, 26792.2], [2.0381, 27428.3], [2.0382, 26747.5], [2.0383, 28591.7], [2.0384, 36275.1], [2.0385, 43837.5], [2.0386, 65704.3], [2.0387, 23247.4], [2.0388, 20638.9], [2.0389, 42841.4], [2.039, 36915.1], [2.0391, 36690.2], [2.0392, 28324.2], [2.0393, 42802.6], [2.0394, 35846.2], [2.0395, 64980.0]], "timestamp": "2025-12-12T10:10:14.517008+00:00"}, {"symbol": "XRPUSDT", "bids": [[2.0374, 9898.4], [2.0373, 4997.1], [2.0372, 11403.3], [2.0371, 24065.4], [2.037, 28805.6], [2.0369, 29808.7], [2.0368, 36442.0], [2.0367, 40186.8], [2.0366, 30240.8], [2.0365, 28920.7], [2.0364, 28038.1], [2.0363, 31799.5], [2.0362, 48868.2], [2.0361, 70096.0], [2.036, 75894.5], [2.0359, 28266.0], [2.0358, 50458.8], [2.0357, 245533.7], [2.0356, 43304.5], [2.0355, 28476.9]], "asks": [[2.0375, 38217.4], [2.0376, 32855.5], [2.0377, 58524.5], [2.0378, 65420.2], [2.0379, 28160.9], [2.038, 28068.2], [2.0381, 22235.5], [2.0382, 25748.5], [2.0383, 33349.0], [2.0384, 12905.0], [2.0385, 39602.2], [2.0386, 54244.3], [2.0387, 15906.0], [2.0388, 18146.8], [2.0389, 45852.6], [2.039, 51505.2], [2.0391, 36708.2], [2.0392, 47967.2], [2.0393, 33570.7], [2.0394, 40094.2]], "timestamp": "2025-12-12T10:11:07.456702+00:00"}, {"symbol": "XRPUSDT", "bids": [[2.036, 18203.3], [2.0359, 10391.8], [2.0358, 13890.8], [2.0357, 206121.7], [2.0356, 7544.4], [2.0355, 11379.5], [2.0354, 16000.7], [2.0353, 27623.5], [2.0352, 46746.3], [2.0351, 47810.5], [2.035, 32903.4], [2.0349, 25167.7], [2.0348, 27814.6], [2.0347, 43713.7], [2.0346, 37598.8], [2.0345, 25316.6], [2.0344, 38488.4], [2.0343, 9262.5], [2.0342, 43359.2], [2.0341, 40410.5]], "asks": [[2.0361, 28022.9], [2.0362, 25780.1], [2.0363, 38755.3], [2.0364, 45944.8], [2.0365, 54340.5], [2.0366, 66988.9], [2.0367, 70889.0], [2.0368, 28687.2], [2.0369, 29903.2], [2.037, 32955.4], [2.0371, 23303.7], [2.0372, 51188.2], [2.0373, 23193.4], [2.0374, 39031.6], [2.0375, 19787.7], [2.0376, 40038.5], [2.0377, 52179.6], [2.0378, 62033.4], [2.0379, 31020.4], [2.038, 60362.8]], "timestamp": "2025-12-12T10:12:00.501080+00:00"}, {"symbol": "XRPUSDT", "bids": [[2.0362, 39225.4], [2.0361, 13635.1], [2.036, 31366.9], [2.0359, 28654.6], [2.0358, 50453.9], [2.0357, 207134.2], [2.0356, 15858.9], [2.0355, 5825.8], [2.0354, 30357.3], [2.0353, 29923.0], [2.0352, 43138.6], [2.0351, 44215.8], [2.035, 20277.6], [2.0349, 24103.9], [2.0348, 23932.4], [2.0347, 47028.7], [2.0346, 84674.7], [2.0345, 15234.9], [2.0344, 20382.2], [2.0343, 6163.2]], "asks": [[2.0363, 3400.8], [2.0364, 6736.6], [2.0365, 29077.0], [2.0366, 43501.6], [2.0367, 65055.0], [2.0368, 28840.5], [2.0369, 57977.7], [2.037, 50898.6], [2.0371, 26761.0], [2.0372, 52982.6], [2.0373, 26323.3], [2.0374, 41234.3], [2.0375, 25420.3], [2.0376, 42624.9], [2.0377, 53670.6], [2.0378, 54978.9], [2.0379, 25140.8], [2.038, 66817.0], [2.0381, 44937.3], [2.0382, 17649.9]], "timestamp": "2025-12-12T10:12:53.494952+00:00"}, {"symbol": "XRPUSDT", "bids": [[2.0365, 64262.5], [2.0364, 20405.5], [2.0363, 26896.1], [2.0362, 25339.3], [2.0361, 28744.6], [2.036, 33957.0], [2.0359, 38991.7], [2.0358, 110917.7], [2.0357, 209777.6], [2.0356, 23455.1], [2.0355, 4977.2], [2.0354, 21284.8], [2.0353, 45410.6], [2.0352, 45456.9], [2.0351, 40711.4], [2.035, 24200.8], [2.0349, 13857.1], [2.0348, 121377.5], [2.0347, 723207.9], [2.0346, 40028.0]], "asks": [[2.0366, 7253.2], [2.0367, 12583.6], [2.0368, 26976.8], [2.0369, 44390.6], [2.037, 39211.5], [2.0371, 34065.7], [2.0372, 40130.3], [2.0373, 56080.0], [2.0374, 41492.9], [2.0375, 34268.9], [2.0376, 62815.8], [2.0377, 226103.5], [2.0378, 53033.1], [2.0379, 24318.6], [2.038, 49634.0], [2.0381, 25172.2], [2.0382, 35400.2], [2.0383, 29585.7], [2.0384, 24453.7], [2.0385, 40981.9]], "timestamp": "2025-12-12T10:13:46.611835+00:00"}, {"symbol": "XRPUSDT", "bids": [[2.0368, 21982.2], [2.0367, 12433.1], [2.0366, 25247.5], [2.0365, 25967.2], [2.0364, 33434.1], [2.0363, 78607.0], [2.0362, 23364.3], [2.0361, 31965.9], [2.036, 56250.7], [2.0359, 34553.9], [2.0358, 103791.1], [2.0357, 209200.0], [2.0356, 22279.6], [2.0355, 4261.8], [2.0354, 26632.8], [2.0353, 35931.7], [2.0352, 107506.6], [2.0351, 771014.8], [2.035, 52302.2], [2.0349, 13858.3]], "asks": [[2.0369, 20376.6], [2.037, 21925.1], [2.0371, 23154.9], [2.0372, 35959.7], [2.0373, 65696.7], [2.0374, 39139.7], [2.0375, 27012.4], [2.0376, 29166.1], [2.0377, 40097.1], [2.0378, 54262.1], [2.0379, 39616.3], [2.038, 83600.7], [2.0381, 211637.0], [2.0382, 36070.6], [2.0383, 27317.3], [2.0384, 18591.8], [2.0385, 34576.1], [2.0386, 63910.8], [2.0387, 31377.2], [2.0388, 25287.0]], "timestamp": "2025-12-12T10:14:40.451506+00:00"}, {"symbol": "XRPUSDT", "bids": [[2.0364, 28353.9], [2.0363, 10784.1], [2.0362, 15486.6], [2.0361, 20417.0], [2.036, 32955.9], [2.0359, 33023.1], [2.0358, 71595.1], [2.0357, 235370.9], [2.0356, 72590.7], [2.0355, 112589.9], [2.0354, 692043.3], [2.0353, 30894.7], [2.0352, 42731.8], [2.0351, 48186.8], [2.035, 42593.8], [2.0349, 13890.9], [2.0348, 21749.3], [2.0347, 40203.4], [2.0346, 39847.2], [2.0345, 16914.4]], "asks": [[2.0365, 17766.7], [2.0366, 31760.1], [2.0367, 38059.2], [2.0368, 46513.6], [2.0369, 24621.8], [2.037, 39732.4], [2.0371, 25905.7], [2.0372, 25599.6], [2.0373, 53330.3], [2.0374, 31620.5], [2.0375, 22836.6], [2.0376, 40771.4], [2.0377, 44337.4], [2.0378, 51665.1], [2.0379, 26223.4], [2.038, 35304.5], [2.0381, 32723.6], [2.0382, 44629.5], [2.0383, 64296.4], [2.0384, 207397.6]], "timestamp": "2025-12-12T10:15:33.494899+00:00"}, {"symbol": "XRPUSDT", "bids": [[2.0363, 23567.6], [2.0362, 9131.4], [2.0361, 17778.7], [2.036, 26215.1], [2.0359, 29861.1], [2.0358, 55918.8], [2.0357, 129978.8], [2.0356, 86205.3], [2.0355, 52012.8], [2.0354, 29838.7], [2.0353, 15093.9], [2.0352, 31883.1], [2.0351, 57491.1], [2.035, 28158.5], [2.0349, 26893.5], [2.0348, 20865.0], [2.0347, 49374.5], [2.0346, 58256.9], [2.0345, 88747.9], [2.0344, 699206.4]], "asks": [[2.0364, 22185.3], [2.0365, 19868.3], [2.0366, 28964.4], [2.0367, 36186.5], [2.0368, 61746.7], [2.0369, 41820.6], [2.037, 38764.5], [2.0371, 45954.2], [2.0372, 43152.8], [2.0373, 77003.5], [2.0374, 219291.5], [2.0375, 25414.5], [2.0376, 30895.6], [2.0377, 32015.9], [2.0378, 53436.8], [2.0379, 33714.6], [2.038, 30062.1], [2.0381, 28090.2], [2.0382, 36049.8], [2.0383, 44199.1]], "timestamp": "2025-12-12T10:16:26.362241+00:00"}, {"symbol": "XRPUSDT", "bids": [[2.0359, 52887.4], [2.0358, 19862.3], [2.0357, 8587.9], [2.0356, 25787.7], [2.0355, 40092.1], [2.0354, 63376.5], [2.0353, 74095.4], [2.0352, 26840.7], [2.0351, 17459.9], [2.035, 43522.8], [2.0349, 29687.5], [2.0348, 46468.5], [2.0347, 63668.1], [2.0346, 31896.7], [2.0345, 13925.2], [2.0344, 41181.9], [2.0343, 31527.8], [2.0342, 112101.1], [2.0341, 745889.7], [2.034, 58811.6]], "asks": [[2.036, 31018.5], [2.0361, 1411.6], [2.0362, 14704.6], [2.0363, 22407.5], [2.0364, 17247.4], [2.0365, 24262.2], [2.0366, 71090.8], [2.0367, 56682.1], [2.0368, 50822.6], [2.0369, 36983.2], [2.037, 91928.5], [2.0371, 198674.6], [2.0372, 21516.2], [2.0373, 45038.8], [2.0374, 23106.5], [2.0375, 27675.4], [2.0376, 28537.9], [2.0377, 41192.5], [2.0378, 72696.5], [2.0379, 25019.1]], "timestamp": "2025-12-12T10:17:19.502109+00:00"}, {"symbol": "XRPUSDT", "bids": [[2.0351, 7576.3], [2.035, 12006.5], [2.0349, 11447.5], [2.0348, 27170.3], [2.0347, 37890.0], [2.0346, 54541.2], [2.0345, 18904.7], [2.0344, 61850.6], [2.0343, 28457.5], [2.0342, 29001.1], [2.0341, 39584.3], [2.034, 33578.4], [2.0339, 29102.2], [2.0338, 125452.9], [2.0337, 714427.6], [2.0336, 18057.2], [2.0335, 47326.2], [2.0334, 41001.2], [2.0333, 11070.7], [2.0332, 14523.4]], "asks": [[2.0352, 53859.2], [2.0353, 24595.4], [2.0354, 20285.4], [2.0355, 42253.4], [2.0356, 38884.7], [2.0357, 50596.0], [2.0358, 72599.7], [2.0359, 43767.2], [2.036, 58664.0], [2.0361, 24197.1], [2.0362, 49603.3], [2.0363, 56741.0], [2.0364, 14267.1], [2.0365, 21796.4], [2.0366, 50853.1], [2.0367, 222346.4], [2.0368, 65951.1], [2.0369, 29711.7], [2.037, 87609.2], [2.0371, 10663.8]], "timestamp": "2025-12-12T10:18:13.138667+00:00"}, {"symbol": "XRPUSDT", "bids": [[2.034, 93838.9], [2.0339, 26218.8], [2.0338, 20659.9], [2.0337, 28269.4], [2.0336, 28243.0], [2.0335, 54783.0], [2.0334, 16394.7], [2.0333, 23365.4], [2.0332, 32242.1], [2.0331, 46353.3], [2.033, 27380.0], [2.0329, 56755.6], [2.0328, 45459.7], [2.0327, 276067.2], [2.0326, 5945.1], [2.0325, 40666.5], [2.0324, 47068.1], [2.0323, 9688.2], [2.0322, 13130.0], [2.0321, 12740.1]], "asks": [[2.0341, 4966.2], [2.0342, 3981.6], [2.0343, 14370.4], [2.0344, 19626.0], [2.0345, 31311.5], [2.0346, 32131.3], [2.0347, 42194.6], [2.0348, 56658.2], [2.0349, 34749.1], [2.035, 48349.5], [2.0351, 56954.0], [2.0352, 37700.0], [2.0353, 14849.2], [2.0354, 34798.1], [2.0355, 47931.7], [2.0356, 59705.6], [2.0357, 207424.5], [2.0358, 44478.6], [2.0359, 46932.1], [2.036, 89966.1]], "timestamp": "2025-12-12T10:19:06.395934+00:00"}, {"symbol": "XRPUSDT", "bids": [[2.0342, 6011.7], [2.0341, 17660.3], [2.034, 18206.2], [2.0339, 37911.3], [2.0338, 62404.7], [2.0337, 43249.2], [2.0336, 42117.3], [2.0335, 46807.4], [2.0334, 45632.5], [2.0333, 49513.0], [2.0332, 8593.9], [2.0331, 29446.3], [2.033, 42507.4], [2.0329, 51619.0], [2.0328, 54082.9], [2.0327, 251591.9], [2.0326, 20465.4], [2.0325, 39052.4], [2.0324, 67744.5], [2.0323, 7672.9]], "asks": [[2.0343, 28125.7], [2.0344, 23204.6], [2.0345, 24381.5], [2.0346, 25289.5], [2.0347, 21753.2], [2.0348, 28624.5], [2.0349, 44024.0], [2.035, 69152.6], [2.0351, 60611.9], [2.0352, 50146.7], [2.0353, 29296.1], [2.0354, 27287.3], [2.0355, 38624.7], [2.0356, 48173.9], [2.0357, 209484.2], [2.0358, 60714.1], [2.0359, 43481.0], [2.036, 60986.6], [2.0361, 25130.9], [2.0362, 60240.5]], "timestamp": "2025-12-12T10:19:59.840362+00:00"}, {"symbol": "XRPUSDT", "bids": [[2.0342, 6094.8], [2.0341, 16819.7], [2.034, 28110.9], [2.0339, 32187.1], [2.0338, 28893.9], [2.0337, 35750.3], [2.0336, 37031.5], [2.0335, 50435.4], [2.0334, 52236.7], [2.0333, 57264.8], [2.0332, 31115.9], [2.0331, 26038.1], [2.033, 27462.4], [2.0329, 62212.1], [2.0328, 94845.8], [2.0327, 745899.0], [2.0326, 20233.1], [2.0325, 43860.1], [2.0324, 64333.1], [2.0323, 15483.5]], "asks": [[2.0343, 29287.9], [2.0344, 14182.2], [2.0345, 20997.7], [2.0346, 21723.1], [2.0347, 31575.8], [2.0348, 64561.7], [2.0349, 46664.1], [2.035, 76786.9], [2.0351, 60854.8], [2.0352, 42672.8], [2.0353, 22141.5], [2.0354, 33651.4], [2.0355, 40620.8], [2.0356, 51489.0], [2.0357, 210580.6], [2.0358, 59565.5], [2.0359, 44624.0], [2.036, 60599.6], [2.0361, 33911.8], [2.0362, 48491.9]], "timestamp": "2025-12-12T10:20:53.021624+00:00"}, {"symbol": "XRPUSDT", "bids": [[2.033, 19221.9], [2.0329, 63645.9], [2.0328, 370692.4], [2.0327, 5962.0], [2.0326, 18787.0], [2.0325, 30318.9], [2.0324, 64791.6], [2.0323, 18383.7], [2.0322, 41137.1], [2.0321, 43562.2], [2.032, 16281.5], [2.0319, 41180.9], [2.0318, 20032.4], [2.0317, 45968.6], [2.0316, 39845.1], [2.0315, 18089.4], [2.0314, 69570.6], [2.0313, 130468.3], [2.0312, 17500.9], [2.0311, 15453.7]], "asks": [[2.0331, 34314.5], [2.0332, 45784.1], [2.0333, 16365.0], [2.0334, 15986.3], [2.0335, 38511.2], [2.0336, 70578.5], [2.0337, 43325.8], [2.0338, 50404.9], [2.0339, 56103.2], [2.034, 53019.0], [2.0341, 85954.3], [2.0342, 34265.9], [2.0343, 37257.6], [2.0344, 27788.5], [2.0345, 25095.5], [2.0346, 60614.4], [2.0347, 18972.2], [2.0348, 60621.5], [2.0349, 33146.1], [2.035, 140402.4]], "timestamp": "2025-12-12T10:21:46.341982+00:00"}, {"symbol": "XRPUSDT", "bids": [[2.0338, 41827.6], [2.0337, 3683.1], [2.0336, 16834.7], [2.0335, 22101.4], [2.0334, 54558.3], [2.0333, 61130.8], [2.0332, 55287.5], [2.0331, 38198.5], [2.033, 22358.8], [2.0329, 71759.0], [2.0328, 22932.4], [2.0327, 13222.1], [2.0326, 38051.3], [2.0325, 44651.4], [2.0324, 58282.4], [2.0323, 28359.3], [2.0322, 20750.6], [2.0321, 21009.6], [2.032, 35016.5], [2.0319, 44419.2]], "asks": [[2.0339, 15017.6], [2.034, 23402.5], [2.0341, 23274.3], [2.0342, 39101.5], [2.0343, 29152.3], [2.0344, 57433.7], [2.0345, 75759.5], [2.0346, 254948.3], [2.0347, 15101.8], [2.0348, 40172.4], [2.0349, 28338.8], [2.035, 107017.8], [2.0351, 67152.0], [2.0352, 51686.8], [2.0353, 34778.7], [2.0354, 35668.5], [2.0355, 58203.5], [2.0356, 40245.4], [2.0357, 38436.8], [2.0358, 61991.1]], "timestamp": "2025-12-12T10:22:39.689273+00:00"}, {"symbol": "XRPUSDT", "bids": [[2.0348, 18478.6], [2.0347, 15369.7], [2.0346, 37326.5], [2.0345, 13014.2], [2.0344, 27116.0], [2.0343, 37374.8], [2.0342, 31975.6], [2.0341, 39006.1], [2.034, 87286.3], [2.0339, 85516.4], [2.0338, 20049.3], [2.0337, 15706.2], [2.0336, 4493.7], [2.0335, 25578.8], [2.0334, 50011.6], [2.0333, 47640.8], [2.0332, 35380.6], [2.0331, 27183.4], [2.033, 22899.0], [2.0329, 55399.0]], "asks": [[2.0349, 33594.8], [2.035, 65961.7], [2.0351, 25842.7], [2.0352, 34613.4], [2.0353, 49997.5], [2.0354, 45524.6], [2.0355, 78916.9], [2.0356, 80575.4], [2.0357, 216832.4], [2.0358, 53891.9], [2.0359, 48468.2], [2.036, 83414.9], [2.0361, 30927.0], [2.0362, 40488.0], [2.0363, 91982.3], [2.0364, 44247.1], [2.0365, 33258.1], [2.0366, 30634.3], [2.0367, 39396.1], [2.0368, 49080.1]], "timestamp": "2025-12-12T10:23:33.142718+00:00"}, {"symbol": "XRPUSDT", "bids": [[2.0344, 3739.9], [2.0343, 4761.0], [2.0342, 8340.1], [2.0341, 24004.5], [2.034, 32099.2], [2.0339, 36097.9], [2.0338, 27102.5], [2.0337, 46525.2], [2.0336, 23886.9], [2.0335, 43802.9], [2.0334, 112461.3], [2.0333, 726461.7], [2.0332, 33012.8], [2.0331, 35196.5], [2.033, 8468.0], [2.0329, 53651.4], [2.0328, 22645.7], [2.0327, 13100.4], [2.0326, 42654.1], [2.0325, 39742.3]], "asks": [[2.0345, 66077.4], [2.0346, 41440.8], [2.0347, 65948.1], [2.0348, 88287.0], [2.0349, 56600.1], [2.035, 62493.1], [2.0351, 34887.9], [2.0352, 40662.2], [2.0353, 63250.8], [2.0354, 40573.1], [2.0355, 54738.8], [2.0356, 41772.7], [2.0357, 34228.9], [2.0358, 54863.2], [2.0359, 55157.2], [2.036, 94861.8], [2.0361, 48632.4], [2.0362, 81491.9], [2.0363, 266590.4], [2.0364, 25884.5]], "timestamp": "2025-12-12T10:24:26.324707+00:00"}, {"symbol": "XRPUSDT", "bids": [[2.0335, 50704.9], [2.0334, 23261.2], [2.0333, 16741.8], [2.0332, 23192.4], [2.0331, 24743.4], [2.033, 30804.9], [2.0329, 80103.1], [2.0328, 44238.5], [2.0327, 27278.5], [2.0326, 37995.7], [2.0325, 40231.1], [2.0324, 102207.1], [2.0323, 384585.5], [2.0322, 15355.3], [2.0321, 28773.0], [2.032, 40480.6], [2.0319, 41456.5], [2.0318, 12608.9], [2.0317, 24798.4], [2.0316, 33532.3]], "asks": [[2.0336, 3094.2], [2.0337, 20839.0], [2.0338, 25335.1], [2.0339, 26845.1], [2.034, 19790.5], [2.0341, 46871.4], [2.0342, 43670.8], [2.0343, 90649.7], [2.0344, 38903.0], [2.0345, 46359.1], [2.0346, 35600.2], [2.0347, 51468.2], [2.0348, 75537.0], [2.0349, 59578.7], [2.035, 55936.9], [2.0351, 46339.1], [2.0352, 66862.0], [2.0353, 243746.1], [2.0354, 36141.3], [2.0355, 67600.8]], "timestamp": "2025-12-12T10:25:20.413748+00:00"}, {"symbol": "XRPUSDT", "bids": [[2.0336, 29602.8], [2.0335, 30961.0], [2.0334, 10200.4], [2.0333, 19087.0], [2.0332, 35396.7], [2.0331, 39357.5], [2.033, 33031.8], [2.0329, 77140.4], [2.0328, 38896.2], [2.0327, 16081.2], [2.0326, 37754.7], [2.0325, 40364.6], [2.0324, 51100.8], [2.0323, 20127.2], [2.0322, 117641.9], [2.0321, 721236.8], [2.032, 40778.3], [2.0319, 41456.5], [2.0318, 13737.1], [2.0317, 23098.4]], "asks": [[2.0337, 16247.2], [2.0338, 18316.8], [2.0339, 29156.1], [2.034, 45140.5], [2.0341, 47072.6], [2.0342, 40255.6], [2.0343, 73151.9], [2.0344, 38391.5], [2.0345, 42626.4], [2.0346, 45138.5], [2.0347, 55431.9], [2.0348, 76578.5], [2.0349, 60842.7], [2.035, 83668.0], [2.0351, 230274.8], [2.0352, 40492.3], [2.0353, 61578.1], [2.0354, 30570.1], [2.0355, 75679.8], [2.0356, 48876.3]], "timestamp": "2025-12-12T10:26:14.117488+00:00"}, {"symbol": "XRPUSDT", "bids": [[2.034, 19633.8], [2.0339, 18249.8], [2.0338, 12929.6], [2.0337, 24251.0], [2.0336, 32247.1], [2.0335, 27885.5], [2.0334, 52906.2], [2.0333, 33712.5], [2.0332, 49670.3], [2.0331, 32839.7], [2.033, 18022.0], [2.0329, 54281.8], [2.0328, 20684.0], [2.0327, 29368.6], [2.0326, 108652.0], [2.0325, 740377.5], [2.0324, 67864.0], [2.0323, 11356.4], [2.0322, 13056.3], [2.0321, 22420.8]], "asks": [[2.0341, 15702.7], [2.0342, 15204.0], [2.0343, 41854.2], [2.0344, 36956.3], [2.0345, 40475.6], [2.0346, 45080.9], [2.0347, 56807.1], [2.0348, 77092.5], [2.0349, 62751.1], [2.035, 67551.7], [2.0351, 35528.2], [2.0352, 43246.0], [2.0353, 60189.2], [2.0354, 53908.7], [2.0355, 257428.7], [2.0356, 51076.6], [2.0357, 36372.5], [2.0358, 70738.1], [2.0359, 80432.3], [2.036, 270590.2]], "timestamp": "2025-12-12T10:27:07.775161+00:00"}, {"symbol": "XRPUSDT", "bids": [[2.0347, 6866.3], [2.0346, 16976.0], [2.0345, 5759.8], [2.0344, 32882.2], [2.0343, 52500.6], [2.0342, 27483.9], [2.0341, 33455.9], [2.034, 46196.3], [2.0339, 95547.7], [2.0338, 9018.3], [2.0337, 32216.0], [2.0336, 30505.9], [2.0335, 19270.1], [2.0334, 109259.0], [2.0333, 341005.5], [2.0332, 37041.2], [2.0331, 29471.3], [2.033, 12452.0], [2.0329, 55472.8], [2.0328, 33649.3]], "asks": [[2.0348, 33045.1], [2.0349, 41676.3], [2.035, 54690.8], [2.0351, 26327.9], [2.0352, 51713.7], [2.0353, 44646.2], [2.0354, 53319.3], [2.0355, 52519.8], [2.0356, 33788.2], [2.0357, 34426.4], [2.0358, 63493.5], [2.0359, 81091.5], [2.036, 254047.2], [2.0361, 37146.3], [2.0362, 41661.4], [2.0363, 79999.3], [2.0364, 61766.5], [2.0365, 47618.6], [2.0366, 32973.9], [2.0367, 34952.5]], "timestamp": "2025-12-12T10:28:01.387032+00:00"}, {"symbol": "XRPUSDT", "bids": [[2.0347, 12896.2], [2.0346, 13913.2], [2.0345, 9570.3], [2.0344, 19389.2], [2.0343, 29946.7], [2.0342, 37898.0], [2.0341, 41517.7], [2.034, 62547.0], [2.0339, 90695.5], [2.0338, 9474.8], [2.0337, 29299.2], [2.0336, 40878.7], [2.0335, 19869.2], [2.0334, 157702.7], [2.0333, 734674.7], [2.0332, 36053.8], [2.0331, 29716.0], [2.033, 18250.4], [2.0329, 58250.6], [2.0328, 16179.5]], "asks": [[2.0348, 50703.5], [2.0349, 39978.6], [2.035, 59219.2], [2.0351, 27458.2], [2.0352, 42141.1], [2.0353, 53206.0], [2.0354, 31149.4], [2.0355, 49837.8], [2.0356, 42033.5], [2.0357, 53667.6], [2.0358, 67590.4], [2.0359, 84117.3], [2.036, 250734.8], [2.0361, 35734.1], [2.0362, 62859.7], [2.0363, 259695.9], [2.0364, 48835.9], [2.0365, 28419.7], [2.0366, 33551.4], [2.0367, 41498.6]], "timestamp": "2025-12-12T10:28:55.432208+00:00"}, {"symbol": "XRPUSDT", "bids": [[2.0343, 4518.0], [2.0342, 6818.8], [2.0341, 21264.4], [2.034, 25821.6], [2.0339, 16429.8], [2.0338, 38300.1], [2.0337, 42172.2], [2.0336, 65713.1], [2.0335, 44899.9], [2.0334, 133334.7], [2.0333, 718940.9], [2.0332, 30691.2], [2.0331, 27583.0], [2.033, 22130.8], [2.0329, 63335.1], [2.0328, 22871.6], [2.0327, 26161.5], [2.0326, 27781.1], [2.0325, 38133.8], [2.0324, 50671.8]], "asks": [[2.0344, 44299.1], [2.0345, 28302.9], [2.0346, 30327.4], [2.0347, 31981.5], [2.0348, 74327.1], [2.0349, 37276.7], [2.035, 52669.4], [2.0351, 24059.6], [2.0352, 35071.0], [2.0353, 54297.9], [2.0354, 17988.8], [2.0355, 53036.3], [2.0356, 37831.1], [2.0357, 44370.9], [2.0358, 66388.0], [2.0359, 75061.2], [2.036, 263421.1], [2.0361, 44856.7], [2.0362, 72739.7], [2.0363, 256769.9]], "timestamp": "2025-12-12T10:29:48.955951+00:00"}, {"symbol": "XRPUSDT", "bids": [[2.0343, 28888.2], [2.0342, 24268.3], [2.0341, 27585.4], [2.034, 24951.3], [2.0339, 13516.1], [2.0338, 21503.3], [2.0337, 32879.6], [2.0336, 32109.5], [2.0335, 42838.2], [2.0334, 68052.2], [2.0333, 21954.0], [2.0332, 31053.6], [2.0331, 22590.3], [2.033, 24827.3], [2.0329, 63349.1], [2.0328, 27062.2], [2.0327, 127507.8], [2.0326, 718515.7], [2.0325, 40916.8], [2.0324, 51103.7]], "asks": [[2.0344, 6912.7], [2.0345, 18833.0], [2.0346, 28456.2], [2.0347, 41507.9], [2.0348, 59914.7], [2.0349, 58879.4], [2.035, 50256.2], [2.0351, 50821.1], [2.0352, 43115.0], [2.0353, 69261.1], [2.0354, 39354.1], [2.0355, 80881.8], [2.0356, 210841.6], [2.0357, 28053.9], [2.0358, 72486.9], [2.0359, 97524.3], [2.036, 265812.7], [2.0361, 31870.8], [2.0362, 41786.0], [2.0363, 67441.7]], "timestamp": "2025-12-12T10:30:42.510442+00:00"}, {"symbol": "XRPUSDT", "bids": [[2.0344, 22745.7], [2.0343, 18907.5], [2.0342, 22070.2], [2.0341, 25723.3], [2.034, 29686.0], [2.0339, 74979.2], [2.0338, 37355.7], [2.0337, 23998.9], [2.0336, 41266.0], [2.0335, 29216.1], [2.0334, 128287.0], [2.0333, 716012.4], [2.0332, 54240.8], [2.0331, 19946.3], [2.033, 24311.3], [2.0329, 62515.5], [2.0328, 15170.2], [2.0327, 9280.7], [2.0326, 20161.4], [2.0325, 40182.6]], "asks": [[2.0345, 27514.4], [2.0346, 13307.9], [2.0347, 33223.6], [2.0348, 28986.4], [2.0349, 45339.3], [2.035, 51648.9], [2.0351, 25700.7], [2.0352, 50147.7], [2.0353, 66322.5], [2.0354, 46603.6], [2.0355, 49226.8], [2.0356, 30046.1], [2.0357, 44563.8], [2.0358, 66840.2], [2.0359, 81975.0], [2.036, 256255.4], [2.0361, 41159.1], [2.0362, 63070.0], [2.0363, 267234.5], [2.0364, 43633.1]], "timestamp": "2025-12-12T10:31:36.787707+00:00"}, {"symbol": "XRPUSDT", "bids": [[2.0348, 14684.3], [2.0347, 7248.6], [2.0346, 33483.5], [2.0345, 31806.2], [2.0344, 30260.8], [2.0343, 29479.2], [2.0342, 24069.2], [2.0341, 28435.1], [2.034, 69418.0], [2.0339, 71971.7], [2.0338, 18735.8], [2.0337, 20401.9], [2.0336, 38616.9], [2.0335, 34597.2], [2.0334, 59774.6], [2.0333, 101823.1], [2.0332, 737797.0], [2.0331, 17700.2], [2.033, 19371.3], [2.0329, 62349.4]], "asks": [[2.0349, 43497.2], [2.035, 48188.5], [2.0351, 21701.7], [2.0352, 25114.6], [2.0353, 23842.4], [2.0354, 23037.6], [2.0355, 41379.2], [2.0356, 43247.0], [2.0357, 62444.2], [2.0358, 64357.0], [2.0359, 79324.2], [2.036, 251841.7], [2.0361, 49141.4], [2.0362, 220713.3], [2.0363, 74406.4], [2.0364, 47448.5], [2.0365, 27233.8], [2.0366, 20746.6], [2.0367, 50172.1], [2.0368, 57091.0]], "timestamp": "2025-12-12T10:32:29.724566+00:00"}