[{"id": "706697098", "price": 2.0093, "amount": 150.0, "side": "buy", "timestamp": 1765582939363}, {"id": "706697099", "price": 2.0092, "amount": 1693.4, "side": "sell", "timestamp": 1765582939620}, {"id": "706697100", "price": 2.0093, "amount": 124.4, "side": "buy", "timestamp": 1765582940649}, {"id": "706697101", "price": 2.0093, "amount": 0.1, "side": "buy", "timestamp": 1765582941034}, {"id": "706697102", "price": 2.0092, "amount": 314.2, "side": "sell", "timestamp": 1765582941649}, {"id": "706697103", "price": 2.0093, "amount": 0.1, "side": "buy", "timestamp": 1765582941790}, {"id": "706697104", "price": 2.0093, "amount": 149.3, "side": "buy", "timestamp": 1765582942493}, {"id": "706697105", "price": 2.0093, "amount": 3.5, "side": "buy", "timestamp": 1765582942600}, {"id": "706697106", "price": 2.0092, "amount": 10.0, "side": "sell", "timestamp": 1765582942686}, {"id": "706697107", "price": 2.0092, "amount": 4.9, "side": "sell", "timestamp": 1765582944901}, {"id": "706697108", "price": 2.0093, "amount": 99.5, "side": "buy", "timestamp": 1765582945796}, {"id": "706697109", "price": 2.0093, "amount": 3.9, "side": "buy", "timestamp": 1765582946902}, {"id": "706697110", "price": 2.0093, "amount": 0.1, "side": "buy", "timestamp": 1765582947893}, {"id": "706697111", "price": 2.0092, "amount": 3.0, "side": "sell", "timestamp": 1765582949386}, {"id": "706697112", "price": 2.0093, "amount": 0.1, "side": "buy", "timestamp": 1765582950520}, {"id": "706697113", "price": 2.0093, "amount": 3.2, "side": "buy", "timestamp": 1765582951658}, {"id": "706697114", "price": 2.0092, "amount": 5.1, "side": "sell", "timestamp": 1765582951861}, {"id": "706697115", "price": 2.0093, "amount": 63.9, "side": "buy", "timestamp": 1765582952025}, {"id": "706697116", "price": 2.0093, "amount": 0.1, "side": "buy", "timestamp": 1765582952722}, {"id": "706697117", "price": 2.0093, "amount": 6.7, "side": "buy", "timestamp": 1765582952936}, {"id": "706697118", "price": 2.0092, "amount": 18.7, "side": "sell", "timestamp": 1765582953892}, {"id": "706697119", "price": 2.0092, "amount": 6.1, "side": "sell", "timestamp": 1765582955739}, {"id": "706697120", "price": 2.0092, "amount": 5.2, "side": "sell", "timestamp": 1765582957329}, {"id": "706697121", "price": 2.0092, "amount": 13.6, "side": "sell", "timestamp": 1765582957664}, {"id": "706697122", "price": 2.0093, "amount": 3.0, "side": "buy", "timestamp": 1765582957682}, {"id": "706697123", "price": 2.0093, "amount": 3.6, "side": "buy", "timestamp": 1765582960085}, {"id": "706697124", "price": 2.0092, "amount": 4.9, "side": "sell", "timestamp": 1765582961099}, {"id": "706697125", "price": 2.0093, "amount": 3.3, "side": "buy", "timestamp": 1765582961507}, {"id": "706697126", "price": 2.0093, "amount": 2.8, "side": "buy", "timestamp": 1765582961704}, {"id": "706697127", "price": 2.0093, "amount": 10000.0, "side": "buy", "timestamp": 1765582962282}, {"id": "706697128", "price": 2.0092, "amount": 10.0, "side": "sell", "timestamp": 1765582964212}, {"id": "706697129", "price": 2.0092, "amount": 4.8, "side": "sell", "timestamp": 1765582965006}, {"id": "706697130", "price": 2.0093, "amount": 34.5, "side": "buy", "timestamp": 1765582965523}, {"id": "706697131", "price": 2.0093, "amount": 6339.6, "side": "buy", "timestamp": 1765582965812}, {"id": "706697132", "price": 2.0093, "amount": 3.4, "side": "sell", "timestamp": 1765582966130}, {"id": "706697133", "price": 2.0094, "amount": 2.6, "side": "buy", "timestamp": 1765582966488}, {"id": "706697134", "price": 2.0094, "amount": 16.5, "side": "buy", "timestamp": 1765582966792}, {"id": "706697135", "price": 2.0093, "amount": 748.3, "side": "sell", "timestamp": 1765582966929}, {"id": "706697136", "price": 2.0093, "amount": 4.7, "side": "sell", "timestamp": 1765582967608}, {"id": "706697137", "price": 2.0094, "amount": 6.5, "side": "buy", "timestamp": 1765582967872}, {"id": "706697138", "price": 2.0093, "amount": 137.5, "side": "sell", "timestamp": 1765582969002}, {"id": "706697139", "price": 2.0093, "amount": 12.1, "side": "sell", "timestamp": 1765582969621}, {"id": "706697140", "price": 2.0094, "amount": 4.5, "side": "buy", "timestamp": 1765582969878}, {"id": "706697141", "price": 2.0093, "amount": 114.8, "side": "sell", "timestamp": 1765582971245}, {"id": "706697142", "price": 2.0093, "amount": 3.1, "side": "sell", "timestamp": 1765582971350}, {"id": "706697143", "price": 2.0093, "amount": 1250.0, "side": "sell", "timestamp": 1765582972615}, {"id": "706697144", "price": 2.0093, "amount": 733.0, "side": "sell", "timestamp": 1765582972754}, {"id": "706697145", "price": 2.0092, "amount": 10.3, "side": "sell", "timestamp": 1765582975012}, {"id": "706697146", "price": 2.0093, "amount": 1.2, "side": "buy", "timestamp": 1765582975605}, {"id": "706697147", "price": 2.0093, "amount": 4.4, "side": "buy", "timestamp": 1765582975790}, {"id": "706697203", "price": 2.0095, "amount": 3.6, "side": "buy", "timestamp": 1765583005918}, {"id": "706697204", "price": 2.0094, "amount": 3.9, "side": "sell", "timestamp": 1765583006365}, {"id": "706697205", "price": 2.0095, "amount": 4.0, "side": "buy", "timestamp": 1765583006377}, {"id": "706697206", "price": 2.0095, "amount": 3.1, "side": "buy", "timestamp": 1765583006918}, {"id": "706697207", "price": 2.0094, "amount": 4.1, "side": "sell", "timestamp": 1765583007636}, {"id": "706697208", "price": 2.0094, "amount": 5.1, "side": "sell", "timestamp": 1765583008693}, {"id": "706697209", "price": 2.0094, "amount": 154.7, "side": "sell", "timestamp": 1765583009283}, {"id": "706697210", "price": 2.0094, "amount": 5.4, "side": "sell", "timestamp": 1765583009699}, {"id": "706697211", "price": 2.0095, "amount": 0.9, "side": "buy", "timestamp": 1765583009790}, {"id": "706697212", "price": 2.0095, "amount": 3.1, "side": "buy", "timestamp": 1765583010671}, {"id": "706697213", "price": 2.0094, "amount": 4.4, "side": "sell", "timestamp": 1765583010812}, {"id": "706697214", "price": 2.0095, "amount": 3.0, "side": "buy", "timestamp": 1765583010860}, {"id": "706697215", "price": 2.0094, "amount": 3.0, "side": "sell", "timestamp": 1765583011816}, {"id": "706697216", "price": 2.0095, "amount": 3.4, "side": "buy", "timestamp": 1765583012656}, {"id": "706697217", "price": 2.0094, "amount": 4.8, "side": "sell", "timestamp": 1765583012879}, {"id": "706697218", "price": 2.0094, "amount": 87.8, "side": "sell", "timestamp": 1765583013748}, {"id": "706697219", "price": 2.0094, "amount": 3.7, "side": "sell", "timestamp": 1765583013861}, {"id": "706697220", "price": 2.0095, "amount": 0.8, "side": "buy", "timestamp": 1765583014466}, {"id": "706697221", "price": 2.0094, "amount": 4.8, "side": "sell", "timestamp": 1765583014865}, {"id": "706697222", "price": 2.0094, "amount": 3.8, "side": "sell", "timestamp": 1765583015818}, {"id": "706697223", "price": 2.0095, "amount": 3.2, "side": "buy", "timestamp": 1765583016959}, {"id": "706697224", "price": 2.0094, "amount": 4.2, "side": "sell", "timestamp": 1765583017090}, {"id": "706697225", "price": 2.0095, "amount": 0.7, "side": "buy", "timestamp": 1765583017961}, {"id": "706697226", "price": 2.0094, "amount": 3.0, "side": "sell", "timestamp": 1765583018137}, {"id": "706697227", "price": 2.0094, "amount": 5.6, "side": "sell", "timestamp": 1765583019119}, {"id": "706697228", "price": 2.0094, "amount": 4.9, "side": "sell", "timestamp": 1765583020282}, {"id": "706697229", "price": 2.0095, "amount": 2.8, "side": "buy", "timestamp": 1765583020675}, {"id": "706697230", "price": 2.0094, "amount": 6.2, "side": "sell", "timestamp": 1765583021393}, {"id": "706697231", "price": 2.0095, "amount": 221.4, "side": "buy", "timestamp": 1765583021644}, {"id": "706697232", "price": 2.0095, "amount": 15321.7, "side": "buy", "timestamp": 1765583021818}, {"id": "706697233", "price": 2.0096, "amount": 7888.3, "side": "buy", "timestamp": 1765583021818}, {"id": "706697234", "price": 2.0097, "amount": 75.0, "side": "buy", "timestamp": 1765583021870}, {"id": "706697235", "price": 2.0097, "amount": 75.0, "side": "buy", "timestamp": 1765583022041}, {"id": "706697236", "price": 2.0096, "amount": 6.0, "side": "sell", "timestamp": 1765583022663}, {"id": "706697237", "price": 2.0096, "amount": 83.3, "side": "sell", "timestamp": 1765583023078}, {"id": "706697238", "price": 2.0096, "amount": 4.2, "side": "sell", "timestamp": 1765583023309}, {"id": "706697239", "price": 2.0097, "amount": 3.8, "side": "buy", "timestamp": 1765583023336}, {"id": "706697240", "price": 2.0096, "amount": 4.2, "side": "sell", "timestamp": 1765583023668}, {"id": "706697241", "price": 2.0096, "amount": 15.5, "side": "sell", "timestamp": 1765583023892}, {"id": "706697242", "price": 2.0096, "amount": 4.9, "side": "sell", "timestamp": 1765583024725}, {"id": "706697243", "price": 2.0097, "amount": 3.0, "side": "buy", "timestamp": 1765583024837}, {"id": "706697244", "price": 2.0097, "amount": 3.1, "side": "buy", "timestamp": 1765583024950}, {"id": "706697245", "price": 2.0096, "amount": 6.3, "side": "sell", "timestamp": 1765583025677}, {"id": "706697246", "price": 2.0096, "amount": 9.6, "side": "sell", "timestamp": 1765583026949}, {"id": "706697247", "price": 2.0097, "amount": 5.7, "side": "buy", "timestamp": 1765583026963}, {"id": "706697248", "price": 2.0096, "amount": 10715.6, "side": "sell", "timestamp": 1765583027740}, {"id": "706697249", "price": 2.0096, "amount": 3.2, "side": "sell", "timestamp": 1765583027893}, {"id": "706697250", "price": 2.0097, "amount": 3.0, "side": "buy", "timestamp": 1765583027993}, {"id": "706697251", "price": 2.0096, "amount": 0.7, "side": "sell", "timestamp": 1765583029005}, {"id": "706697252", "price": 2.0097, "amount": 6.7, "side": "buy", "timestamp": 1765583029355}, {"id": "706697279", "price": 2.0094, "amount": 3.0, "side": "sell", "timestamp": 1765583047026}, {"id": "706697280", "price": 2.0094, "amount": 11.5, "side": "sell", "timestamp": 1765583047538}, {"id": "706697281", "price": 2.0095, "amount": 14.9, "side": "buy", "timestamp": 1765583047861}, {"id": "706697282", "price": 2.0095, "amount": 3.9, "side": "buy", "timestamp": 1765583048868}, {"id": "706697283", "price": 2.0095, "amount": 47.3, "side": "buy", "timestamp": 1765583049040}, {"id": "706697284", "price": 2.0095, "amount": 1.0, "side": "buy", "timestamp": 1765583049386}, {"id": "706697285", "price": 2.0095, "amount": 3.5, "side": "buy", "timestamp": 1765583049495}, {"id": "706697286", "price": 2.0095, "amount": 11.6, "side": "buy", "timestamp": 1765583051570}, {"id": "706697287", "price": 2.0095, "amount": 221.4, "side": "buy", "timestamp": 1765583052217}, {"id": "706697288", "price": 2.0095, "amount": 4.4, "side": "buy", "timestamp": 1765583052364}, {"id": "706697289", "price": 2.0095, "amount": 2.4, "side": "buy", "timestamp": 1765583054706}, {"id": "706697290", "price": 2.0095, "amount": 6.7, "side": "buy", "timestamp": 1765583055015}, {"id": "706697291", "price": 2.0095, "amount": 74.8, "side": "buy", "timestamp": 1765583055678}, {"id": "706697292", "price": 2.0095, "amount": 19.3, "side": "buy", "timestamp": 1765583056640}, {"id": "706697293", "price": 2.0094, "amount": 280.3, "side": "sell", "timestamp": 1765583056886}, {"id": "706697294", "price": 2.0095, "amount": 55.8, "side": "buy", "timestamp": 1765583057109}, {"id": "706697295", "price": 2.0094, "amount": 247.0, "side": "sell", "timestamp": 1765583057676}, {"id": "706697296", "price": 2.0095, "amount": 221.4, "side": "buy", "timestamp": 1765583057883}, {"id": "706697297", "price": 2.0095, "amount": 221.4, "side": "buy", "timestamp": 1765583058024}, {"id": "706697298", "price": 2.0095, "amount": 572.2, "side": "buy", "timestamp": 1765583058219}, {"id": "706697299", "price": 2.0095, "amount": 2.1, "side": "buy", "timestamp": 1765583059605}, {"id": "706697300", "price": 2.0095, "amount": 3.0, "side": "buy", "timestamp": 1765583060668}, {"id": "706697301", "price": 2.0095, "amount": 96.5, "side": "buy", "timestamp": 1765583060837}, {"id": "706697302", "price": 2.0095, "amount": 0.2, "side": "buy", "timestamp": 1765583061631}, {"id": "706697303", "price": 2.0095, "amount": 3.4, "side": "buy", "timestamp": 1765583063449}, {"id": "706697304", "price": 2.0094, "amount": 6.0, "side": "sell", "timestamp": 1765583063737}, {"id": "706697305", "price": 2.0095, "amount": 3.5, "side": "buy", "timestamp": 1765583063763}, {"id": "706697306", "price": 2.0094, "amount": 13.7, "side": "sell", "timestamp": 1765583064500}, {"id": "706697307", "price": 2.0095, "amount": 3.0, "side": "buy", "timestamp": 1765583066851}, {"id": "706697308", "price": 2.0095, "amount": 3.6, "side": "buy", "timestamp": 1765583067567}, {"id": "706697309", "price": 2.0095, "amount": 3.1, "side": "buy", "timestamp": 1765583068710}, {"id": "706697310", "price": 2.0095, "amount": 3.2, "side": "buy", "timestamp": 1765583069812}, {"id": "706697311", "price": 2.0094, "amount": 76.9, "side": "sell", "timestamp": 1765583070908}, {"id": "706697312", "price": 2.0095, "amount": 432.4, "side": "buy", "timestamp": 1765583071203}, {"id": "706697313", "price": 2.0094, "amount": 416.0, "side": "sell", "timestamp": 1765583071916}, {"id": "706697314", "price": 2.0095, "amount": 2762.7, "side": "buy", "timestamp": 1765583072479}, {"id": "706697315", "price": 2.0095, "amount": 2.9, "side": "buy", "timestamp": 1765583072674}, {"id": "706697316", "price": 2.0095, "amount": 3.0, "side": "buy", "timestamp": 1765583072846}, {"id": "706697317", "price": 2.0095, "amount": 68.1, "side": "buy", "timestamp": 1765583073086}, {"id": "706697318", "price": 2.0094, "amount": 16.2, "side": "sell", "timestamp": 1765583073377}, {"id": "706697319", "price": 2.0095, "amount": 3.1, "side": "buy", "timestamp": 1765583074640}, {"id": "706697320", "price": 2.0094, "amount": 2189.6, "side": "sell", "timestamp": 1765583076733}, {"id": "706697321", "price": 2.0095, "amount": 3.0, "side": "buy", "timestamp": 1765583078857}, {"id": "706697322", "price": 2.0095, "amount": 445.9, "side": "buy", "timestamp": 1765583079754}, {"id": "706697323", "price": 2.0095, "amount": 0.1, "side": "buy", "timestamp": 1765583080358}, {"id": "706697324", "price": 2.0095, "amount": 6.7, "side": "buy", "timestamp": 1765583080653}, {"id": "706697325", "price": 2.0095, "amount": 3.0, "side": "buy", "timestamp": 1765583080869}, {"id": "706697326", "price": 2.0095, "amount": 4.8, "side": "buy", "timestamp": 1765583081000}, {"id": "706697327", "price": 2.0094, "amount": 122.9, "side": "sell", "timestamp": 1765583081777}, {"id": "706697328", "price": 2.0095, "amount": 5.8, "side": "buy", "timestamp": 1765583082096}, {"id": "706697364", "price": 2.0093, "amount": 9.7, "side": "buy", "timestamp": 1765583100723}, {"id": "706697365", "price": 2.0092, "amount": 3540.5, "side": "sell", "timestamp": 1765583101021}, {"id": "706697366", "price": 2.0091, "amount": 76.2, "side": "sell", "timestamp": 1765583101055}, {"id": "706697367", "price": 2.009, "amount": 1201.5, "side": "sell", "timestamp": 1765583101095}, {"id": "706697368", "price": 2.0091, "amount": 196.4, "side": "buy", "timestamp": 1765583101102}, {"id": "706697369", "price": 2.009, "amount": 167.9, "side": "sell", "timestamp": 1765583101276}, {"id": "706697370", "price": 2.0089, "amount": 187.6, "side": "sell", "timestamp": 1765583101285}, {"id": "706697371", "price": 2.009, "amount": 25.8, "side": "buy", "timestamp": 1765583101316}, {"id": "706697372", "price": 2.0089, "amount": 5.2, "side": "sell", "timestamp": 1765583101495}, {"id": "706697373", "price": 2.0089, "amount": 3423.5, "side": "sell", "timestamp": 1765583101856}, {"id": "706697374", "price": 2.0088, "amount": 5167.1, "side": "sell", "timestamp": 1765583102020}, {"id": "706697375", "price": 2.0089, "amount": 2.0, "side": "buy", "timestamp": 1765583102182}, {"id": "706697376", "price": 2.0088, "amount": 10.5, "side": "sell", "timestamp": 1765583102522}, {"id": "706697377", "price": 2.0089, "amount": 3350.5, "side": "buy", "timestamp": 1765583102813}, {"id": "706697378", "price": 2.009, "amount": 649.5, "side": "buy", "timestamp": 1765583102813}, {"id": "706697379", "price": 2.009, "amount": 0.7, "side": "buy", "timestamp": 1765583104333}, {"id": "706697380", "price": 2.009, "amount": 1.8, "side": "buy", "timestamp": 1765583105268}, {"id": "706697381", "price": 2.009, "amount": 0.7, "side": "buy", "timestamp": 1765583105485}, {"id": "706697382", "price": 2.009, "amount": 151.9, "side": "buy", "timestamp": 1765583105652}, {"id": "706697383", "price": 2.009, "amount": 64.6, "side": "buy", "timestamp": 1765583106203}, {"id": "706697384", "price": 2.0089, "amount": 14.9, "side": "sell", "timestamp": 1765583108137}, {"id": "706697385", "price": 2.0089, "amount": 21.5, "side": "sell", "timestamp": 1765583109033}, {"id": "706697386", "price": 2.009, "amount": 0.5, "side": "buy", "timestamp": 1765583109994}, {"id": "706697387", "price": 2.009, "amount": 4.9, "side": "buy", "timestamp": 1765583111128}, {"id": "706697388", "price": 2.009, "amount": 2.2, "side": "buy", "timestamp": 1765583112153}, {"id": "706697389", "price": 2.009, "amount": 2.0, "side": "buy", "timestamp": 1765583113790}, {"id": "706697390", "price": 2.0089, "amount": 3.2, "side": "sell", "timestamp": 1765583116368}, {"id": "706697391", "price": 2.009, "amount": 206.4, "side": "buy", "timestamp": 1765583116406}, {"id": "706697392", "price": 2.009, "amount": 4.3, "side": "buy", "timestamp": 1765583118315}, {"id": "706697393", "price": 2.009, "amount": 2.8, "side": "buy", "timestamp": 1765583119504}, {"id": "706697394", "price": 2.009, "amount": 6674.4, "side": "buy", "timestamp": 1765583120666}, {"id": "706697395", "price": 2.0091, "amount": 500.0, "side": "buy", "timestamp": 1765583120666}, {"id": "706697396", "price": 2.0091, "amount": 2.0, "side": "buy", "timestamp": 1765583121966}, {"id": "706697397", "price": 2.0091, "amount": 3.3, "side": "buy", "timestamp": 1765583122674}, {"id": "706697398", "price": 2.0091, "amount": 1.5, "side": "buy", "timestamp": 1765583123458}, {"id": "706697399", "price": 2.009, "amount": 3.8, "side": "sell", "timestamp": 1765583125505}, {"id": "706697400", "price": 2.0091, "amount": 679.7, "side": "buy", "timestamp": 1765583125526}, {"id": "706697401", "price": 2.0091, "amount": 5.0, "side": "buy", "timestamp": 1765583126500}, {"id": "706697402", "price": 2.0091, "amount": 6.3, "side": "buy", "timestamp": 1765583126783}, {"id": "706697403", "price": 2.009, "amount": 11.6, "side": "sell", "timestamp": 1765583126822}, {"id": "706697404", "price": 2.009, "amount": 100.0, "side": "sell", "timestamp": 1765583127118}, {"id": "706697405", "price": 2.0091, "amount": 3.1, "side": "buy", "timestamp": 1765583128855}, {"id": "706697406", "price": 2.0091, "amount": 1037.3, "side": "buy", "timestamp": 1765583129277}, {"id": "706697407", "price": 2.0091, "amount": 1037.8, "side": "buy", "timestamp": 1765583129443}, {"id": "706697408", "price": 2.0091, "amount": 202.8, "side": "buy", "timestamp": 1765583130302}, {"id": "706697409", "price": 2.0091, "amount": 3.2, "side": "buy", "timestamp": 1765583130547}, {"id": "706697410", "price": 2.0091, "amount": 2.2, "side": "buy", "timestamp": 1765583132680}, {"id": "706697411", "price": 2.0091, "amount": 2.9, "side": "buy", "timestamp": 1765583134073}, {"id": "706697412", "price": 2.0091, "amount": 3.2, "side": "buy", "timestamp": 1765583134883}, {"id": "706697413", "price": 2.009, "amount": 6.0, "side": "sell", "timestamp": 1765583135744}, {"id": "706697460", "price": 2.0088, "amount": 20.3, "side": "sell", "timestamp": 1765583165837}, {"id": "706697461", "price": 2.0088, "amount": 4.5, "side": "sell", "timestamp": 1765583166506}, {"id": "706697462", "price": 2.0088, "amount": 13.5, "side": "sell", "timestamp": 1765583167599}, {"id": "706697463", "price": 2.0088, "amount": 450.0, "side": "sell", "timestamp": 1765583168228}, {"id": "706697464", "price": 2.0089, "amount": 14.9, "side": "buy", "timestamp": 1765583168398}, {"id": "706697465", "price": 2.0088, "amount": 8144.9, "side": "sell", "timestamp": 1765583168799}, {"id": "706697466", "price": 2.0087, "amount": 2212.1, "side": "sell", "timestamp": 1765583168811}, {"id": "706697467", "price": 2.0086, "amount": 182.2, "side": "sell", "timestamp": 1765583168812}, {"id": "706697468", "price": 2.0085, "amount": 3297.2, "side": "sell", "timestamp": 1765583168812}, {"id": "706697469", "price": 2.0084, "amount": 68.1, "side": "sell", "timestamp": 1765583168850}, {"id": "706697470", "price": 2.0083, "amount": 439.6, "side": "sell", "timestamp": 1765583168852}, {"id": "706697471", "price": 2.0082, "amount": 1148.2, "side": "sell", "timestamp": 1765583169133}, {"id": "706697472", "price": 2.0081, "amount": 342.0, "side": "sell", "timestamp": 1765583169307}, {"id": "706697473", "price": 2.0081, "amount": 10.4, "side": "buy", "timestamp": 1765583169311}, {"id": "706697474", "price": 2.008, "amount": 78.0, "side": "sell", "timestamp": 1765583169874}, {"id": "706697475", "price": 2.008, "amount": 66.2, "side": "buy", "timestamp": 1765583170162}, {"id": "706697476", "price": 2.0079, "amount": 32.8, "side": "sell", "timestamp": 1765583170261}, {"id": "706697477", "price": 2.0078, "amount": 41.1, "side": "sell", "timestamp": 1765583170272}, {"id": "706697478", "price": 2.0078, "amount": 3453.7, "side": "buy", "timestamp": 1765583171295}, {"id": "706697479", "price": 2.0079, "amount": 486.1, "side": "buy", "timestamp": 1765583171309}, {"id": "706697480", "price": 2.0079, "amount": 6.0, "side": "sell", "timestamp": 1765583171736}, {"id": "706697481", "price": 2.008, "amount": 2.6, "side": "buy", "timestamp": 1765583171833}, {"id": "706697482", "price": 2.008, "amount": 1.1, "side": "buy", "timestamp": 1765583172167}, {"id": "706697483", "price": 2.008, "amount": 14.1, "side": "buy", "timestamp": 1765583172602}, {"id": "706697484", "price": 2.0079, "amount": 1562.3, "side": "sell", "timestamp": 1765583173034}, {"id": "706697485", "price": 2.008, "amount": 390.1, "side": "buy", "timestamp": 1765583173598}, {"id": "706697486", "price": 2.008, "amount": 5.8, "side": "buy", "timestamp": 1765583173852}, {"id": "706697487", "price": 2.0079, "amount": 77.5, "side": "sell", "timestamp": 1765583175415}, {"id": "706697488", "price": 2.0078, "amount": 114.3, "side": "sell", "timestamp": 1765583176265}, {"id": "706697489", "price": 2.0079, "amount": 3.1, "side": "buy", "timestamp": 1765583177866}, {"id": "706697490", "price": 2.0078, "amount": 396.9, "side": "sell", "timestamp": 1765583179135}, {"id": "706697491", "price": 2.0077, "amount": 1283.8, "side": "sell", "timestamp": 1765583179619}, {"id": "706697492", "price": 2.0077, "amount": 655.4, "side": "sell", "timestamp": 1765583179915}, {"id": "706697493", "price": 2.0078, "amount": 16802.0, "side": "buy", "timestamp": 1765583181164}, {"id": "706697494", "price": 2.0077, "amount": 4.1, "side": "sell", "timestamp": 1765583182761}, {"id": "706697495", "price": 2.0078, "amount": 21.7, "side": "buy", "timestamp": 1765583183047}, {"id": "706697496", "price": 2.0078, "amount": 289.8, "side": "buy", "timestamp": 1765583183189}, {"id": "706697497", "price": 2.0077, "amount": 58.4, "side": "sell", "timestamp": 1765583183632}, {"id": "706697498", "price": 2.0078, "amount": 1.2, "side": "buy", "timestamp": 1765583183920}, {"id": "706697499", "price": 2.0078, "amount": 1.6, "side": "buy", "timestamp": 1765583184043}, {"id": "706697500", "price": 2.0077, "amount": 10.3, "side": "sell", "timestamp": 1765583185667}, {"id": "706697501", "price": 2.0077, "amount": 77.1, "side": "sell", "timestamp": 1765583185859}, {"id": "706697502", "price": 2.0077, "amount": 4.8, "side": "sell", "timestamp": 1765583187028}, {"id": "706697503", "price": 2.0078, "amount": 1.9, "side": "buy", "timestamp": 1765583187151}, {"id": "706697504", "price": 2.0077, "amount": 12.6, "side": "sell", "timestamp": 1765583187203}, {"id": "706697505", "price": 2.0078, "amount": 3.0, "side": "buy", "timestamp": 1765583188288}, {"id": "706697506", "price": 2.0077, "amount": 934.8, "side": "sell", "timestamp": 1765583188307}, {"id": "706697507", "price": 2.0078, "amount": 4.0, "side": "buy", "timestamp": 1765583188704}, {"id": "706697508", "price": 2.0078, "amount": 3.1, "side": "buy", "timestamp": 1765583188833}, {"id": "706697509", "price": 2.0078, "amount": 2.9, "side": "buy", "timestamp": 1765583189058}, {"id": "706697539", "price": 2.0077, "amount": 7.7, "side": "sell", "timestamp": 1765583209607}, {"id": "706697540", "price": 2.0078, "amount": 6.1, "side": "buy", "timestamp": 1765583210488}, {"id": "706697541", "price": 2.0077, "amount": 1217.8, "side": "sell", "timestamp": 1765583211489}, {"id": "706697542", "price": 2.0077, "amount": 3.1, "side": "sell", "timestamp": 1765583211989}, {"id": "706697543", "price": 2.0077, "amount": 7693.6, "side": "sell", "timestamp": 1765583212357}, {"id": "706697544", "price": 2.0076, "amount": 4833.4, "side": "sell", "timestamp": 1765583212357}, {"id": "706697545", "price": 2.0077, "amount": 313.2, "side": "buy", "timestamp": 1765583212436}, {"id": "706697546", "price": 2.0076, "amount": 248.8, "side": "sell", "timestamp": 1765583213059}, {"id": "706697547", "price": 2.0076, "amount": 14.8, "side": "sell", "timestamp": 1765583214783}, {"id": "706697548", "price": 2.0077, "amount": 3.3, "side": "buy", "timestamp": 1765583215116}, {"id": "706697549", "price": 2.0077, "amount": 11.1, "side": "buy", "timestamp": 1765583216557}, {"id": "706697550", "price": 2.0077, "amount": 2.8, "side": "buy", "timestamp": 1765583218131}, {"id": "706697551", "price": 2.0077, "amount": 3.1, "side": "buy", "timestamp": 1765583218709}, {"id": "706697552", "price": 2.0077, "amount": 6.4, "side": "buy", "timestamp": 1765583219009}, {"id": "706697553", "price": 2.0077, "amount": 60.1, "side": "buy", "timestamp": 1765583219196}, {"id": "706697554", "price": 2.0076, "amount": 9481.7, "side": "sell", "timestamp": 1765583220572}, {"id": "706697555", "price": 2.0075, "amount": 750.9, "side": "sell", "timestamp": 1765583220593}, {"id": "706697556", "price": 2.0075, "amount": 30.0, "side": "buy", "timestamp": 1765583222037}, {"id": "706697557", "price": 2.0075, "amount": 3.2, "side": "buy", "timestamp": 1765583223653}, {"id": "706697558", "price": 2.0074, "amount": 2.6, "side": "sell", "timestamp": 1765583224996}, {"id": "706697559", "price": 2.0074, "amount": 16.3, "side": "sell", "timestamp": 1765583225575}, {"id": "706697560", "price": 2.0074, "amount": 28.3, "side": "sell", "timestamp": 1765583227027}, {"id": "706697561", "price": 2.0074, "amount": 2.7, "side": "sell", "timestamp": 1765583227855}, {"id": "706697562", "price": 2.0074, "amount": 24.9, "side": "sell", "timestamp": 1765583228550}, {"id": "706697563", "price": 2.0074, "amount": 186.1, "side": "sell", "timestamp": 1765583228666}, {"id": "706697564", "price": 2.0075, "amount": 98.2, "side": "buy", "timestamp": 1765583228878}, {"id": "706697565", "price": 2.0075, "amount": 2.9, "side": "buy", "timestamp": 1765583229012}, {"id": "706697566", "price": 2.0074, "amount": 98.5, "side": "sell", "timestamp": 1765583230126}, {"id": "706697567", "price": 2.0074, "amount": 25.6, "side": "sell", "timestamp": 1765583230486}, {"id": "706697568", "price": 2.0074, "amount": 509.1, "side": "sell", "timestamp": 1765583230766}, {"id": "706697569", "price": 2.0075, "amount": 1.2, "side": "buy", "timestamp": 1765583231945}, {"id": "706697570", "price": 2.0074, "amount": 204.0, "side": "sell", "timestamp": 1765583232030}, {"id": "706697571", "price": 2.0074, "amount": 4.1, "side": "sell", "timestamp": 1765583232285}, {"id": "706697572", "price": 2.0074, "amount": 8.4, "side": "sell", "timestamp": 1765583233144}, {"id": "706697573", "price": 2.0074, "amount": 2.6, "side": "sell", "timestamp": 1765583233303}, {"id": "706697574", "price": 2.0075, "amount": 5.1, "side": "buy", "timestamp": 1765583233586}, {"id": "706697575", "price": 2.0074, "amount": 461.3, "side": "sell", "timestamp": 1765583234669}, {"id": "706697576", "price": 2.0074, "amount": 252.5, "side": "sell", "timestamp": 1765583235272}, {"id": "706697577", "price": 2.0074, "amount": 5262.9, "side": "sell", "timestamp": 1765583235826}, {"id": "706697578", "price": 2.0073, "amount": 5017.9, "side": "sell", "timestamp": 1765583235826}, {"id": "706697579", "price": 2.0072, "amount": 335.0, "side": "sell", "timestamp": 1765583235839}, {"id": "706697580", "price": 2.0073, "amount": 3.0, "side": "buy", "timestamp": 1765583236079}, {"id": "706697581", "price": 2.0072, "amount": 27.2, "side": "sell", "timestamp": 1765583236742}, {"id": "706697582", "price": 2.0073, "amount": 1.1, "side": "buy", "timestamp": 1765583237718}, {"id": "706697583", "price": 2.0073, "amount": 2.7, "side": "buy", "timestamp": 1765583239003}, {"id": "706697584", "price": 2.0073, "amount": 3320.1, "side": "buy", "timestamp": 1765583239759}, {"id": "706697585", "price": 2.0074, "amount": 1609.8, "side": "buy", "timestamp": 1765583239760}, {"id": "706697586", "price": 2.0073, "amount": 2.8, "side": "sell", "timestamp": 1765583239922}, {"id": "706697587", "price": 2.0074, "amount": 3.4, "side": "buy", "timestamp": 1765583240716}, {"id": "706697588", "price": 2.0073, "amount": 98.2, "side": "sell", "timestamp": 1765583241600}, {"id": "706697617", "price": 2.0075, "amount": 542.3, "side": "sell", "timestamp": 1765583268580}, {"id": "706697618", "price": 2.0075, "amount": 431.9, "side": "sell", "timestamp": 1765583269109}, {"id": "706697619", "price": 2.0075, "amount": 19.6, "side": "sell", "timestamp": 1765583269222}, {"id": "706697620", "price": 2.0076, "amount": 6.3, "side": "buy", "timestamp": 1765583269282}, {"id": "706697621", "price": 2.0076, "amount": 5.0, "side": "buy", "timestamp": 1765583270210}, {"id": "706697622", "price": 2.0076, "amount": 3.0, "side": "buy", "timestamp": 1765583271478}, {"id": "706697623", "price": 2.0076, "amount": 3.5, "side": "buy", "timestamp": 1765583271906}, {"id": "706697624", "price": 2.0076, "amount": 0.1, "side": "buy", "timestamp": 1765583273965}, {"id": "706697625", "price": 2.0076, "amount": 2.0, "side": "buy", "timestamp": 1765583274245}, {"id": "706697626", "price": 2.0075, "amount": 27.6, "side": "sell", "timestamp": 1765583274696}, {"id": "706697627", "price": 2.0076, "amount": 32.5, "side": "buy", "timestamp": 1765583275492}, {"id": "706697628", "price": 2.0076, "amount": 3.4, "side": "buy", "timestamp": 1765583275829}, {"id": "706697629", "price": 2.0076, "amount": 5.9, "side": "buy", "timestamp": 1765583275986}, {"id": "706697630", "price": 2.0075, "amount": 51.3, "side": "sell", "timestamp": 1765583276799}, {"id": "706697631", "price": 2.0076, "amount": 7.9, "side": "buy", "timestamp": 1765583276887}, {"id": "706697632", "price": 2.0076, "amount": 52.7, "side": "buy", "timestamp": 1765583277056}, {"id": "706697633", "price": 2.0076, "amount": 28.3, "side": "buy", "timestamp": 1765583277258}, {"id": "706697634", "price": 2.0076, "amount": 3.4, "side": "buy", "timestamp": 1765583277840}, {"id": "706697635", "price": 2.0076, "amount": 15.2, "side": "buy", "timestamp": 1765583278164}, {"id": "706697636", "price": 2.0076, "amount": 5.0, "side": "buy", "timestamp": 1765583278805}, {"id": "706697637", "price": 2.0075, "amount": 6.0, "side": "sell", "timestamp": 1765583279731}, {"id": "706697638", "price": 2.0076, "amount": 0.3, "side": "buy", "timestamp": 1765583280218}, {"id": "706697639", "price": 2.0076, "amount": 5.0, "side": "buy", "timestamp": 1765583280517}, {"id": "706697640", "price": 2.0076, "amount": 2.5, "side": "buy", "timestamp": 1765583280781}, {"id": "706697641", "price": 2.0075, "amount": 122.1, "side": "sell", "timestamp": 1765583281675}, {"id": "706697642", "price": 2.0076, "amount": 5843.9, "side": "buy", "timestamp": 1765583281755}, {"id": "706697643", "price": 2.0077, "amount": 8.3, "side": "buy", "timestamp": 1765583281863}, {"id": "706697644", "price": 2.0076, "amount": 177.5, "side": "sell", "timestamp": 1765583282006}, {"id": "706697645", "price": 2.0077, "amount": 247.8, "side": "buy", "timestamp": 1765583282120}, {"id": "706697646", "price": 2.0078, "amount": 5.0, "side": "buy", "timestamp": 1765583282280}, {"id": "706697647", "price": 2.0077, "amount": 343.8, "side": "sell", "timestamp": 1765583282617}, {"id": "706697648", "price": 2.0078, "amount": 4.1, "side": "buy", "timestamp": 1765583282801}, {"id": "706697649", "price": 2.0078, "amount": 6.5, "side": "buy", "timestamp": 1765583282902}, {"id": "706697650", "price": 2.0078, "amount": 159.6, "side": "buy", "timestamp": 1765583283335}, {"id": "706697651", "price": 2.0078, "amount": 49.8, "side": "buy", "timestamp": 1765583283788}, {"id": "706697652", "price": 2.0077, "amount": 37.6, "side": "sell", "timestamp": 1765583285811}, {"id": "706697653", "price": 2.0077, "amount": 24.6, "side": "sell", "timestamp": 1765583287156}, {"id": "706697654", "price": 2.0078, "amount": 14.9, "side": "buy", "timestamp": 1765583288924}, {"id": "706697655", "price": 2.0077, "amount": 696.9, "side": "sell", "timestamp": 1765583289176}, {"id": "706697656", "price": 2.0078, "amount": 5.0, "side": "buy", "timestamp": 1765583290459}, {"id": "706697657", "price": 2.0077, "amount": 53.0, "side": "sell", "timestamp": 1765583291772}, {"id": "706697658", "price": 2.0078, "amount": 849.3, "side": "buy", "timestamp": 1765583292309}, {"id": "706697659", "price": 2.0078, "amount": 2.5, "side": "buy", "timestamp": 1765583292439}, {"id": "706697660", "price": 2.0077, "amount": 48.4, "side": "sell", "timestamp": 1765583292566}, {"id": "706697661", "price": 2.0077, "amount": 218.7, "side": "sell", "timestamp": 1765583293442}, {"id": "706697662", "price": 2.0078, "amount": 2.4, "side": "buy", "timestamp": 1765583293713}, {"id": "706697663", "price": 2.0078, "amount": 4.3, "side": "buy", "timestamp": 1765583294358}, {"id": "706697664", "price": 2.0078, "amount": 0.1, "side": "buy", "timestamp": 1765583295363}, {"id": "706697665", "price": 2.0078, "amount": 0.1, "side": "buy", "timestamp": 1765583295496}, {"id": "706697666", "price": 2.0077, "amount": 27.2, "side": "sell", "timestamp": 1765583296577}, {"id": "706697705", "price": 2.008, "amount": 0.1, "side": "buy", "timestamp": 1765583321263}, {"id": "706697706", "price": 2.008, "amount": 4.1, "side": "buy", "timestamp": 1765583321856}, {"id": "706697707", "price": 2.008, "amount": 3.0, "side": "buy", "timestamp": 1765583322916}, {"id": "706697708", "price": 2.008, "amount": 2.0, "side": "buy", "timestamp": 1765583324320}, {"id": "706697709", "price": 2.0079, "amount": 2295.9, "side": "sell", "timestamp": 1765583325792}, {"id": "706697710", "price": 2.008, "amount": 3.9, "side": "buy", "timestamp": 1765583326823}, {"id": "706697711", "price": 2.008, "amount": 7.8, "side": "buy", "timestamp": 1765583327179}, {"id": "706697712", "price": 2.008, "amount": 10.0, "side": "buy", "timestamp": 1765583327794}, {"id": "706697713", "price": 2.008, "amount": 0.1, "side": "buy", "timestamp": 1765583328306}, {"id": "706697714", "price": 2.008, "amount": 3.1, "side": "buy", "timestamp": 1765583328478}, {"id": "706697715", "price": 2.0079, "amount": 25.0, "side": "sell", "timestamp": 1765583329842}, {"id": "706697716", "price": 2.0079, "amount": 5.7, "side": "sell", "timestamp": 1765583330315}, {"id": "706697717", "price": 2.008, "amount": 0.7, "side": "buy", "timestamp": 1765583330513}, {"id": "706697718", "price": 2.008, "amount": 3.0, "side": "buy", "timestamp": 1765583330951}, {"id": "706697719", "price": 2.008, "amount": 2.7, "side": "buy", "timestamp": 1765583331064}, {"id": "706697720", "price": 2.008, "amount": 3.0, "side": "buy", "timestamp": 1765583332858}, {"id": "706697721", "price": 2.008, "amount": 0.1, "side": "buy", "timestamp": 1765583332978}, {"id": "706697722", "price": 2.008, "amount": 4.2, "side": "buy", "timestamp": 1765583333802}, {"id": "706697723", "price": 2.008, "amount": 5.0, "side": "buy", "timestamp": 1765583335458}, {"id": "706697724", "price": 2.008, "amount": 0.8, "side": "buy", "timestamp": 1765583335604}, {"id": "706697725", "price": 2.008, "amount": 0.1, "side": "buy", "timestamp": 1765583336703}, {"id": "706697726", "price": 2.0079, "amount": 12.8, "side": "sell", "timestamp": 1765583337211}, {"id": "706697727", "price": 2.008, "amount": 47.3, "side": "buy", "timestamp": 1765583337280}, {"id": "706697728", "price": 2.008, "amount": 178.7, "side": "buy", "timestamp": 1765583337983}, {"id": "706697729", "price": 2.008, "amount": 3.0, "side": "buy", "timestamp": 1765583338959}, {"id": "706697730", "price": 2.008, "amount": 3.0, "side": "buy", "timestamp": 1765583339147}, {"id": "706697731", "price": 2.008, "amount": 8.4, "side": "buy", "timestamp": 1765583339515}, {"id": "706697732", "price": 2.008, "amount": 7.2, "side": "buy", "timestamp": 1765583339805}, {"id": "706697733", "price": 2.008, "amount": 0.1, "side": "buy", "timestamp": 1765583340160}, {"id": "706697734", "price": 2.008, "amount": 13.2, "side": "buy", "timestamp": 1765583340337}, {"id": "706697735", "price": 2.008, "amount": 2.7, "side": "buy", "timestamp": 1765583340574}, {"id": "706697736", "price": 2.008, "amount": 15.8, "side": "buy", "timestamp": 1765583340691}, {"id": "706697737", "price": 2.008, "amount": 3.9, "side": "buy", "timestamp": 1765583340845}, {"id": "706697738", "price": 2.008, "amount": 386.2, "side": "buy", "timestamp": 1765583341528}, {"id": "706697739", "price": 2.008, "amount": 124.5, "side": "buy", "timestamp": 1765583342571}, {"id": "706697740", "price": 2.008, "amount": 4.9, "side": "buy", "timestamp": 1765583342853}, {"id": "706697741", "price": 2.0079, "amount": 3.0, "side": "sell", "timestamp": 1765583343180}, {"id": "706697742", "price": 2.008, "amount": 56.0, "side": "buy", "timestamp": 1765583343255}, {"id": "706697743", "price": 2.008, "amount": 3.3, "side": "buy", "timestamp": 1765583343432}, {"id": "706697744", "price": 2.008, "amount": 3.7, "side": "buy", "timestamp": 1765583343588}, {"id": "706697745", "price": 2.008, "amount": 33.0, "side": "buy", "timestamp": 1765583343707}, {"id": "706697746", "price": 2.008, "amount": 2739.3, "side": "buy", "timestamp": 1765583343870}, {"id": "706697747", "price": 2.0081, "amount": 57.9, "side": "buy", "timestamp": 1765583343947}, {"id": "706697748", "price": 2.0082, "amount": 2588.1, "side": "buy", "timestamp": 1765583343984}, {"id": "706697749", "price": 2.0083, "amount": 4.1, "side": "buy", "timestamp": 1765583344070}, {"id": "706697750", "price": 2.0083, "amount": 5.4, "side": "buy", "timestamp": 1765583344881}, {"id": "706697751", "price": 2.0083, "amount": 2.8, "side": "buy", "timestamp": 1765583346814}, {"id": "706697752", "price": 2.0082, "amount": 117.5, "side": "sell", "timestamp": 1765583349197}, {"id": "706697753", "price": 2.0083, "amount": 14.9, "side": "buy", "timestamp": 1765583349256}, {"id": "706697754", "price": 2.0083, "amount": 0.1, "side": "buy", "timestamp": 1765583349386}, {"id": "706697788", "price": 2.0082, "amount": 0.1, "side": "buy", "timestamp": 1765583371679}, {"id": "706697789", "price": 2.0082, "amount": 2.8, "side": "buy", "timestamp": 1765583371801}, {"id": "706697790", "price": 2.0082, "amount": 3.5, "side": "buy", "timestamp": 1765583371908}, {"id": "706697791", "price": 2.0082, "amount": 0.9, "side": "buy", "timestamp": 1765583372287}, {"id": "706697792", "price": 2.0082, "amount": 47.9, "side": "buy", "timestamp": 1765583372457}, {"id": "706697793", "price": 2.0082, "amount": 0.1, "side": "buy", "timestamp": 1765583374239}, {"id": "706697794", "price": 2.0082, "amount": 0.1, "side": "buy", "timestamp": 1765583374350}, {"id": "706697795", "price": 2.0082, "amount": 4.2, "side": "buy", "timestamp": 1765583374719}, {"id": "706697796", "price": 2.0081, "amount": 997.2, "side": "sell", "timestamp": 1765583376698}, {"id": "706697797", "price": 2.0082, "amount": 0.1, "side": "buy", "timestamp": 1765583377416}, {"id": "706697798", "price": 2.0082, "amount": 0.1, "side": "buy", "timestamp": 1765583377970}, {"id": "706697799", "price": 2.0082, "amount": 1.7, "side": "buy", "timestamp": 1765583378156}, {"id": "706697800", "price": 2.0082, "amount": 5.9, "side": "buy", "timestamp": 1765583378854}, {"id": "706697801", "price": 2.0082, "amount": 2.9, "side": "buy", "timestamp": 1765583379685}, {"id": "706697802", "price": 2.0082, "amount": 3.6, "side": "buy", "timestamp": 1765583379795}, {"id": "706697803", "price": 2.0082, "amount": 0.1, "side": "buy", "timestamp": 1765583380140}, {"id": "706697804", "price": 2.0082, "amount": 4.0, "side": "buy", "timestamp": 1765583380789}, {"id": "706697805", "price": 2.0081, "amount": 1200.0, "side": "sell", "timestamp": 1765583381556}, {"id": "706697806", "price": 2.0082, "amount": 6738.7, "side": "buy", "timestamp": 1765583382192}, {"id": "706697807", "price": 2.0083, "amount": 3964.1, "side": "buy", "timestamp": 1765583382192}, {"id": "706697808", "price": 2.0084, "amount": 7301.0, "side": "buy", "timestamp": 1765583382192}, {"id": "706697809", "price": 2.0085, "amount": 8939.2, "side": "buy", "timestamp": 1765583382192}, {"id": "706697810", "price": 2.0086, "amount": 3724.3, "side": "buy", "timestamp": 1765583382192}, {"id": "706697811", "price": 2.0086, "amount": 14.7, "side": "buy", "timestamp": 1765583382303}, {"id": "706697812", "price": 2.0086, "amount": 1.5, "side": "buy", "timestamp": 1765583382925}, {"id": "706697813", "price": 2.0085, "amount": 3.0, "side": "sell", "timestamp": 1765583383477}, {"id": "706697814", "price": 2.0086, "amount": 12.0, "side": "buy", "timestamp": 1765583386141}, {"id": "706697815", "price": 2.0085, "amount": 1257.2, "side": "sell", "timestamp": 1765583386403}, {"id": "706697816", "price": 2.0086, "amount": 4.0, "side": "buy", "timestamp": 1765583386790}, {"id": "706697817", "price": 2.0085, "amount": 392.0, "side": "sell", "timestamp": 1765583386927}, {"id": "706697818", "price": 2.0085, "amount": 402.0, "side": "sell", "timestamp": 1765583387368}, {"id": "706697819", "price": 2.0086, "amount": 105.6, "side": "buy", "timestamp": 1765583387458}, {"id": "706697820", "price": 2.0085, "amount": 6.0, "side": "sell", "timestamp": 1765583387738}, {"id": "706697821", "price": 2.0086, "amount": 2.7, "side": "buy", "timestamp": 1765583387835}, {"id": "706697822", "price": 2.0086, "amount": 3.5, "side": "buy", "timestamp": 1765583387953}, {"id": "706697823", "price": 2.0085, "amount": 248.7, "side": "sell", "timestamp": 1765583388962}, {"id": "706697824", "price": 2.0086, "amount": 2025.4, "side": "buy", "timestamp": 1765583389204}, {"id": "706697825", "price": 2.0085, "amount": 14.9, "side": "sell", "timestamp": 1765583393256}, {"id": "706697826", "price": 2.0086, "amount": 147.9, "side": "buy", "timestamp": 1765583393861}, {"id": "706697827", "price": 2.0086, "amount": 2.1, "side": "buy", "timestamp": 1765583394865}, {"id": "706697828", "price": 2.0086, "amount": 3.4, "side": "buy", "timestamp": 1765583395149}, {"id": "706697829", "price": 2.0086, "amount": 6.3, "side": "buy", "timestamp": 1765583395814}, {"id": "706697830", "price": 2.0086, "amount": 10.1, "side": "buy", "timestamp": 1765583396258}, {"id": "706697831", "price": 2.0086, "amount": 70.2, "side": "buy", "timestamp": 1765583397362}, {"id": "706697832", "price": 2.0086, "amount": 28.3, "side": "buy", "timestamp": 1765583397797}, {"id": "706697833", "price": 2.0085, "amount": 498.5, "side": "sell", "timestamp": 1765583397881}, {"id": "706697834", "price": 2.0086, "amount": 0.6, "side": "buy", "timestamp": 1765583397983}, {"id": "706697835", "price": 2.0086, "amount": 1179.2, "side": "buy", "timestamp": 1765583398805}, {"id": "706697836", "price": 2.0086, "amount": 0.3, "side": "buy", "timestamp": 1765583400861}, {"id": "706697837", "price": 2.0086, "amount": 10.8, "side": "buy", "timestamp": 1765583401871}, {"id": "706697879", "price": 2.0086, "amount": 0.1, "side": "buy", "timestamp": 1765583425211}, {"id": "706697880", "price": 2.0085, "amount": 7180.7, "side": "sell", "timestamp": 1765583425685}, {"id": "706697881", "price": 2.0084, "amount": 1724.9, "side": "sell", "timestamp": 1765583425688}, {"id": "706697882", "price": 2.0083, "amount": 435.9, "side": "sell", "timestamp": 1765583425731}, {"id": "706697883", "price": 2.0083, "amount": 5.1, "side": "sell", "timestamp": 1765583426088}, {"id": "706697884", "price": 2.0082, "amount": 98.5, "side": "sell", "timestamp": 1765583426092}, {"id": "706697885", "price": 2.0082, "amount": 2.7, "side": "buy", "timestamp": 1765583426872}, {"id": "706697886", "price": 2.0082, "amount": 3.8, "side": "buy", "timestamp": 1765583427114}, {"id": "706697887", "price": 2.0082, "amount": 8.4, "side": "buy", "timestamp": 1765583427221}, {"id": "706697888", "price": 2.0081, "amount": 3091.8, "side": "sell", "timestamp": 1765583429205}, {"id": "706697889", "price": 2.008, "amount": 3924.8, "side": "sell", "timestamp": 1765583429205}, {"id": "706697890", "price": 2.0079, "amount": 7415.8, "side": "sell", "timestamp": 1765583429206}, {"id": "706697891", "price": 2.0078, "amount": 1822.3, "side": "sell", "timestamp": 1765583429206}, {"id": "706697892", "price": 2.0079, "amount": 4669.7, "side": "buy", "timestamp": 1765583429223}, {"id": "706697893", "price": 2.008, "amount": 220.4, "side": "buy", "timestamp": 1765583429229}, {"id": "706697894", "price": 2.0081, "amount": 15.9, "side": "buy", "timestamp": 1765583429233}, {"id": "706697895", "price": 2.0081, "amount": 98.9, "side": "sell", "timestamp": 1765583429668}, {"id": "706697896", "price": 2.0082, "amount": 0.1, "side": "buy", "timestamp": 1765583430007}, {"id": "706697897", "price": 2.0082, "amount": 13.9, "side": "buy", "timestamp": 1765583431067}, {"id": "706697898", "price": 2.0082, "amount": 7.8, "side": "buy", "timestamp": 1765583431441}, {"id": "706697899", "price": 2.0082, "amount": 22.3, "side": "buy", "timestamp": 1765583432848}, {"id": "706697900", "price": 2.0082, "amount": 1.1, "side": "buy", "timestamp": 1765583433006}, {"id": "706697901", "price": 2.0082, "amount": 7286.3, "side": "buy", "timestamp": 1765583433165}, {"id": "706697902", "price": 2.0082, "amount": 2.7, "side": "buy", "timestamp": 1765583433625}, {"id": "706697903", "price": 2.0082, "amount": 0.1, "side": "buy", "timestamp": 1765583434946}, {"id": "706697904", "price": 2.0081, "amount": 630.3, "side": "sell", "timestamp": 1765583436887}, {"id": "706697905", "price": 2.0082, "amount": 1.8, "side": "buy", "timestamp": 1765583437590}, {"id": "706697906", "price": 2.0081, "amount": 5.4, "side": "sell", "timestamp": 1765583438892}, {"id": "706697907", "price": 2.0082, "amount": 3.3, "side": "buy", "timestamp": 1765583439663}, {"id": "706697908", "price": 2.0082, "amount": 2.9, "side": "buy", "timestamp": 1765583439850}, {"id": "706697909", "price": 2.0082, "amount": 455.5, "side": "buy", "timestamp": 1765583440629}, {"id": "706697910", "price": 2.0081, "amount": 50.4, "side": "sell", "timestamp": 1765583440947}, {"id": "706697911", "price": 2.0082, "amount": 8.4, "side": "buy", "timestamp": 1765583441027}, {"id": "706697912", "price": 2.0082, "amount": 4.6, "side": "buy", "timestamp": 1765583442055}, {"id": "706697913", "price": 2.0082, "amount": 0.1, "side": "buy", "timestamp": 1765583444372}, {"id": "706697914", "price": 2.0081, "amount": 20.4, "side": "sell", "timestamp": 1765583445556}, {"id": "706697915", "price": 2.0082, "amount": 3.3, "side": "buy", "timestamp": 1765583445699}, {"id": "706697916", "price": 2.0082, "amount": 4.0, "side": "buy", "timestamp": 1765583445862}, {"id": "706697917", "price": 2.0082, "amount": 5.2, "side": "buy", "timestamp": 1765583446344}, {"id": "706697918", "price": 2.0082, "amount": 3.0, "side": "buy", "timestamp": 1765583446649}, {"id": "706697919", "price": 2.0082, "amount": 0.1, "side": "buy", "timestamp": 1765583449070}, {"id": "706697920", "price": 2.0082, "amount": 2.8, "side": "buy", "timestamp": 1765583449826}, {"id": "706697921", "price": 2.0082, "amount": 6.2, "side": "buy", "timestamp": 1765583450008}, {"id": "706697922", "price": 2.0082, "amount": 8.2, "side": "buy", "timestamp": 1765583451785}, {"id": "706697923", "price": 2.0082, "amount": 3.2, "side": "buy", "timestamp": 1765583451898}, {"id": "706697924", "price": 2.0082, "amount": 0.8, "side": "buy", "timestamp": 1765583452177}, {"id": "706697925", "price": 2.0082, "amount": 4.8, "side": "buy", "timestamp": 1765583452364}, {"id": "706697926", "price": 2.0082, "amount": 0.1, "side": "buy", "timestamp": 1765583452939}, {"id": "706697927", "price": 2.0082, "amount": 49.7, "side": "buy", "timestamp": 1765583454686}, {"id": "706697928", "price": 2.0081, "amount": 12.6, "side": "sell", "timestamp": 1765583455406}, {"id": "706698103", "price": 2.0098, "amount": 25.1, "side": "buy", "timestamp": 1765583495086}, {"id": "706698104", "price": 2.0098, "amount": 13.0, "side": "buy", "timestamp": 1765583495241}, {"id": "706698105", "price": 2.0098, "amount": 121.6, "side": "buy", "timestamp": 1765583495508}, {"id": "706698106", "price": 2.0098, "amount": 577.3, "side": "buy", "timestamp": 1765583495733}, {"id": "706698107", "price": 2.0097, "amount": 3381.3, "side": "sell", "timestamp": 1765583495744}, {"id": "706698108", "price": 2.0098, "amount": 3.0, "side": "buy", "timestamp": 1765583495860}, {"id": "706698109", "price": 2.0098, "amount": 122.9, "side": "buy", "timestamp": 1765583495994}, {"id": "706698110", "price": 2.0097, "amount": 2.7, "side": "sell", "timestamp": 1765583496003}, {"id": "706698111", "price": 2.0098, "amount": 70.8, "side": "buy", "timestamp": 1765583496130}, {"id": "706698112", "price": 2.0097, "amount": 46.8, "side": "sell", "timestamp": 1765583496261}, {"id": "706698113", "price": 2.0098, "amount": 219.4, "side": "buy", "timestamp": 1765583496283}, {"id": "706698114", "price": 2.0098, "amount": 280.9, "side": "buy", "timestamp": 1765583496455}, {"id": "706698115", "price": 2.0098, "amount": 74.4, "side": "buy", "timestamp": 1765583496611}, {"id": "706698116", "price": 2.0098, "amount": 3.2, "side": "buy", "timestamp": 1765583496791}, {"id": "706698117", "price": 2.0097, "amount": 622.7, "side": "sell", "timestamp": 1765583496797}, {"id": "706698118", "price": 2.0098, "amount": 151.3, "side": "buy", "timestamp": 1765583497206}, {"id": "706698119", "price": 2.0098, "amount": 15.7, "side": "buy", "timestamp": 1765583497390}, {"id": "706698120", "price": 2.0097, "amount": 4432.2, "side": "sell", "timestamp": 1765583497721}, {"id": "706698121", "price": 2.0097, "amount": 79.6, "side": "buy", "timestamp": 1765583498014}, {"id": "706698122", "price": 2.0096, "amount": 415.3, "side": "sell", "timestamp": 1765583498165}, {"id": "706698123", "price": 2.0097, "amount": 20.9, "side": "buy", "timestamp": 1765583498356}, {"id": "706698124", "price": 2.0097, "amount": 4.1, "side": "buy", "timestamp": 1765583498626}, {"id": "706698125", "price": 2.0097, "amount": 987.9, "side": "buy", "timestamp": 1765583498732}, {"id": "706698126", "price": 2.0097, "amount": 81.9, "side": "buy", "timestamp": 1765583498935}, {"id": "706698127", "price": 2.0097, "amount": 55.1, "side": "buy", "timestamp": 1765583499060}, {"id": "706698128", "price": 2.0097, "amount": 87.2, "side": "buy", "timestamp": 1765583499334}, {"id": "706698129", "price": 2.0097, "amount": 181.1, "side": "buy", "timestamp": 1765583499454}, {"id": "706698130", "price": 2.0097, "amount": 124.0, "side": "buy", "timestamp": 1765583499839}, {"id": "706698131", "price": 2.0096, "amount": 12.1, "side": "sell", "timestamp": 1765583499944}, {"id": "706698132", "price": 2.0097, "amount": 201.2, "side": "buy", "timestamp": 1765583500064}, {"id": "706698133", "price": 2.0097, "amount": 100.7, "side": "buy", "timestamp": 1765583500168}, {"id": "706698134", "price": 2.0097, "amount": 198.4, "side": "buy", "timestamp": 1765583500287}, {"id": "706698135", "price": 2.0097, "amount": 8.4, "side": "buy", "timestamp": 1765583500569}, {"id": "706698136", "price": 2.0097, "amount": 0.1, "side": "buy", "timestamp": 1765583500711}, {"id": "706698137", "price": 2.0097, "amount": 0.1, "side": "buy", "timestamp": 1765583500881}, {"id": "706698138", "price": 2.0096, "amount": 2581.8, "side": "sell", "timestamp": 1765583501201}, {"id": "706698139", "price": 2.0095, "amount": 900.0, "side": "sell", "timestamp": 1765583501529}, {"id": "706698140", "price": 2.0095, "amount": 849.2, "side": "sell", "timestamp": 1765583502488}, {"id": "706698141", "price": 2.0095, "amount": 2.8, "side": "buy", "timestamp": 1765583503530}, {"id": "706698142", "price": 2.0094, "amount": 2195.1, "side": "sell", "timestamp": 1765583503587}, {"id": "706698143", "price": 2.0094, "amount": 0.1, "side": "buy", "timestamp": 1765583503626}, {"id": "706698144", "price": 2.0093, "amount": 19.2, "side": "sell", "timestamp": 1765583504137}, {"id": "706698145", "price": 2.0094, "amount": 5.8, "side": "buy", "timestamp": 1765583504676}, {"id": "706698146", "price": 2.0093, "amount": 650.6, "side": "sell", "timestamp": 1765583504844}, {"id": "706698147", "price": 2.0094, "amount": 0.1, "side": "buy", "timestamp": 1765583505803}, {"id": "706698148", "price": 2.0093, "amount": 22.1, "side": "sell", "timestamp": 1765583506167}, {"id": "706698149", "price": 2.0094, "amount": 5.1, "side": "buy", "timestamp": 1765583507025}, {"id": "706698150", "price": 2.0094, "amount": 11.3, "side": "buy", "timestamp": 1765583507488}, {"id": "706698151", "price": 2.0094, "amount": 98.9, "side": "buy", "timestamp": 1765583507716}, {"id": "706698152", "price": 2.0094, "amount": 3.2, "side": "buy", "timestamp": 1765583507945}, {"id": "706698215", "price": 2.009, "amount": 6.0, "side": "sell", "timestamp": 1765583531735}, {"id": "706698216", "price": 2.0091, "amount": 9.0, "side": "buy", "timestamp": 1765583533280}, {"id": "706698217", "price": 2.0091, "amount": 3.9, "side": "buy", "timestamp": 1765583533897}, {"id": "706698218", "price": 2.009, "amount": 27.2, "side": "sell", "timestamp": 1765583534424}, {"id": "706698219", "price": 2.0091, "amount": 0.1, "side": "buy", "timestamp": 1765583534695}, {"id": "706698220", "price": 2.0091, "amount": 0.1, "side": "buy", "timestamp": 1765583534802}, {"id": "706698221", "price": 2.009, "amount": 19.2, "side": "sell", "timestamp": 1765583535409}, {"id": "706698222", "price": 2.009, "amount": 8.5, "side": "sell", "timestamp": 1765583536058}, {"id": "706698223", "price": 2.0091, "amount": 2.7, "side": "buy", "timestamp": 1765583537029}, {"id": "706698224", "price": 2.009, "amount": 92.6, "side": "sell", "timestamp": 1765583537107}, {"id": "706698225", "price": 2.0091, "amount": 8.8, "side": "buy", "timestamp": 1765583537143}, {"id": "706698226", "price": 2.0091, "amount": 0.1, "side": "buy", "timestamp": 1765583538305}, {"id": "706698227", "price": 2.0091, "amount": 0.1, "side": "buy", "timestamp": 1765583541480}, {"id": "706698228", "price": 2.009, "amount": 24.6, "side": "sell", "timestamp": 1765583542037}, {"id": "706698229", "price": 2.0091, "amount": 3.0, "side": "buy", "timestamp": 1765583542691}, {"id": "706698230", "price": 2.0091, "amount": 9.6, "side": "buy", "timestamp": 1765583543725}, {"id": "706698231", "price": 2.0091, "amount": 0.1, "side": "buy", "timestamp": 1765583544028}, {"id": "706698232", "price": 2.0091, "amount": 4.6, "side": "buy", "timestamp": 1765583544138}, {"id": "706698233", "price": 2.0091, "amount": 8.2, "side": "buy", "timestamp": 1765583545085}, {"id": "706698234", "price": 2.009, "amount": 243.5, "side": "sell", "timestamp": 1765583545789}, {"id": "706698235", "price": 2.0091, "amount": 0.1, "side": "buy", "timestamp": 1765583547215}, {"id": "706698236", "price": 2.0091, "amount": 61.9, "side": "buy", "timestamp": 1765583547826}, {"id": "706698237", "price": 2.0091, "amount": 3.6, "side": "buy", "timestamp": 1765583548298}, {"id": "706698238", "price": 2.0091, "amount": 4.7, "side": "buy", "timestamp": 1765583548419}, {"id": "706698239", "price": 2.0091, "amount": 5.2, "side": "buy", "timestamp": 1765583548538}, {"id": "706698240", "price": 2.0091, "amount": 3.1, "side": "buy", "timestamp": 1765583548722}, {"id": "706698241", "price": 2.009, "amount": 24.6, "side": "sell", "timestamp": 1765583548739}, {"id": "706698242", "price": 2.009, "amount": 157.8, "side": "sell", "timestamp": 1765583549483}, {"id": "706698243", "price": 2.0091, "amount": 2.7, "side": "buy", "timestamp": 1765583549670}, {"id": "706698244", "price": 2.009, "amount": 4.7, "side": "sell", "timestamp": 1765583550133}, {"id": "706698245", "price": 2.0091, "amount": 0.1, "side": "buy", "timestamp": 1765583550548}, {"id": "706698246", "price": 2.0091, "amount": 3.0, "side": "buy", "timestamp": 1765583550875}, {"id": "706698247", "price": 2.009, "amount": 49.7, "side": "sell", "timestamp": 1765583551396}, {"id": "706698248", "price": 2.0091, "amount": 4.3, "side": "buy", "timestamp": 1765583552047}, {"id": "706698249", "price": 2.0091, "amount": 6.0, "side": "buy", "timestamp": 1765583552339}, {"id": "706698250", "price": 2.0091, "amount": 248.9, "side": "buy", "timestamp": 1765583553721}, {"id": "706698251", "price": 2.0091, "amount": 1.4, "side": "buy", "timestamp": 1765583554156}, {"id": "706698252", "price": 2.0091, "amount": 3.6, "side": "buy", "timestamp": 1765583555373}, {"id": "706698253", "price": 2.009, "amount": 24.6, "side": "sell", "timestamp": 1765583555735}, {"id": "706698254", "price": 2.0091, "amount": 2.5, "side": "buy", "timestamp": 1765583556378}, {"id": "706698255", "price": 2.0091, "amount": 0.1, "side": "buy", "timestamp": 1765583557961}, {"id": "706698256", "price": 2.0091, "amount": 2.5, "side": "buy", "timestamp": 1765583558209}, {"id": "706698257", "price": 2.0091, "amount": 3.0, "side": "buy", "timestamp": 1765583558817}, {"id": "706698258", "price": 2.0091, "amount": 9.0, "side": "buy", "timestamp": 1765583558967}, {"id": "706698259", "price": 2.009, "amount": 150.0, "side": "sell", "timestamp": 1765583559372}, {"id": "706698260", "price": 2.009, "amount": 4.9, "side": "sell", "timestamp": 1765583559502}, {"id": "706698261", "price": 2.0091, "amount": 3.1, "side": "buy", "timestamp": 1765583560830}, {"id": "706698262", "price": 2.009, "amount": 956.5, "side": "sell", "timestamp": 1765583561271}, {"id": "706698263", "price": 2.009, "amount": 2102.1, "side": "sell", "timestamp": 1765583561812}, {"id": "706698264", "price": 2.009, "amount": 0.1, "side": "buy", "timestamp": 1765583562005}, {"id": "706698306", "price": 2.0086, "amount": 0.1, "side": "buy", "timestamp": 1765583587807}, {"id": "706698307", "price": 2.0086, "amount": 4.8, "side": "buy", "timestamp": 1765583588630}, {"id": "706698308", "price": 2.0086, "amount": 4.8, "side": "buy", "timestamp": 1765583589268}, {"id": "706698309", "price": 2.0086, "amount": 1.5, "side": "buy", "timestamp": 1765583589553}, {"id": "706698310", "price": 2.0085, "amount": 497.8, "side": "sell", "timestamp": 1765583590134}, {"id": "706698311", "price": 2.0085, "amount": 27.5, "side": "sell", "timestamp": 1765583590254}, {"id": "706698312", "price": 2.0086, "amount": 0.1, "side": "buy", "timestamp": 1765583590288}, {"id": "706698313", "price": 2.0086, "amount": 4.6, "side": "buy", "timestamp": 1765583591006}, {"id": "706698314", "price": 2.0085, "amount": 4.9, "side": "sell", "timestamp": 1765583591601}, {"id": "706698315", "price": 2.0086, "amount": 4.1, "side": "buy", "timestamp": 1765583591842}, {"id": "706698316", "price": 2.0085, "amount": 30.1, "side": "sell", "timestamp": 1765583592677}, {"id": "706698317", "price": 2.0086, "amount": 0.1, "side": "buy", "timestamp": 1765583593028}, {"id": "706698318", "price": 2.0086, "amount": 31.2, "side": "buy", "timestamp": 1765583593330}, {"id": "706698319", "price": 2.0086, "amount": 246.4, "side": "buy", "timestamp": 1765583594047}, {"id": "706698320", "price": 2.0086, "amount": 1.1, "side": "buy", "timestamp": 1765583594267}, {"id": "706698321", "price": 2.0086, "amount": 4.5, "side": "buy", "timestamp": 1765583595057}, {"id": "706698322", "price": 2.0085, "amount": 3.0, "side": "sell", "timestamp": 1765583595316}, {"id": "706698323", "price": 2.0086, "amount": 1.1, "side": "buy", "timestamp": 1765583595421}, {"id": "706698324", "price": 2.0086, "amount": 20.0, "side": "buy", "timestamp": 1765583596854}, {"id": "706698325", "price": 2.0085, "amount": 102.8, "side": "sell", "timestamp": 1765583597615}, {"id": "706698326", "price": 2.0086, "amount": 0.1, "side": "buy", "timestamp": 1765583598315}, {"id": "706698327", "price": 2.0086, "amount": 3.9, "side": "buy", "timestamp": 1765583598610}, {"id": "706698328", "price": 2.0085, "amount": 1200.0, "side": "sell", "timestamp": 1765583598690}, {"id": "706698329", "price": 2.0086, "amount": 5.2, "side": "buy", "timestamp": 1765583599547}, {"id": "706698330", "price": 2.0086, "amount": 0.7, "side": "buy", "timestamp": 1765583600022}, {"id": "706698331", "price": 2.0086, "amount": 0.1, "side": "buy", "timestamp": 1765583601252}, {"id": "706698332", "price": 2.0086, "amount": 2.1, "side": "buy", "timestamp": 1765583601445}, {"id": "706698333", "price": 2.0086, "amount": 8.8, "side": "buy", "timestamp": 1765583603271}, {"id": "706698334", "price": 2.0085, "amount": 6.0, "side": "sell", "timestamp": 1765583603725}, {"id": "706698335", "price": 2.0086, "amount": 0.1, "side": "buy", "timestamp": 1765583604130}, {"id": "706698336", "price": 2.0085, "amount": 942.0, "side": "sell", "timestamp": 1765583604457}, {"id": "706698337", "price": 2.0085, "amount": 258.0, "side": "sell", "timestamp": 1765583604649}, {"id": "706698338", "price": 2.0085, "amount": 43.8, "side": "sell", "timestamp": 1765583605305}, {"id": "706698339", "price": 2.0086, "amount": 43.8, "side": "buy", "timestamp": 1765583605362}, {"id": "706698340", "price": 2.0086, "amount": 3.5, "side": "buy", "timestamp": 1765583606796}, {"id": "706698341", "price": 2.0085, "amount": 41.5, "side": "sell", "timestamp": 1765583606898}, {"id": "706698342", "price": 2.0086, "amount": 0.1, "side": "buy", "timestamp": 1765583607109}, {"id": "706698343", "price": 2.0086, "amount": 50.6, "side": "buy", "timestamp": 1765583607658}, {"id": "706698344", "price": 2.0086, "amount": 6806.1, "side": "buy", "timestamp": 1765583609062}, {"id": "706698345", "price": 2.0086, "amount": 0.1, "side": "buy", "timestamp": 1765583609936}, {"id": "706698346", "price": 2.0086, "amount": 9.0, "side": "buy", "timestamp": 1765583610091}, {"id": "706698347", "price": 2.0086, "amount": 3.0, "side": "buy", "timestamp": 1765583610725}, {"id": "706698348", "price": 2.0086, "amount": 0.1, "side": "buy", "timestamp": 1765583612130}, {"id": "706698349", "price": 2.0085, "amount": 10.0, "side": "sell", "timestamp": 1765583612836}, {"id": "706698350", "price": 2.0086, "amount": 5.9, "side": "buy", "timestamp": 1765583613008}, {"id": "706698351", "price": 2.0086, "amount": 0.1, "side": "buy", "timestamp": 1765583614450}, {"id": "706698352", "price": 2.0085, "amount": 8.6, "side": "sell", "timestamp": 1765583614877}, {"id": "706698353", "price": 2.0086, "amount": 1.4, "side": "buy", "timestamp": 1765583614962}, {"id": "706698354", "price": 2.0085, "amount": 1200.0, "side": "sell", "timestamp": 1765583615024}, {"id": "706698355", "price": 2.0085, "amount": 54.9, "side": "sell", "timestamp": 1765583615203}, {"id": "706698394", "price": 2.0083, "amount": 433.7, "side": "sell", "timestamp": 1765583635734}, {"id": "706698395", "price": 2.0083, "amount": 0.1, "side": "buy", "timestamp": 1765583635861}, {"id": "706698396", "price": 2.0083, "amount": 12.4, "side": "buy", "timestamp": 1765583636089}, {"id": "706698397", "price": 2.0083, "amount": 78.3, "side": "buy", "timestamp": 1765583637105}, {"id": "706698398", "price": 2.0082, "amount": 639.8, "side": "sell", "timestamp": 1765583638104}, {"id": "706698399", "price": 2.0082, "amount": 4.1, "side": "buy", "timestamp": 1765583638518}, {"id": "706698400", "price": 2.0082, "amount": 0.1, "side": "buy", "timestamp": 1765583638877}, {"id": "706698401", "price": 2.0082, "amount": 28.3, "side": "buy", "timestamp": 1765583638996}, {"id": "706698402", "price": 2.0081, "amount": 6.0, "side": "sell", "timestamp": 1765583639722}, {"id": "706698403", "price": 2.0082, "amount": 14.9, "side": "buy", "timestamp": 1765583640319}, {"id": "706698404", "price": 2.0081, "amount": 499.5, "side": "sell", "timestamp": 1765583640514}, {"id": "706698405", "price": 2.0081, "amount": 317.0, "side": "buy", "timestamp": 1765583641221}, {"id": "706698406", "price": 2.0082, "amount": 0.1, "side": "buy", "timestamp": 1765583641375}, {"id": "706698407", "price": 2.0082, "amount": 0.4, "side": "buy", "timestamp": 1765583642044}, {"id": "706698408", "price": 2.0081, "amount": 1200.0, "side": "sell", "timestamp": 1765583644129}, {"id": "706698409", "price": 2.0081, "amount": 141.9, "side": "sell", "timestamp": 1765583644313}, {"id": "706698410", "price": 2.0082, "amount": 0.1, "side": "buy", "timestamp": 1765583644983}, {"id": "706698411", "price": 2.0082, "amount": 0.2, "side": "buy", "timestamp": 1765583645133}, {"id": "706698412", "price": 2.0081, "amount": 480.5, "side": "sell", "timestamp": 1765583645363}, {"id": "706698413", "price": 2.0082, "amount": 1262.9, "side": "buy", "timestamp": 1765583646047}, {"id": "706698414", "price": 2.0082, "amount": 4.6, "side": "buy", "timestamp": 1765583646573}, {"id": "706698415", "price": 2.0082, "amount": 0.1, "side": "buy", "timestamp": 1765583647783}, {"id": "706698416", "price": 2.0082, "amount": 2.6, "side": "buy", "timestamp": 1765583648233}, {"id": "706698417", "price": 2.0082, "amount": 4.7, "side": "buy", "timestamp": 1765583650100}, {"id": "706698418", "price": 2.0081, "amount": 14.9, "side": "sell", "timestamp": 1765583650407}, {"id": "706698419", "price": 2.0082, "amount": 23.4, "side": "buy", "timestamp": 1765583650427}, {"id": "706698420", "price": 2.0082, "amount": 5.3, "side": "buy", "timestamp": 1765583650749}, {"id": "706698421", "price": 2.0082, "amount": 40.0, "side": "buy", "timestamp": 1765583651216}, {"id": "706698422", "price": 2.0081, "amount": 22.8, "side": "sell", "timestamp": 1765583651356}, {"id": "706698423", "price": 2.0081, "amount": 13.4, "side": "sell", "timestamp": 1765583652533}, {"id": "706698424", "price": 2.0081, "amount": 823.1, "side": "sell", "timestamp": 1765583652786}, {"id": "706698425", "price": 2.0082, "amount": 346.2, "side": "buy", "timestamp": 1765583653365}, {"id": "706698426", "price": 2.0082, "amount": 5.2, "side": "buy", "timestamp": 1765583654509}, {"id": "706698427", "price": 2.0081, "amount": 11.2, "side": "sell", "timestamp": 1765583655599}, {"id": "706698428", "price": 2.0082, "amount": 0.1, "side": "buy", "timestamp": 1765583657532}, {"id": "706698429", "price": 2.0082, "amount": 6.1, "side": "buy", "timestamp": 1765583658514}, {"id": "706698430", "price": 2.0082, "amount": 100.4, "side": "buy", "timestamp": 1765583660349}, {"id": "706698431", "price": 2.0082, "amount": 0.1, "side": "buy", "timestamp": 1765583660574}, {"id": "706698432", "price": 2.0082, "amount": 9.0, "side": "buy", "timestamp": 1765583661227}, {"id": "706698433", "price": 2.0082, "amount": 9673.4, "side": "buy", "timestamp": 1765583662510}, {"id": "706698434", "price": 2.0083, "amount": 1756.1, "side": "buy", "timestamp": 1765583662512}, {"id": "706698435", "price": 2.0084, "amount": 3781.9, "side": "buy", "timestamp": 1765583662514}, {"id": "706698436", "price": 2.0085, "amount": 2383.4, "side": "buy", "timestamp": 1765583662562}, {"id": "706698437", "price": 2.0086, "amount": 3042.1, "side": "buy", "timestamp": 1765583662586}, {"id": "706698438", "price": 2.0087, "amount": 3234.2, "side": "buy", "timestamp": 1765583663286}, {"id": "706698439", "price": 2.0088, "amount": 414.9, "side": "buy", "timestamp": 1765583663604}, {"id": "706698440", "price": 2.0089, "amount": 184.9, "side": "buy", "timestamp": 1765583664438}, {"id": "706698441", "price": 2.0089, "amount": 0.1, "side": "buy", "timestamp": 1765583666316}, {"id": "706698442", "price": 2.0089, "amount": 3.4, "side": "buy", "timestamp": 1765583667652}, {"id": "706698443", "price": 2.0089, "amount": 2.7, "side": "buy", "timestamp": 1765583668712}, {"id": "706698499", "price": 2.0088, "amount": 0.1, "side": "buy", "timestamp": 1765583696627}, {"id": "706698500", "price": 2.0088, "amount": 40.6, "side": "buy", "timestamp": 1765583697257}, {"id": "706698501", "price": 2.0087, "amount": 3.0, "side": "sell", "timestamp": 1765583697894}, {"id": "706698502", "price": 2.0088, "amount": 4.5, "side": "buy", "timestamp": 1765583697956}, {"id": "706698503", "price": 2.0088, "amount": 134.5, "side": "buy", "timestamp": 1765583698384}, {"id": "706698504", "price": 2.0087, "amount": 2091.9, "side": "sell", "timestamp": 1765583698637}, {"id": "706698505", "price": 2.0088, "amount": 1181.0, "side": "buy", "timestamp": 1765583698687}, {"id": "706698506", "price": 2.0088, "amount": 71.2, "side": "buy", "timestamp": 1765583698942}, {"id": "706698507", "price": 2.0088, "amount": 3.5, "side": "buy", "timestamp": 1765583699660}, {"id": "706698508", "price": 2.0088, "amount": 0.1, "side": "buy", "timestamp": 1765583699857}, {"id": "706698509", "price": 2.0087, "amount": 902.2, "side": "sell", "timestamp": 1765583700478}, {"id": "706698510", "price": 2.0086, "amount": 301.2, "side": "sell", "timestamp": 1765583700548}, {"id": "706698511", "price": 2.0085, "amount": 696.5, "side": "sell", "timestamp": 1765583700686}, {"id": "706698512", "price": 2.0085, "amount": 937.4, "side": "buy", "timestamp": 1765583700718}, {"id": "706698513", "price": 2.0085, "amount": 74.3, "side": "buy", "timestamp": 1765583701287}, {"id": "706698514", "price": 2.0084, "amount": 10.0, "side": "sell", "timestamp": 1765583701821}, {"id": "706698515", "price": 2.0085, "amount": 5.2, "side": "buy", "timestamp": 1765583702149}, {"id": "706698516", "price": 2.0085, "amount": 14.9, "side": "buy", "timestamp": 1765583702442}, {"id": "706698517", "price": 2.0085, "amount": 0.1, "side": "buy", "timestamp": 1765583702592}, {"id": "706698518", "price": 2.0085, "amount": 3.8, "side": "buy", "timestamp": 1765583703581}, {"id": "706698519", "price": 2.0085, "amount": 130.8, "side": "buy", "timestamp": 1765583704429}, {"id": "706698520", "price": 2.0085, "amount": 17.6, "side": "buy", "timestamp": 1765583704713}, {"id": "706698521", "price": 2.0085, "amount": 2.6, "side": "buy", "timestamp": 1765583705406}, {"id": "706698522", "price": 2.0085, "amount": 3.1, "side": "buy", "timestamp": 1765583705698}, {"id": "706698523", "price": 2.0085, "amount": 0.1, "side": "buy", "timestamp": 1765583705968}, {"id": "706698524", "price": 2.0085, "amount": 0.1, "side": "buy", "timestamp": 1765583709114}, {"id": "706698525", "price": 2.0085, "amount": 4178.0, "side": "buy", "timestamp": 1765583709217}, {"id": "706698526", "price": 2.0086, "amount": 26.0, "side": "buy", "timestamp": 1765583709222}, {"id": "706698527", "price": 2.0086, "amount": 171.3, "side": "sell", "timestamp": 1765583710195}, {"id": "706698528", "price": 2.0087, "amount": 14.9, "side": "buy", "timestamp": 1765583710460}, {"id": "706698529", "price": 2.0087, "amount": 1.2, "side": "buy", "timestamp": 1765583711078}, {"id": "706698530", "price": 2.0087, "amount": 0.1, "side": "buy", "timestamp": 1765583711237}, {"id": "706698531", "price": 2.0087, "amount": 144.8, "side": "buy", "timestamp": 1765583711684}, {"id": "706698532", "price": 2.0086, "amount": 6.0, "side": "sell", "timestamp": 1765583711743}, {"id": "706698533", "price": 2.0086, "amount": 2029.1, "side": "sell", "timestamp": 1765583712143}, {"id": "706698534", "price": 2.0087, "amount": 250.0, "side": "buy", "timestamp": 1765583713005}, {"id": "706698535", "price": 2.0086, "amount": 6.5, "side": "sell", "timestamp": 1765583714406}, {"id": "706698536", "price": 2.0087, "amount": 0.1, "side": "buy", "timestamp": 1765583714799}, {"id": "706698537", "price": 2.0086, "amount": 2268.6, "side": "sell", "timestamp": 1765583714891}, {"id": "706698538", "price": 2.0087, "amount": 16.6, "side": "buy", "timestamp": 1765583715308}, {"id": "706698539", "price": 2.0087, "amount": 9.1, "side": "buy", "timestamp": 1765583716591}, {"id": "706698540", "price": 2.0087, "amount": 0.8, "side": "buy", "timestamp": 1765583716942}, {"id": "706698541", "price": 2.0087, "amount": 0.1, "side": "buy", "timestamp": 1765583717479}, {"id": "706698542", "price": 2.0087, "amount": 1714.6, "side": "buy", "timestamp": 1765583717863}, {"id": "706698543", "price": 2.0087, "amount": 398.2, "side": "buy", "timestamp": 1765583718913}, {"id": "706698544", "price": 2.0087, "amount": 4.8, "side": "buy", "timestamp": 1765583720251}, {"id": "706698545", "price": 2.0087, "amount": 0.1, "side": "buy", "timestamp": 1765583720969}, {"id": "706698546", "price": 2.0087, "amount": 1.0, "side": "buy", "timestamp": 1765583721115}, {"id": "706698547", "price": 2.0086, "amount": 3061.3, "side": "sell", "timestamp": 1765583721548}, {"id": "706698548", "price": 2.0087, "amount": 2.7, "side": "buy", "timestamp": 1765583721889}, {"id": "706698618", "price": 2.0085, "amount": 5.0, "side": "buy", "timestamp": 1765583754641}, {"id": "706698619", "price": 2.0085, "amount": 0.1, "side": "buy", "timestamp": 1765583755631}, {"id": "706698620", "price": 2.0085, "amount": 2.8, "side": "buy", "timestamp": 1765583756378}, {"id": "706698621", "price": 2.0085, "amount": 3.8, "side": "buy", "timestamp": 1765583756668}, {"id": "706698622", "price": 2.0085, "amount": 2.7, "side": "buy", "timestamp": 1765583756775}, {"id": "706698623", "price": 2.0085, "amount": 30.5, "side": "buy", "timestamp": 1765583757019}, {"id": "706698624", "price": 2.0085, "amount": 0.1, "side": "buy", "timestamp": 1765583757692}, {"id": "706698625", "price": 2.0085, "amount": 15.8, "side": "buy", "timestamp": 1765583758649}, {"id": "706698626", "price": 2.0084, "amount": 14.1, "side": "sell", "timestamp": 1765583758800}, {"id": "706698627", "price": 2.0085, "amount": 140.8, "side": "buy", "timestamp": 1765583759581}, {"id": "706698628", "price": 2.0085, "amount": 6.2, "side": "buy", "timestamp": 1765583759701}, {"id": "706698629", "price": 2.0084, "amount": 90.2, "side": "sell", "timestamp": 1765583760715}, {"id": "706698630", "price": 2.0085, "amount": 3.4, "side": "buy", "timestamp": 1765583760850}, {"id": "706698631", "price": 2.0085, "amount": 5.1, "side": "buy", "timestamp": 1765583761304}, {"id": "706698632", "price": 2.0085, "amount": 0.1, "side": "buy", "timestamp": 1765583761519}, {"id": "706698633", "price": 2.0084, "amount": 5853.8, "side": "sell", "timestamp": 1765583762307}, {"id": "706698634", "price": 2.0085, "amount": 99.5, "side": "buy", "timestamp": 1765583762481}, {"id": "706698635", "price": 2.0085, "amount": 0.5, "side": "buy", "timestamp": 1765583762776}, {"id": "706698636", "price": 2.0085, "amount": 183.0, "side": "buy", "timestamp": 1765583763626}, {"id": "706698637", "price": 2.0084, "amount": 2.8, "side": "sell", "timestamp": 1765583763682}, {"id": "706698638", "price": 2.0085, "amount": 0.1, "side": "buy", "timestamp": 1765583763819}, {"id": "706698639", "price": 2.0085, "amount": 9.0, "side": "buy", "timestamp": 1765583764150}, {"id": "706698640", "price": 2.0085, "amount": 4.6, "side": "buy", "timestamp": 1765583764674}, {"id": "706698641", "price": 2.0085, "amount": 1344.7, "side": "buy", "timestamp": 1765583765432}, {"id": "706698642", "price": 2.0085, "amount": 0.2, "side": "buy", "timestamp": 1765583765724}, {"id": "706698643", "price": 2.0085, "amount": 19.9, "side": "buy", "timestamp": 1765583767116}, {"id": "706698644", "price": 2.0085, "amount": 2849.4, "side": "buy", "timestamp": 1765583767232}, {"id": "706698645", "price": 2.0085, "amount": 9.8, "side": "sell", "timestamp": 1765583768198}, {"id": "706698646", "price": 2.0086, "amount": 272.9, "side": "buy", "timestamp": 1765583768706}, {"id": "706698647", "price": 2.0085, "amount": 1405.4, "side": "sell", "timestamp": 1765583769481}, {"id": "706698648", "price": 2.0086, "amount": 0.1, "side": "buy", "timestamp": 1765583769590}, {"id": "706698649", "price": 2.0085, "amount": 2000.0, "side": "sell", "timestamp": 1765583769651}, {"id": "706698650", "price": 2.0086, "amount": 14.9, "side": "buy", "timestamp": 1765583770761}, {"id": "706698651", "price": 2.0085, "amount": 851.3, "side": "sell", "timestamp": 1765583770769}, {"id": "706698652", "price": 2.0085, "amount": 1535.2, "side": "sell", "timestamp": 1765583772104}, {"id": "706698653", "price": 2.0086, "amount": 0.1, "side": "buy", "timestamp": 1765583772110}, {"id": "706698654", "price": 2.0085, "amount": 12136.5, "side": "sell", "timestamp": 1765583772112}, {"id": "706698655", "price": 2.0084, "amount": 4508.6, "side": "sell", "timestamp": 1765583772136}, {"id": "706698656", "price": 2.0083, "amount": 10.4, "side": "sell", "timestamp": 1765583772139}, {"id": "706698657", "price": 2.0082, "amount": 593.8, "side": "sell", "timestamp": 1765583772139}, {"id": "706698658", "price": 2.0083, "amount": 3.5, "side": "buy", "timestamp": 1765583772184}, {"id": "706698659", "price": 2.0082, "amount": 1089.0, "side": "sell", "timestamp": 1765583772513}, {"id": "706698660", "price": 2.0081, "amount": 25.6, "side": "sell", "timestamp": 1765583772513}, {"id": "706698661", "price": 2.0081, "amount": 13.3, "side": "buy", "timestamp": 1765583773016}, {"id": "706698662", "price": 2.0081, "amount": 20162.5, "side": "buy", "timestamp": 1765583774565}, {"id": "706698663", "price": 2.0082, "amount": 19676.1, "side": "buy", "timestamp": 1765583774565}, {"id": "706698664", "price": 2.0081, "amount": 1668.8, "side": "buy", "timestamp": 1765583774570}, {"id": "706698665", "price": 2.0082, "amount": 122.2, "side": "buy", "timestamp": 1765583774571}, {"id": "706698666", "price": 2.0083, "amount": 0.1, "side": "buy", "timestamp": 1765583774603}, {"id": "706698667", "price": 2.0083, "amount": 7215.9, "side": "buy", "timestamp": 1765583775196}, {"id": "706698723", "price": 2.008, "amount": 0.1, "side": "buy", "timestamp": 1765583807070}, {"id": "706698724", "price": 2.0079, "amount": 137.4, "side": "sell", "timestamp": 1765583807156}, {"id": "706698725", "price": 2.0079, "amount": 4351.4, "side": "sell", "timestamp": 1765583807352}, {"id": "706698726", "price": 2.0078, "amount": 744.9, "side": "sell", "timestamp": 1765583807816}, {"id": "706698727", "price": 2.0078, "amount": 455.6, "side": "sell", "timestamp": 1765583807984}, {"id": "706698728", "price": 2.0077, "amount": 32.2, "side": "sell", "timestamp": 1765583808375}, {"id": "706698729", "price": 2.0077, "amount": 357.4, "side": "sell", "timestamp": 1765583808835}, {"id": "706698730", "price": 2.0076, "amount": 409.9, "side": "sell", "timestamp": 1765583809502}, {"id": "706698731", "price": 2.0076, "amount": 135.4, "side": "sell", "timestamp": 1765583809766}, {"id": "706698732", "price": 2.0076, "amount": 690.5, "side": "sell", "timestamp": 1765583809997}, {"id": "706698733", "price": 2.0077, "amount": 0.1, "side": "buy", "timestamp": 1765583810014}, {"id": "706698734", "price": 2.0077, "amount": 2.2, "side": "buy", "timestamp": 1765583810763}, {"id": "706698735", "price": 2.0076, "amount": 262.5, "side": "sell", "timestamp": 1765583811752}, {"id": "706698736", "price": 2.0077, "amount": 0.1, "side": "buy", "timestamp": 1765583812591}, {"id": "706698737", "price": 2.0076, "amount": 3472.8, "side": "sell", "timestamp": 1765583813184}, {"id": "706698738", "price": 2.0075, "amount": 620.0, "side": "sell", "timestamp": 1765583813184}, {"id": "706698739", "price": 2.0075, "amount": 70.8, "side": "sell", "timestamp": 1765583813477}, {"id": "706698740", "price": 2.0076, "amount": 1.8, "side": "buy", "timestamp": 1765583813889}, {"id": "706698741", "price": 2.0076, "amount": 0.1, "side": "buy", "timestamp": 1765583816321}, {"id": "706698742", "price": 2.0076, "amount": 0.5, "side": "buy", "timestamp": 1765583816518}, {"id": "706698743", "price": 2.0076, "amount": 10.8, "side": "buy", "timestamp": 1765583817133}, {"id": "706698744", "price": 2.0076, "amount": 7.0, "side": "buy", "timestamp": 1765583817829}, {"id": "706698745", "price": 2.0076, "amount": 0.1, "side": "buy", "timestamp": 1765583819312}, {"id": "706698746", "price": 2.0075, "amount": 552.0, "side": "sell", "timestamp": 1765583819463}, {"id": "706698747", "price": 2.0074, "amount": 6.0, "side": "sell", "timestamp": 1765583819735}, {"id": "706698748", "price": 2.0074, "amount": 261.7, "side": "sell", "timestamp": 1765583820005}, {"id": "706698749", "price": 2.0073, "amount": 97.8, "side": "sell", "timestamp": 1765583820056}, {"id": "706698750", "price": 2.0073, "amount": 11.1, "side": "buy", "timestamp": 1765583820999}, {"id": "706698751", "price": 2.0073, "amount": 5.2, "side": "buy", "timestamp": 1765583821469}, {"id": "706698752", "price": 2.0073, "amount": 0.1, "side": "buy", "timestamp": 1765583821573}, {"id": "706698753", "price": 2.0072, "amount": 10.0, "side": "sell", "timestamp": 1765583822275}, {"id": "706698754", "price": 2.0072, "amount": 605.0, "side": "sell", "timestamp": 1765583822462}, {"id": "706698755", "price": 2.0072, "amount": 444.9, "side": "sell", "timestamp": 1765583822683}, {"id": "706698756", "price": 2.0072, "amount": 5.5, "side": "sell", "timestamp": 1765583823419}, {"id": "706698757", "price": 2.0072, "amount": 989.3, "side": "sell", "timestamp": 1765583823959}, {"id": "706698758", "price": 2.0072, "amount": 2609.9, "side": "sell", "timestamp": 1765583824107}, {"id": "706698759", "price": 2.0072, "amount": 197.1, "side": "buy", "timestamp": 1765583824353}, {"id": "706698760", "price": 2.0072, "amount": 20899.9, "side": "buy", "timestamp": 1765583825018}, {"id": "706698761", "price": 2.0073, "amount": 14807.6, "side": "buy", "timestamp": 1765583825022}, {"id": "706698762", "price": 2.0072, "amount": 1271.9, "side": "sell", "timestamp": 1765583825128}, {"id": "706698763", "price": 2.0072, "amount": 3.3, "side": "buy", "timestamp": 1765583825253}, {"id": "706698764", "price": 2.0072, "amount": 7217.8, "side": "buy", "timestamp": 1765583825374}, {"id": "706698765", "price": 2.0072, "amount": 2.6, "side": "buy", "timestamp": 1765583825521}, {"id": "706698766", "price": 2.0072, "amount": 7.5, "side": "buy", "timestamp": 1765583826378}, {"id": "706698767", "price": 2.0072, "amount": 0.1, "side": "buy", "timestamp": 1765583826893}, {"id": "706698768", "price": 2.0072, "amount": 2.5, "side": "buy", "timestamp": 1765583827168}, {"id": "706698769", "price": 2.0071, "amount": 15.0, "side": "sell", "timestamp": 1765583827217}, {"id": "706698770", "price": 2.0072, "amount": 3.0, "side": "buy", "timestamp": 1765583827587}, {"id": "706698771", "price": 2.0072, "amount": 9.0, "side": "buy", "timestamp": 1765583828473}, {"id": "706698772", "price": 2.0071, "amount": 3539.6, "side": "sell", "timestamp": 1765583828600}, {"id": "706698862", "price": 2.0071, "amount": 7209.9, "side": "buy", "timestamp": 1765583856563}, {"id": "706698863", "price": 2.007, "amount": 10.4, "side": "sell", "timestamp": 1765583856565}, {"id": "706698864", "price": 2.0071, "amount": 10.8, "side": "buy", "timestamp": 1765583856682}, {"id": "706698865", "price": 2.007, "amount": 209.3, "side": "sell", "timestamp": 1765583856896}, {"id": "706698866", "price": 2.007, "amount": 1.1, "side": "buy", "timestamp": 1765583857917}, {"id": "706698867", "price": 2.007, "amount": 3.8, "side": "buy", "timestamp": 1765583858713}, {"id": "706698868", "price": 2.0069, "amount": 439.0, "side": "sell", "timestamp": 1765583859236}, {"id": "706698869", "price": 2.007, "amount": 3.4, "side": "buy", "timestamp": 1765583859657}, {"id": "706698870", "price": 2.007, "amount": 0.1, "side": "buy", "timestamp": 1765583860445}, {"id": "706698871", "price": 2.007, "amount": 0.1, "side": "buy", "timestamp": 1765583862578}, {"id": "706698872", "price": 2.007, "amount": 2.0, "side": "buy", "timestamp": 1765583862987}, {"id": "706698873", "price": 2.007, "amount": 3.5, "side": "buy", "timestamp": 1765583863751}, {"id": "706698874", "price": 2.0069, "amount": 200.9, "side": "sell", "timestamp": 1765583864249}, {"id": "706698875", "price": 2.007, "amount": 0.1, "side": "buy", "timestamp": 1765583864985}, {"id": "706698876", "price": 2.007, "amount": 2.2, "side": "buy", "timestamp": 1765583865814}, {"id": "706698877", "price": 2.007, "amount": 24.9, "side": "buy", "timestamp": 1765583866299}, {"id": "706698878", "price": 2.007, "amount": 6.5, "side": "buy", "timestamp": 1765583866578}, {"id": "706698879", "price": 2.007, "amount": 0.1, "side": "buy", "timestamp": 1765583867216}, {"id": "706698880", "price": 2.007, "amount": 3.4, "side": "buy", "timestamp": 1765583867677}, {"id": "706698881", "price": 2.0069, "amount": 82.3, "side": "sell", "timestamp": 1765583868635}, {"id": "706698882", "price": 2.0069, "amount": 29.6, "side": "sell", "timestamp": 1765583868925}, {"id": "706698883", "price": 2.007, "amount": 0.1, "side": "buy", "timestamp": 1765583869372}, {"id": "706698884", "price": 2.0069, "amount": 82.6, "side": "sell", "timestamp": 1765583869632}, {"id": "706698885", "price": 2.007, "amount": 76.8, "side": "buy", "timestamp": 1765583870326}, {"id": "706698886", "price": 2.0069, "amount": 25073.3, "side": "sell", "timestamp": 1765583870482}, {"id": "706698887", "price": 2.0068, "amount": 7765.7, "side": "sell", "timestamp": 1765583870482}, {"id": "706698888", "price": 2.0068, "amount": 83.0, "side": "sell", "timestamp": 1765583870584}, {"id": "706698889", "price": 2.0068, "amount": 83.4, "side": "sell", "timestamp": 1765583871549}, {"id": "706698890", "price": 2.0069, "amount": 0.1, "side": "buy", "timestamp": 1765583871976}, {"id": "706698891", "price": 2.0068, "amount": 34.3, "side": "sell", "timestamp": 1765583871982}, {"id": "706698892", "price": 2.0069, "amount": 3.0, "side": "buy", "timestamp": 1765583871991}, {"id": "706698893", "price": 2.0069, "amount": 62.1, "side": "buy", "timestamp": 1765583872357}, {"id": "706698894", "price": 2.0068, "amount": 83.8, "side": "sell", "timestamp": 1765583872547}, {"id": "706698895", "price": 2.0069, "amount": 0.1, "side": "buy", "timestamp": 1765583873646}, {"id": "706698896", "price": 2.0068, "amount": 893.0, "side": "sell", "timestamp": 1765583874691}, {"id": "706698897", "price": 2.0069, "amount": 3.5, "side": "buy", "timestamp": 1765583874810}, {"id": "706698898", "price": 2.0069, "amount": 0.1, "side": "buy", "timestamp": 1765583875538}, {"id": "706698899", "price": 2.0068, "amount": 748.3, "side": "sell", "timestamp": 1765583876733}, {"id": "706698900", "price": 2.0069, "amount": 55.6, "side": "buy", "timestamp": 1765583877217}, {"id": "706698901", "price": 2.0069, "amount": 1.7, "side": "buy", "timestamp": 1765583877386}, {"id": "706698902", "price": 2.0069, "amount": 0.1, "side": "buy", "timestamp": 1765583877693}, {"id": "706698903", "price": 2.0069, "amount": 11.9, "side": "buy", "timestamp": 1765583879110}, {"id": "706698904", "price": 2.0068, "amount": 479.6, "side": "sell", "timestamp": 1765583879600}, {"id": "706698905", "price": 2.0069, "amount": 0.1, "side": "buy", "timestamp": 1765583879799}, {"id": "706698906", "price": 2.0068, "amount": 1888.5, "side": "sell", "timestamp": 1765583879992}, {"id": "706698907", "price": 2.0068, "amount": 1779.1, "side": "buy", "timestamp": 1765583880013}, {"id": "706698908", "price": 2.0067, "amount": 15.5, "side": "sell", "timestamp": 1765583880177}, {"id": "706698909", "price": 2.0068, "amount": 28.3, "side": "buy", "timestamp": 1765583880205}, {"id": "706698910", "price": 2.0067, "amount": 1256.0, "side": "sell", "timestamp": 1765583881503}, {"id": "706698911", "price": 2.0068, "amount": 0.1, "side": "buy", "timestamp": 1765583881708}, {"id": "706698962", "price": 2.0065, "amount": 100.0, "side": "buy", "timestamp": 1765583912625}, {"id": "706698963", "price": 2.0065, "amount": 57.6, "side": "buy", "timestamp": 1765583912883}, {"id": "706698964", "price": 2.0065, "amount": 25.2, "side": "buy", "timestamp": 1765583913034}, {"id": "706698965", "price": 2.0064, "amount": 1685.0, "side": "sell", "timestamp": 1765583913355}, {"id": "706698966", "price": 2.0065, "amount": 1.9, "side": "buy", "timestamp": 1765583913506}, {"id": "706698967", "price": 2.0064, "amount": 10.0, "side": "sell", "timestamp": 1765583913677}, {"id": "706698968", "price": 2.0065, "amount": 3.1, "side": "buy", "timestamp": 1765583913806}, {"id": "706698969", "price": 2.0065, "amount": 1.7, "side": "buy", "timestamp": 1765583913944}, {"id": "706698970", "price": 2.0065, "amount": 30.0, "side": "buy", "timestamp": 1765583914255}, {"id": "706698971", "price": 2.0065, "amount": 0.1, "side": "buy", "timestamp": 1765583916360}, {"id": "706698972", "price": 2.0065, "amount": 6.6, "side": "buy", "timestamp": 1765583916879}, {"id": "706698973", "price": 2.0065, "amount": 2.2, "side": "buy", "timestamp": 1765583917048}, {"id": "706698974", "price": 2.0065, "amount": 4.5, "side": "buy", "timestamp": 1765583917444}, {"id": "706698975", "price": 2.0065, "amount": 0.5, "side": "buy", "timestamp": 1765583918473}, {"id": "706698976", "price": 2.0065, "amount": 0.1, "side": "buy", "timestamp": 1765583918704}, {"id": "706698977", "price": 2.0065, "amount": 6.0, "side": "buy", "timestamp": 1765583919401}, {"id": "706698978", "price": 2.0064, "amount": 4961.5, "side": "sell", "timestamp": 1765583919571}, {"id": "706698979", "price": 2.0063, "amount": 104.2, "side": "sell", "timestamp": 1765583919622}, {"id": "706698980", "price": 2.0063, "amount": 2969.3, "side": "sell", "timestamp": 1765583919864}, {"id": "706698981", "price": 2.0062, "amount": 510.3, "side": "sell", "timestamp": 1765583919921}, {"id": "706698982", "price": 2.0061, "amount": 1028.8, "side": "sell", "timestamp": 1765583919957}, {"id": "706698983", "price": 2.0061, "amount": 4.5, "side": "buy", "timestamp": 1765583919960}, {"id": "706698984", "price": 2.006, "amount": 99.6, "side": "sell", "timestamp": 1765583920806}, {"id": "706698985", "price": 2.0061, "amount": 6168.1, "side": "buy", "timestamp": 1765583921510}, {"id": "706698986", "price": 2.0062, "amount": 421.8, "side": "buy", "timestamp": 1765583921513}, {"id": "706698987", "price": 2.0063, "amount": 0.1, "side": "buy", "timestamp": 1765583921961}, {"id": "706698988", "price": 2.0063, "amount": 3.4, "side": "buy", "timestamp": 1765583922544}, {"id": "706698989", "price": 2.0062, "amount": 996.4, "side": "sell", "timestamp": 1765583922649}, {"id": "706698990", "price": 2.0063, "amount": 277.3, "side": "buy", "timestamp": 1765583923032}, {"id": "706698991", "price": 2.0063, "amount": 0.1, "side": "buy", "timestamp": 1765583924155}, {"id": "706698992", "price": 2.0062, "amount": 125.3, "side": "sell", "timestamp": 1765583925535}, {"id": "706698993", "price": 2.0063, "amount": 0.1, "side": "buy", "timestamp": 1765583926049}, {"id": "706698994", "price": 2.0063, "amount": 3.0, "side": "buy", "timestamp": 1765583927259}, {"id": "706698995", "price": 2.0062, "amount": 6.0, "side": "sell", "timestamp": 1765583927727}, {"id": "706698996", "price": 2.0063, "amount": 0.1, "side": "buy", "timestamp": 1765583927763}, {"id": "706698997", "price": 2.0063, "amount": 64.5, "side": "buy", "timestamp": 1765583928450}, {"id": "706698998", "price": 2.0062, "amount": 58.3, "side": "sell", "timestamp": 1765583929113}, {"id": "706698999", "price": 2.0063, "amount": 3.1, "side": "buy", "timestamp": 1765583929387}, {"id": "706699000", "price": 2.0062, "amount": 557.2, "side": "sell", "timestamp": 1765583930024}, {"id": "706699001", "price": 2.0063, "amount": 0.1, "side": "buy", "timestamp": 1765583931696}, {"id": "706699002", "price": 2.0063, "amount": 2.9, "side": "buy", "timestamp": 1765583932308}, {"id": "706699003", "price": 2.0063, "amount": 3.7, "side": "buy", "timestamp": 1765583932697}, {"id": "706699004", "price": 2.0062, "amount": 71.5, "side": "sell", "timestamp": 1765583932733}, {"id": "706699005", "price": 2.0063, "amount": 666.2, "side": "buy", "timestamp": 1765583932949}, {"id": "706699006", "price": 2.0062, "amount": 693.7, "side": "sell", "timestamp": 1765583933032}, {"id": "706699007", "price": 2.0062, "amount": 30.0, "side": "sell", "timestamp": 1765583933541}, {"id": "706699008", "price": 2.0063, "amount": 2.6, "side": "buy", "timestamp": 1765583933586}, {"id": "706699009", "price": 2.0063, "amount": 0.1, "side": "buy", "timestamp": 1765583934502}, {"id": "706699010", "price": 2.0063, "amount": 3.6, "side": "buy", "timestamp": 1765583934662}, {"id": "706699011", "price": 2.0063, "amount": 3.4, "side": "buy", "timestamp": 1765583935385}, {"id": "706699074", "price": 2.0063, "amount": 3.7, "side": "buy", "timestamp": 1765583963578}, {"id": "706699075", "price": 2.0063, "amount": 2.8, "side": "buy", "timestamp": 1765583963715}, {"id": "706699076", "price": 2.0062, "amount": 6.0, "side": "sell", "timestamp": 1765583963738}, {"id": "706699077", "price": 2.0063, "amount": 0.1, "side": "buy", "timestamp": 1765583964547}, {"id": "706699078", "price": 2.0063, "amount": 3.5, "side": "buy", "timestamp": 1765583964759}, {"id": "706699079", "price": 2.0063, "amount": 321.1, "side": "buy", "timestamp": 1765583965066}, {"id": "706699080", "price": 2.0063, "amount": 214.7, "side": "buy", "timestamp": 1765583965939}, {"id": "706699081", "price": 2.0063, "amount": 2.9, "side": "buy", "timestamp": 1765583966177}, {"id": "706699082", "price": 2.0063, "amount": 0.1, "side": "buy", "timestamp": 1765583966417}, {"id": "706699083", "price": 2.0062, "amount": 2.9, "side": "sell", "timestamp": 1765583967532}, {"id": "706699084", "price": 2.0063, "amount": 3.7, "side": "buy", "timestamp": 1765583967874}, {"id": "706699085", "price": 2.0063, "amount": 6.5, "side": "buy", "timestamp": 1765583968611}, {"id": "706699086", "price": 2.0062, "amount": 2316.4, "side": "sell", "timestamp": 1765583968683}, {"id": "706699087", "price": 2.0061, "amount": 238.7, "side": "sell", "timestamp": 1765583968683}, {"id": "706699088", "price": 2.006, "amount": 1200.0, "side": "sell", "timestamp": 1765583968753}, {"id": "706699089", "price": 2.0061, "amount": 0.1, "side": "buy", "timestamp": 1765583968958}, {"id": "706699090", "price": 2.006, "amount": 656.7, "side": "sell", "timestamp": 1765583970425}, {"id": "706699091", "price": 2.0061, "amount": 49.8, "side": "buy", "timestamp": 1765583971093}, {"id": "706699092", "price": 2.0061, "amount": 0.1, "side": "buy", "timestamp": 1765583972375}, {"id": "706699093", "price": 2.0061, "amount": 100.0, "side": "buy", "timestamp": 1765583973393}, {"id": "706699094", "price": 2.0061, "amount": 86.8, "side": "buy", "timestamp": 1765583973727}, {"id": "706699095", "price": 2.0061, "amount": 3.4, "side": "buy", "timestamp": 1765583974498}, {"id": "706699096", "price": 2.006, "amount": 1200.0, "side": "sell", "timestamp": 1765583974844}, {"id": "706699097", "price": 2.0061, "amount": 24.2, "side": "buy", "timestamp": 1765583975012}, {"id": "706699098", "price": 2.0061, "amount": 0.1, "side": "buy", "timestamp": 1765583976155}, {"id": "706699099", "price": 2.006, "amount": 10.0, "side": "sell", "timestamp": 1765583977489}, {"id": "706699100", "price": 2.0061, "amount": 4.3, "side": "buy", "timestamp": 1765583977585}, {"id": "706699101", "price": 2.006, "amount": 4.9, "side": "sell", "timestamp": 1765583978146}, {"id": "706699102", "price": 2.0061, "amount": 1.1, "side": "buy", "timestamp": 1765583979016}, {"id": "706699103", "price": 2.0061, "amount": 0.1, "side": "buy", "timestamp": 1765583979242}, {"id": "706699104", "price": 2.0061, "amount": 6.5, "side": "buy", "timestamp": 1765583979873}, {"id": "706699105", "price": 2.0061, "amount": 3.5, "side": "buy", "timestamp": 1765583980837}, {"id": "706699106", "price": 2.0061, "amount": 75.0, "side": "buy", "timestamp": 1765583981434}, {"id": "706699107", "price": 2.0061, "amount": 0.1, "side": "buy", "timestamp": 1765583981904}, {"id": "706699108", "price": 2.0061, "amount": 1.4, "side": "buy", "timestamp": 1765583983794}, {"id": "706699109", "price": 2.0061, "amount": 2000.7, "side": "buy", "timestamp": 1765583984341}, {"id": "706699110", "price": 2.0061, "amount": 2665.6, "side": "buy", "timestamp": 1765583984525}, {"id": "706699111", "price": 2.0061, "amount": 2000.8, "side": "buy", "timestamp": 1765583984679}, {"id": "706699112", "price": 2.0061, "amount": 666.5, "side": "buy", "timestamp": 1765583984798}, {"id": "706699113", "price": 2.0061, "amount": 3.7, "side": "buy", "timestamp": 1765583985655}, {"id": "706699114", "price": 2.006, "amount": 16.1, "side": "sell", "timestamp": 1765583986417}, {"id": "706699115", "price": 2.0061, "amount": 2.2, "side": "buy", "timestamp": 1765583986612}, {"id": "706699116", "price": 2.0061, "amount": 88.9, "side": "buy", "timestamp": 1765583987041}, {"id": "706699117", "price": 2.006, "amount": 173.3, "side": "sell", "timestamp": 1765583987041}, {"id": "706699118", "price": 2.0061, "amount": 455.3, "side": "buy", "timestamp": 1765583987041}, {"id": "706699119", "price": 2.0062, "amount": 1927.5, "side": "buy", "timestamp": 1765583987041}, {"id": "706699120", "price": 2.0063, "amount": 32.3, "side": "buy", "timestamp": 1765583987062}, {"id": "706699121", "price": 2.0063, "amount": 2.8, "side": "buy", "timestamp": 1765583987658}, {"id": "706699122", "price": 2.0063, "amount": 3.4, "side": "buy", "timestamp": 1765583988733}, {"id": "706699123", "price": 2.0062, "amount": 45.9, "side": "sell", "timestamp": 1765583989302}]