[{"symbol": "SOLUSDT", "bids": [[124.8, 1032.4], [124.79, 876.57], [124.78, 1173.39], [124.77, 1774.69], [124.76, 1648.74], [124.75, 1196.05], [124.74, 1304.2], [124.73, 1225.36], [124.72, 1379.12], [124.71, 1210.64], [124.7, 1529.5], [124.69, 2947.7], [124.68, 1515.44], [124.67, 3832.88], [124.66, 3212.41], [124.65, 884.55], [124.64, 1386.28], [124.63, 749.01], [124.62, 844.51], [124.61, 1601.11]], "asks": [[124.81, 497.44], [124.82, 902.1], [124.83, 1636.59], [124.84, 1229.82], [124.85, 1950.54], [124.86, 1348.97], [124.87, 1878.73], [124.88, 987.65], [124.89, 1011.82], [124.9, 1552.21], [124.91, 3848.0], [124.92, 1076.61], [124.93, 1247.68], [124.94, 1335.58], [124.95, 1773.32], [124.96, 913.41], [124.97, 820.96], [124.98, 447.73], [124.99, 908.05], [125.0, 1481.26]], "timestamp": "2025-12-19T17:38:13.908212+00:00"}, {"symbol": "SOLUSDT", "bids": [[124.63, 454.11], [124.62, 426.09], [124.61, 824.71], [124.6, 1097.81], [124.59, 1404.93], [124.58, 1454.05], [124.57, 1607.75], [124.56, 1726.19], [124.55, 2880.98], [124.54, 1849.58], [124.53, 1172.75], [124.52, 1369.98], [124.51, 3133.09], [124.5, 1316.68], [124.49, 994.43], [124.48, 728.75], [124.47, 1772.14], [124.46, 1897.3], [124.45, 580.88], [124.44, 1273.66]], "asks": [[124.64, 1179.3], [124.65, 455.97], [124.66, 880.1], [124.67, 1972.23], [124.68, 1608.55], [124.69, 1968.92], [124.7, 1711.25], [124.71, 1104.13], [124.72, 1950.96], [124.73, 1650.41], [124.74, 2790.86], [124.75, 843.22], [124.76, 1414.89], [124.77, 989.67], [124.78, 909.67], [124.79, 1430.35], [124.8, 1375.58], [124.81, 1277.34], [124.82, 770.27], [124.83, 492.73]], "timestamp": "2025-12-19T17:39:06.954959+00:00"}, {"symbol": "SOLUSDT", "bids": [[124.66, 1147.74], [124.65, 512.78], [124.64, 540.74], [124.63, 935.04], [124.62, 1168.27], [124.61, 1495.28], [124.6, 2119.18], [124.59, 2813.89], [124.58, 1441.86], [124.57, 1411.75], [124.56, 1733.97], [124.55, 2741.67], [124.54, 1140.89], [124.53, 1080.12], [124.52, 785.08], [124.51, 1066.75], [124.5, 1840.58], [124.49, 1099.86], [124.48, 802.55], [124.47, 1428.14]], "asks": [[124.67, 376.72], [124.68, 411.2], [124.69, 557.07], [124.7, 1393.6], [124.71, 1426.99], [124.72, 1883.81], [124.73, 1712.4], [124.74, 1104.01], [124.75, 1614.44], [124.76, 3729.81], [124.77, 1094.06], [124.78, 1445.32], [124.79, 1891.3], [124.8, 1165.44], [124.81, 1160.66], [124.82, 830.12], [124.83, 794.08], [124.84, 855.38], [124.85, 1068.71], [124.86, 719.02]], "timestamp": "2025-12-19T17:40:00.203846+00:00"}, {"symbol": "SOLUSDT", "bids": [[124.54, 1483.42], [124.53, 520.39], [124.52, 837.19], [124.51, 634.4], [124.5, 961.61], [124.49, 1332.87], [124.48, 1402.96], [124.47, 1328.85], [124.46, 1506.67], [124.45, 1777.12], [124.44, 1235.69], [124.43, 1664.99], [124.42, 2731.91], [124.41, 1164.08], [124.4, 1563.65], [124.39, 3200.37], [124.38, 1693.87], [124.37, 742.37], [124.36, 1056.08], [124.35, 749.94]], "asks": [[124.55, 2117.06], [124.56, 372.53], [124.57, 754.43], [124.58, 1200.95], [124.59, 976.98], [124.6, 1411.93], [124.61, 1874.08], [124.62, 946.57], [124.63, 1237.16], [124.64, 3214.91], [124.65, 1219.32], [124.66, 1701.2], [124.67, 1586.51], [124.68, 1910.45], [124.69, 600.32], [124.7, 1146.3], [124.71, 1158.66], [124.72, 1250.92], [124.73, 837.96], [124.74, 1120.36]], "timestamp": "2025-12-19T17:40:53.408789+00:00"}, {"symbol": "SOLUSDT", "bids": [[124.38, 639.56], [124.37, 422.55], [124.36, 895.23], [124.35, 470.1], [124.34, 1109.14], [124.33, 1162.7], [124.32, 1250.78], [124.31, 1049.88], [124.3, 1521.1], [124.29, 1214.07], [124.28, 1338.64], [124.27, 2661.76], [124.26, 1138.36], [124.25, 1624.53], [124.24, 881.23], [124.23, 1720.3], [124.22, 2385.5], [124.21, 1409.24], [124.2, 1833.37], [124.19, 866.24]], "asks": [[124.39, 1294.96], [124.4, 868.09], [124.41, 779.01], [124.42, 1089.77], [124.43, 1730.58], [124.44, 3040.95], [124.45, 1415.54], [124.46, 823.19], [124.47, 985.31], [124.48, 1768.61], [124.49, 3172.94], [124.5, 700.71], [124.51, 850.14], [124.52, 951.81], [124.53, 1160.56], [124.54, 1618.3], [124.55, 1425.47], [124.56, 1231.68], [124.57, 2227.43], [124.58, 1774.56]], "timestamp": "2025-12-19T17:41:45.865276+00:00"}, {"symbol": "SOLUSDT", "bids": [[124.54, 630.53], [124.53, 841.36], [124.52, 720.36], [124.51, 958.2], [124.5, 1779.26], [124.49, 1403.55], [124.48, 1604.33], [124.47, 1522.69], [124.46, 1908.21], [124.45, 1237.83], [124.44, 1386.82], [124.43, 2341.79], [124.42, 898.19], [124.41, 1105.37], [124.4, 1459.83], [124.39, 978.68], [124.38, 1408.89], [124.37, 686.76], [124.36, 1355.42], [124.35, 3474.83]], "asks": [[124.55, 547.25], [124.56, 1277.44], [124.57, 783.27], [124.58, 1195.43], [124.59, 1156.03], [124.6, 2241.47], [124.61, 863.43], [124.62, 1081.27], [124.63, 1467.61], [124.64, 777.67], [124.65, 2755.77], [124.66, 902.28], [124.67, 638.98], [124.68, 1329.31], [124.69, 1570.31], [124.7, 2412.57], [124.71, 1995.02], [124.72, 1410.26], [124.73, 1706.43], [124.74, 953.16]], "timestamp": "2025-12-19T17:42:38.718844+00:00"}, {"symbol": "SOLUSDT", "bids": [[124.56, 1108.98], [124.55, 331.31], [124.54, 620.98], [124.53, 927.48], [124.52, 1134.91], [124.51, 1131.09], [124.5, 1113.15], [124.49, 1055.1], [124.48, 1433.78], [124.47, 1316.81], [124.46, 3011.84], [124.45, 1332.83], [124.44, 954.1], [124.43, 697.57], [124.42, 860.79], [124.41, 1795.84], [124.4, 2870.58], [124.39, 1110.37], [124.38, 981.84], [124.37, 758.76]], "asks": [[124.57, 427.08], [124.58, 380.4], [124.59, 1459.18], [124.6, 1419.15], [124.61, 1665.37], [124.62, 2814.99], [124.63, 1701.47], [124.64, 1014.66], [124.65, 1637.8], [124.66, 2107.93], [124.67, 2881.77], [124.68, 1314.84], [124.69, 1195.74], [124.7, 1080.27], [124.71, 794.27], [124.72, 954.83], [124.73, 578.22], [124.74, 1330.29], [124.75, 1040.83], [124.76, 2515.43]], "timestamp": "2025-12-19T17:43:31.557898+00:00"}, {"symbol": "SOLUSDT", "bids": [[124.58, 900.03], [124.57, 633.06], [124.56, 709.01], [124.55, 720.15], [124.54, 1367.78], [124.53, 757.0], [124.52, 1249.49], [124.51, 1237.07], [124.5, 1352.32], [124.49, 1342.83], [124.48, 1684.83], [124.47, 3087.17], [124.46, 1315.9], [124.45, 2550.64], [124.44, 1216.51], [124.43, 1121.92], [124.42, 744.68], [124.41, 1356.89], [124.4, 867.85], [124.39, 947.74]], "asks": [[124.59, 188.42], [124.6, 536.47], [124.61, 1077.17], [124.62, 1855.64], [124.63, 1961.65], [124.64, 2040.71], [124.65, 2640.79], [124.66, 1472.21], [124.67, 1511.21], [124.68, 3957.25], [124.69, 1284.76], [124.7, 846.97], [124.71, 885.82], [124.72, 1319.51], [124.73, 995.36], [124.74, 1441.44], [124.75, 1084.54], [124.76, 839.17], [124.77, 1149.52], [124.78, 1884.45]], "timestamp": "2025-12-19T17:44:24.297120+00:00"}, {"symbol": "SOLUSDT", "bids": [[124.31, 762.19], [124.3, 570.96], [124.29, 1040.98], [124.28, 760.22], [124.27, 750.42], [124.26, 650.81], [124.25, 921.09], [124.24, 843.12], [124.23, 928.93], [124.22, 1544.22], [124.21, 2764.87], [124.2, 1411.01], [124.19, 965.87], [124.18, 1207.52], [124.17, 1426.08], [124.16, 1180.03], [124.15, 2472.24], [124.14, 559.17], [124.13, 1023.73], [124.12, 1053.13]], "asks": [[124.32, 566.44], [124.33, 550.74], [124.34, 1399.63], [124.35, 1274.28], [124.36, 1972.87], [124.37, 1487.09], [124.38, 1794.13], [124.39, 1030.65], [124.4, 1690.53], [124.41, 3906.65], [124.42, 1114.46], [124.43, 985.46], [124.44, 1137.59], [124.45, 1054.22], [124.46, 923.8], [124.47, 921.67], [124.48, 1981.68], [124.49, 1031.54], [124.5, 1313.84], [124.51, 1795.98]], "timestamp": "2025-12-19T17:45:17.031345+00:00"}, {"symbol": "SOLUSDT", "bids": [[124.15, 921.35], [124.14, 847.44], [124.13, 1047.31], [124.12, 909.65], [124.11, 1108.81], [124.1, 1098.07], [124.09, 845.05], [124.08, 1005.92], [124.07, 1151.62], [124.06, 1158.47], [124.05, 1634.29], [124.04, 5940.64], [124.03, 1536.62], [124.02, 1860.58], [124.01, 8100.08], [124.0, 6256.2], [123.99, 1534.96], [123.98, 943.77], [123.97, 1400.49], [123.96, 1292.87]], "asks": [[124.16, 507.52], [124.17, 853.63], [124.18, 2516.47], [124.19, 2025.1], [124.2, 1231.34], [124.21, 2232.38], [124.22, 1433.67], [124.23, 1335.47], [124.24, 2016.52], [124.25, 2950.13], [124.26, 998.13], [124.27, 690.32], [124.28, 760.23], [124.29, 1145.3], [124.3, 1201.72], [124.31, 1542.41], [124.32, 2077.3], [124.33, 840.72], [124.34, 1328.23], [124.35, 2850.22]], "timestamp": "2025-12-19T17:46:10.303306+00:00"}, {"symbol": "SOLUSDT", "bids": [[123.71, 1035.75], [123.7, 852.94], [123.69, 467.44], [123.68, 551.34], [123.67, 824.49], [123.66, 1000.42], [123.65, 1113.38], [123.64, 1145.72], [123.63, 1561.07], [123.62, 1074.06], [123.61, 1533.37], [123.6, 2757.23], [123.59, 3415.66], [123.58, 2070.04], [123.57, 2161.13], [123.56, 803.51], [123.55, 1297.18], [123.54, 1151.51], [123.53, 696.64], [123.52, 893.63]], "asks": [[123.72, 91.22], [123.73, 173.69], [123.74, 426.09], [123.75, 741.36], [123.76, 1449.93], [123.77, 1454.81], [123.78, 1474.61], [123.79, 1120.61], [123.8, 1485.86], [123.81, 1569.17], [123.82, 1538.5], [123.83, 4198.49], [123.84, 1418.55], [123.85, 1437.21], [123.86, 1140.92], [123.87, 787.3], [123.88, 1106.94], [123.89, 1144.87], [123.9, 1019.54], [123.91, 558.07]], "timestamp": "2025-12-19T17:47:03.325644+00:00"}, {"symbol": "SOLUSDT", "bids": [[124.03, 644.93], [124.02, 463.63], [124.01, 2268.22], [124.0, 2552.27], [123.99, 1765.73], [123.98, 1846.95], [123.97, 703.88], [123.96, 1215.85], [123.95, 1215.18], [123.94, 1283.73], [123.93, 1169.86], [123.92, 863.62], [123.91, 971.52], [123.9, 884.71], [123.89, 558.62], [123.88, 905.33], [123.87, 777.35], [123.86, 1594.68], [123.85, 598.76], [123.84, 676.77]], "asks": [[124.04, 57.36], [124.05, 235.2], [124.06, 126.66], [124.07, 301.73], [124.08, 683.41], [124.09, 592.27], [124.1, 1007.99], [124.11, 449.27], [124.12, 1038.46], [124.13, 618.27], [124.14, 613.77], [124.15, 583.03], [124.16, 1389.45], [124.17, 484.45], [124.18, 467.76], [124.19, 1145.36], [124.2, 1148.89], [124.21, 935.71], [124.22, 1246.75], [124.23, 736.63]], "timestamp": "2025-12-19T17:47:56.677247+00:00"}, {"symbol": "SOLUSDT", "bids": [[124.17, 1024.71], [124.16, 553.66], [124.15, 1063.2], [124.14, 723.33], [124.13, 772.13], [124.12, 1576.91], [124.11, 881.09], [124.1, 1097.13], [124.09, 1281.23], [124.08, 1055.35], [124.07, 1262.78], [124.06, 2447.23], [124.05, 1243.0], [124.04, 795.97], [124.03, 787.65], [124.02, 1056.69], [124.01, 616.85], [124.0, 1481.55], [123.99, 831.82], [123.98, 1227.68]], "asks": [[124.18, 726.97], [124.19, 1179.24], [124.2, 1255.85], [124.21, 1228.47], [124.22, 2313.92], [124.23, 2374.88], [124.24, 950.36], [124.25, 1210.67], [124.26, 1402.77], [124.27, 1242.64], [124.28, 2912.9], [124.29, 919.18], [124.3, 1018.39], [124.31, 2779.39], [124.32, 782.69], [124.33, 389.57], [124.34, 524.48], [124.35, 968.75], [124.36, 1722.4], [124.37, 1069.12]], "timestamp": "2025-12-19T17:48:50.231764+00:00"}, {"symbol": "SOLUSDT", "bids": [[124.47, 507.06], [124.46, 918.89], [124.45, 1446.62], [124.44, 2303.47], [124.43, 1730.37], [124.42, 1142.86], [124.41, 899.44], [124.4, 1514.8], [124.39, 944.61], [124.38, 1091.55], [124.37, 2144.56], [124.36, 3295.76], [124.35, 980.32], [124.34, 595.11], [124.33, 1144.87], [124.32, 920.14], [124.31, 966.59], [124.3, 1520.46], [124.29, 3333.5], [124.28, 949.79]], "asks": [[124.48, 708.6], [124.49, 994.13], [124.5, 801.79], [124.51, 1485.9], [124.52, 1831.15], [124.53, 1091.62], [124.54, 1246.98], [124.55, 1201.98], [124.56, 1055.19], [124.57, 1287.91], [124.58, 822.86], [124.59, 2687.58], [124.6, 895.06], [124.61, 728.84], [124.62, 838.83], [124.63, 1146.92], [124.64, 2448.5], [124.65, 7161.46], [124.66, 1593.33], [124.67, 709.66]], "timestamp": "2025-12-19T17:49:43.173443+00:00"}, {"symbol": "SOLUSDT", "bids": [[124.44, 1834.97], [124.43, 379.17], [124.42, 925.94], [124.41, 1046.1], [124.4, 1468.25], [124.39, 1433.14], [124.38, 821.27], [124.37, 783.94], [124.36, 897.08], [124.35, 983.32], [124.34, 1191.75], [124.33, 1062.67], [124.32, 3030.97], [124.31, 1840.22], [124.3, 2643.7], [124.29, 1138.26], [124.28, 731.4], [124.27, 824.59], [124.26, 768.03], [124.25, 1022.27]], "asks": [[124.45, 1396.5], [124.46, 1602.37], [124.47, 899.02], [124.48, 1000.31], [124.49, 2482.72], [124.5, 1517.17], [124.51, 1397.25], [124.52, 944.65], [124.53, 1252.13], [124.54, 2830.03], [124.55, 1505.25], [124.56, 1405.96], [124.57, 1266.5], [124.58, 1029.29], [124.59, 1608.08], [124.6, 6323.95], [124.61, 996.28], [124.62, 534.3], [124.63, 860.82], [124.64, 2079.29]], "timestamp": "2025-12-19T17:50:36.217846+00:00"}, {"symbol": "SOLUSDT", "bids": [[124.63, 0.42], [124.62, 324.48], [124.61, 859.67], [124.6, 751.87], [124.59, 1674.78], [124.58, 1324.06], [124.57, 1295.82], [124.56, 818.11], [124.55, 868.3], [124.54, 949.7], [124.53, 917.55], [124.52, 1485.81], [124.51, 2870.24], [124.5, 830.25], [124.49, 2251.95], [124.48, 1275.96], [124.47, 1250.09], [124.46, 1328.75], [124.45, 1047.7], [124.44, 676.51]], "asks": [[124.64, 1491.78], [124.65, 1291.02], [124.66, 1665.42], [124.67, 1439.42], [124.68, 1771.89], [124.69, 1013.97], [124.7, 1497.34], [124.71, 1043.94], [124.72, 1344.55], [124.73, 2705.58], [124.74, 1034.97], [124.75, 1093.89], [124.76, 1122.21], [124.77, 846.53], [124.78, 873.47], [124.79, 795.92], [124.8, 852.89], [124.81, 1207.2], [124.82, 1556.7], [124.83, 2187.73]], "timestamp": "2025-12-19T17:51:29.466387+00:00"}, {"symbol": "SOLUSDT", "bids": [[124.53, 707.37], [124.52, 706.48], [124.51, 995.4], [124.5, 623.75], [124.49, 955.49], [124.48, 1365.56], [124.47, 690.48], [124.46, 1100.14], [124.45, 1090.01], [124.44, 1131.62], [124.43, 1434.6], [124.42, 2553.15], [124.41, 875.61], [124.4, 1699.12], [124.39, 1099.17], [124.38, 2354.49], [124.37, 492.02], [124.36, 1075.97], [124.35, 1832.69], [124.34, 1404.17]], "asks": [[124.54, 287.17], [124.55, 509.42], [124.56, 439.3], [124.57, 879.49], [124.58, 1658.77], [124.59, 1372.74], [124.6, 1013.57], [124.61, 1204.49], [124.62, 1488.92], [124.63, 2905.79], [124.64, 1233.5], [124.65, 668.72], [124.66, 577.06], [124.67, 1189.84], [124.68, 1084.54], [124.69, 1381.58], [124.7, 1334.24], [124.71, 1371.28], [124.72, 1774.62], [124.73, 758.99]], "timestamp": "2025-12-19T17:52:22.817801+00:00"}, {"symbol": "SOLUSDT", "bids": [[124.36, 1429.03], [124.35, 617.42], [124.34, 1263.8], [124.33, 1389.83], [124.32, 1849.19], [124.31, 1120.64], [124.3, 788.13], [124.29, 1059.31], [124.28, 1183.67], [124.27, 1352.51], [124.26, 1094.95], [124.25, 1327.45], [124.24, 2559.18], [124.23, 1029.68], [124.22, 1552.23], [124.21, 1032.16], [124.2, 1159.8], [124.19, 1176.83], [124.18, 3557.41], [124.17, 1230.36]], "asks": [[124.37, 426.7], [124.38, 565.69], [124.39, 1236.3], [124.4, 1929.72], [124.41, 1313.5], [124.42, 1025.23], [124.43, 963.81], [124.44, 886.99], [124.45, 1233.92], [124.46, 1197.79], [124.47, 1242.38], [124.48, 648.57], [124.49, 1010.62], [124.5, 1301.8], [124.51, 613.71], [124.52, 705.84], [124.53, 1023.06], [124.54, 2442.01], [124.55, 1640.46], [124.56, 765.01]], "timestamp": "2025-12-19T17:53:16.183088+00:00"}, {"symbol": "SOLUSDT", "bids": [[124.43, 653.67], [124.42, 828.71], [124.41, 940.78], [124.4, 826.54], [124.39, 2181.47], [124.38, 1514.02], [124.37, 1086.38], [124.36, 1527.92], [124.35, 1694.04], [124.34, 1122.35], [124.33, 945.8], [124.32, 1615.95], [124.31, 3053.59], [124.3, 1677.43], [124.29, 1314.85], [124.28, 2818.06], [124.27, 967.7], [124.26, 1349.82], [124.25, 2203.87], [124.24, 756.07]], "asks": [[124.44, 798.12], [124.45, 871.35], [124.46, 617.27], [124.47, 587.33], [124.48, 1538.4], [124.49, 1024.38], [124.5, 862.73], [124.51, 929.73], [124.52, 1245.65], [124.53, 780.49], [124.54, 1258.37], [124.55, 954.28], [124.56, 1067.44], [124.57, 1156.17], [124.58, 960.89], [124.59, 1168.54], [124.6, 2839.78], [124.61, 2457.72], [124.62, 955.18], [124.63, 1406.89]], "timestamp": "2025-12-19T17:54:09.929654+00:00"}, {"symbol": "SOLUSDT", "bids": [[124.42, 1520.41], [124.41, 1631.75], [124.4, 1477.61], [124.39, 591.17], [124.38, 1473.62], [124.37, 1452.64], [124.36, 1523.36], [124.35, 1034.13], [124.34, 894.07], [124.33, 1532.6], [124.32, 1092.77], [124.31, 1020.14], [124.3, 1198.69], [124.29, 2672.5], [124.28, 1074.21], [124.27, 1328.09], [124.26, 510.07], [124.25, 1176.99], [124.24, 655.1], [124.23, 1096.31]], "asks": [[124.43, 8.36], [124.44, 100.07], [124.45, 540.12], [124.46, 672.58], [124.47, 1258.77], [124.48, 1259.66], [124.49, 1111.79], [124.5, 1017.6], [124.51, 1400.84], [124.52, 879.1], [124.53, 968.29], [124.54, 1088.72], [124.55, 1323.66], [124.56, 1045.19], [124.57, 1559.42], [124.58, 1948.49], [124.59, 1076.64], [124.6, 2376.35], [124.61, 1264.89], [124.62, 1084.88]], "timestamp": "2025-12-19T17:55:03.383451+00:00"}, {"symbol": "SOLUSDT", "bids": [[124.22, 2396.13], [124.21, 718.55], [124.2, 1268.98], [124.19, 760.65], [124.18, 1502.98], [124.17, 976.45], [124.16, 1041.03], [124.15, 950.27], [124.14, 1340.84], [124.13, 1569.21], [124.12, 1359.38], [124.11, 3024.01], [124.1, 1270.51], [124.09, 1234.47], [124.08, 1368.35], [124.07, 2235.7], [124.06, 1165.59], [124.05, 844.65], [124.04, 1184.55], [124.03, 827.94]], "asks": [[124.23, 203.13], [124.24, 226.27], [124.25, 601.56], [124.26, 1013.18], [124.27, 1492.78], [124.28, 1653.37], [124.29, 1541.79], [124.3, 912.83], [124.31, 813.4], [124.32, 875.05], [124.33, 823.57], [124.34, 677.12], [124.35, 748.61], [124.36, 881.2], [124.37, 1475.12], [124.38, 1242.52], [124.39, 701.01], [124.4, 2640.57], [124.41, 2384.1], [124.42, 1551.22]], "timestamp": "2025-12-19T17:55:56.630903+00:00"}, {"symbol": "SOLUSDT", "bids": [[124.31, 949.48], [124.3, 745.15], [124.29, 951.4], [124.28, 1090.42], [124.27, 1588.25], [124.26, 1164.39], [124.25, 1274.82], [124.24, 1532.15], [124.23, 1462.01], [124.22, 1432.13], [124.21, 1956.45], [124.2, 3844.61], [124.19, 1106.16], [124.18, 1216.51], [124.17, 1352.18], [124.16, 2502.63], [124.15, 974.51], [124.14, 1133.34], [124.13, 1334.24], [124.12, 961.2]], "asks": [[124.32, 490.23], [124.33, 434.74], [124.34, 624.11], [124.35, 881.43], [124.36, 1442.56], [124.37, 1377.94], [124.38, 1001.77], [124.39, 719.48], [124.4, 1349.39], [124.41, 1175.66], [124.42, 747.03], [124.43, 839.92], [124.44, 1028.95], [124.45, 803.97], [124.46, 1104.29], [124.47, 1027.39], [124.48, 1330.98], [124.49, 3684.42], [124.5, 1821.3], [124.51, 1491.8]], "timestamp": "2025-12-19T17:56:49.367688+00:00"}, {"symbol": "SOLUSDT", "bids": [[124.31, 261.36], [124.3, 644.12], [124.29, 1225.94], [124.28, 1279.21], [124.27, 1417.14], [124.26, 1276.22], [124.25, 1060.9], [124.24, 1543.91], [124.23, 1669.42], [124.22, 1506.63], [124.21, 1793.56], [124.2, 2936.67], [124.19, 2930.2], [124.18, 876.17], [124.17, 762.54], [124.16, 1328.9], [124.15, 1111.05], [124.14, 2129.22], [124.13, 1213.55], [124.12, 1170.89]], "asks": [[124.32, 836.5], [124.33, 369.54], [124.34, 1019.27], [124.35, 939.82], [124.36, 1653.4], [124.37, 1773.76], [124.38, 1438.71], [124.39, 815.04], [124.4, 1304.47], [124.41, 1177.97], [124.42, 969.17], [124.43, 1156.91], [124.44, 1163.78], [124.45, 960.86], [124.46, 984.55], [124.47, 1332.0], [124.48, 981.68], [124.49, 2566.88], [124.5, 2844.46], [124.51, 1369.99]], "timestamp": "2025-12-19T17:57:42.616623+00:00"}, {"symbol": "SOLUSDT", "bids": [[124.19, 688.7], [124.18, 1418.34], [124.17, 836.85], [124.16, 1456.47], [124.15, 1393.45], [124.14, 857.69], [124.13, 1087.04], [124.12, 1129.54], [124.11, 1470.68], [124.1, 1662.04], [124.09, 1246.64], [124.08, 1927.99], [124.07, 3267.05], [124.06, 1542.18], [124.05, 2511.02], [124.04, 1384.89], [124.03, 785.21], [124.02, 1209.95], [124.01, 1345.57], [124.0, 1214.26]], "asks": [[124.2, 743.77], [124.21, 520.93], [124.22, 527.94], [124.23, 1048.82], [124.24, 1115.65], [124.25, 1397.26], [124.26, 984.93], [124.27, 530.61], [124.28, 841.03], [124.29, 756.73], [124.3, 769.16], [124.31, 999.13], [124.32, 1270.01], [124.33, 1300.05], [124.34, 1119.02], [124.35, 1071.02], [124.36, 1486.31], [124.37, 3398.35], [124.38, 1679.7], [124.39, 990.24]], "timestamp": "2025-12-19T17:58:35.558183+00:00"}, {"symbol": "SOLUSDT", "bids": [[123.91, 1247.26], [123.9, 1169.83], [123.89, 1938.07], [123.88, 1397.9], [123.87, 2188.68], [123.86, 2176.27], [123.85, 3571.55], [123.84, 1148.78], [123.83, 1918.92], [123.82, 965.89], [123.81, 1538.02], [123.8, 3469.5], [123.79, 1194.46], [123.78, 666.37], [123.77, 1043.71], [123.76, 727.02], [123.75, 1555.93], [123.74, 1715.56], [123.73, 2426.06], [123.72, 1196.92]], "asks": [[123.92, 335.51], [123.93, 130.19], [123.94, 1112.25], [123.95, 1377.82], [123.96, 1449.42], [123.97, 1550.19], [123.98, 985.66], [123.99, 925.23], [124.0, 1387.27], [124.01, 876.02], [124.02, 882.33], [124.03, 1163.65], [124.04, 1263.41], [124.05, 1171.13], [124.06, 1018.95], [124.07, 1149.31], [124.08, 1386.5], [124.09, 3504.68], [124.1, 2286.4], [124.11, 1584.34]], "timestamp": "2025-12-19T17:59:28.500396+00:00"}, {"symbol": "SOLUSDT", "bids": [[123.81, 572.62], [123.8, 930.75], [123.79, 971.79], [123.78, 1400.03], [123.77, 1174.37], [123.76, 1568.91], [123.75, 754.37], [123.74, 820.55], [123.73, 960.4], [123.72, 1161.97], [123.71, 2667.97], [123.7, 1781.28], [123.69, 1043.84], [123.68, 707.46], [123.67, 946.62], [123.66, 919.66], [123.65, 832.09], [123.64, 1219.68], [123.63, 2452.01], [123.62, 1084.08]], "asks": [[123.82, 1037.11], [123.83, 545.81], [123.84, 886.28], [123.85, 993.26], [123.86, 1387.48], [123.87, 2271.06], [123.88, 3626.4], [123.89, 983.9], [123.9, 1025.45], [123.91, 1198.62], [123.92, 1084.36], [123.93, 629.83], [123.94, 652.95], [123.95, 965.58], [123.96, 1019.51], [123.97, 715.69], [123.98, 1103.54], [123.99, 2298.43], [124.0, 803.62], [124.01, 1061.25]], "timestamp": "2025-12-19T18:00:22.260378+00:00"}, {"symbol": "SOLUSDT", "bids": [[123.63, 400.65], [123.62, 1055.5], [123.61, 797.86], [123.6, 1397.96], [123.59, 1463.75], [123.58, 871.93], [123.57, 1849.47], [123.56, 812.22], [123.55, 977.63], [123.54, 1213.07], [123.53, 1177.95], [123.52, 1654.32], [123.51, 3303.06], [123.5, 3769.15], [123.49, 1019.33], [123.48, 1742.66], [123.47, 1049.15], [123.46, 1268.81], [123.45, 1980.25], [123.44, 2519.28]], "asks": [[123.64, 615.16], [123.65, 658.84], [123.66, 684.11], [123.67, 559.78], [123.68, 1159.91], [123.69, 1771.47], [123.7, 1435.79], [123.71, 978.63], [123.72, 907.11], [123.73, 876.14], [123.74, 927.57], [123.75, 792.37], [123.76, 1210.44], [123.77, 1056.97], [123.78, 1337.06], [123.79, 1060.0], [123.8, 1544.79], [123.81, 2448.22], [123.82, 1377.42], [123.83, 1191.6]], "timestamp": "2025-12-19T18:01:15.701987+00:00"}, {"symbol": "SOLUSDT", "bids": [[123.79, 509.84], [123.78, 775.79], [123.77, 1826.32], [123.76, 1162.93], [123.75, 2006.73], [123.74, 1791.26], [123.73, 1171.0], [123.72, 1390.18], [123.71, 1167.16], [123.7, 1813.35], [123.69, 1774.03], [123.68, 1077.89], [123.67, 1340.12], [123.66, 3029.8], [123.65, 2253.28], [123.64, 1130.05], [123.63, 1264.27], [123.62, 926.46], [123.61, 694.44], [123.6, 1382.48]], "asks": [[123.8, 511.27], [123.81, 271.83], [123.82, 701.43], [123.83, 880.75], [123.84, 1588.6], [123.85, 1466.27], [123.86, 851.36], [123.87, 1353.02], [123.88, 884.05], [123.89, 888.52], [123.9, 1169.1], [123.91, 1280.43], [123.92, 1124.0], [123.93, 1114.43], [123.94, 1398.48], [123.95, 992.86], [123.96, 1260.45], [123.97, 2207.97], [123.98, 919.99], [123.99, 2194.48]], "timestamp": "2025-12-19T18:02:08.552966+00:00"}, {"symbol": "SOLUSDT", "bids": [[123.89, 586.25], [123.88, 475.22], [123.87, 1149.99], [123.86, 1132.39], [123.85, 1245.37], [123.84, 1652.58], [123.83, 1735.89], [123.82, 1223.44], [123.81, 1880.53], [123.8, 1352.09], [123.79, 1441.91], [123.78, 1536.24], [123.77, 1783.11], [123.76, 4271.85], [123.75, 1651.5], [123.74, 1377.36], [123.73, 772.74], [123.72, 976.05], [123.71, 802.8], [123.7, 985.34]], "asks": [[123.9, 795.14], [123.91, 583.84], [123.92, 406.25], [123.93, 749.13], [123.94, 956.55], [123.95, 1120.09], [123.96, 1364.9], [123.97, 1225.42], [123.98, 932.68], [123.99, 1340.09], [124.0, 1620.84], [124.01, 823.76], [124.02, 936.42], [124.03, 1183.99], [124.04, 1715.44], [124.05, 2458.41], [124.06, 815.45], [124.07, 2141.79], [124.08, 892.88], [124.09, 1621.0]], "timestamp": "2025-12-19T18:03:01.905455+00:00"}, {"symbol": "SOLUSDT", "bids": [[123.8, 509.59], [123.79, 963.86], [123.78, 1222.38], [123.77, 1586.64], [123.76, 1380.1], [123.75, 988.89], [123.74, 1836.91], [123.73, 766.98], [123.72, 1226.48], [123.71, 1005.77], [123.7, 1278.01], [123.69, 1529.14], [123.68, 2465.61], [123.67, 803.18], [123.66, 1340.84], [123.65, 2803.72], [123.64, 1028.17], [123.63, 958.97], [123.62, 506.63], [123.61, 776.04]], "asks": [[123.81, 512.15], [123.82, 708.69], [123.83, 426.07], [123.84, 735.39], [123.85, 1052.25], [123.86, 1674.03], [123.87, 1352.98], [123.88, 892.95], [123.89, 741.45], [123.9, 836.15], [123.91, 615.3], [123.92, 886.43], [123.93, 927.29], [123.94, 950.68], [123.95, 1359.3], [123.96, 1025.65], [123.97, 1356.97], [123.98, 2360.02], [123.99, 1302.43], [124.0, 1690.58]], "timestamp": "2025-12-19T18:03:55.256035+00:00"}, {"symbol": "SOLUSDT", "bids": [[123.76, 218.52], [123.75, 436.44], [123.74, 1936.22], [123.73, 865.64], [123.72, 1219.22], [123.71, 831.8], [123.7, 1068.59], [123.69, 1316.6], [123.68, 831.81], [123.67, 1174.03], [123.66, 1366.35], [123.65, 2747.46], [123.64, 2830.59], [123.63, 1123.69], [123.62, 612.35], [123.61, 508.08], [123.6, 1300.45], [123.59, 2589.78], [123.58, 846.32], [123.57, 3143.8]], "asks": [[123.77, 802.29], [123.78, 753.08], [123.79, 956.43], [123.8, 699.08], [123.81, 1414.5], [123.82, 1365.82], [123.83, 1180.37], [123.84, 1381.67], [123.85, 1030.41], [123.86, 924.76], [123.87, 1140.26], [123.88, 834.0], [123.89, 624.23], [123.9, 1068.82], [123.91, 1314.52], [123.92, 1106.89], [123.93, 1101.2], [123.94, 2270.64], [123.95, 1261.78], [123.96, 1354.92]], "timestamp": "2025-12-19T18:04:49.120430+00:00"}, {"symbol": "SOLUSDT", "bids": [[123.94, 923.34], [123.93, 810.25], [123.92, 1432.97], [123.91, 1010.7], [123.9, 1402.02], [123.89, 1051.81], [123.88, 1267.52], [123.87, 1615.69], [123.86, 1938.27], [123.85, 2376.97], [123.84, 1043.26], [123.83, 2634.4], [123.82, 696.59], [123.81, 1177.48], [123.8, 2600.05], [123.79, 1292.69], [123.78, 2066.91], [123.77, 919.46], [123.76, 645.34], [123.75, 1078.69]], "asks": [[123.95, 111.25], [123.96, 315.12], [123.97, 709.8], [123.98, 936.87], [123.99, 1456.2], [124.0, 2184.71], [124.01, 1072.05], [124.02, 710.04], [124.03, 1129.62], [124.04, 1004.77], [124.05, 921.45], [124.06, 1367.43], [124.07, 1041.44], [124.08, 1232.51], [124.09, 1294.39], [124.1, 1448.08], [124.11, 1307.27], [124.12, 2648.62], [124.13, 1298.14], [124.14, 2047.07]], "timestamp": "2025-12-19T18:05:42.265766+00:00"}, {"symbol": "SOLUSDT", "bids": [[124.0, 567.71], [123.99, 380.27], [123.98, 820.29], [123.97, 1313.05], [123.96, 1203.31], [123.95, 1134.37], [123.94, 1299.15], [123.93, 1080.34], [123.92, 1158.27], [123.91, 1459.2], [123.9, 1040.11], [123.89, 2700.74], [123.88, 867.63], [123.87, 823.93], [123.86, 1184.02], [123.85, 1557.13], [123.84, 2529.92], [123.83, 1177.96], [123.82, 748.11], [123.81, 1236.85]], "asks": [[124.01, 471.22], [124.02, 450.89], [124.03, 518.62], [124.04, 611.39], [124.05, 1020.48], [124.06, 971.6], [124.07, 855.39], [124.08, 830.36], [124.09, 1136.22], [124.1, 1089.03], [124.11, 980.9], [124.12, 1142.21], [124.13, 1240.44], [124.14, 1003.1], [124.15, 1348.06], [124.16, 1664.3], [124.17, 1374.47], [124.18, 2697.19], [124.19, 1760.55], [124.2, 1327.36]], "timestamp": "2025-12-19T18:06:35.104705+00:00"}, {"symbol": "SOLUSDT", "bids": [[123.98, 1236.68], [123.97, 951.09], [123.96, 514.41], [123.95, 787.76], [123.94, 1630.06], [123.93, 1008.48], [123.92, 1304.96], [123.91, 1347.17], [123.9, 2819.03], [123.89, 1339.11], [123.88, 2381.54], [123.87, 718.37], [123.86, 927.46], [123.85, 730.72], [123.84, 1575.64], [123.83, 584.17], [123.82, 1117.28], [123.81, 1875.04], [123.8, 2276.38], [123.79, 1443.89]], "asks": [[123.99, 496.08], [124.0, 298.71], [124.01, 1350.12], [124.02, 488.29], [124.03, 1190.46], [124.04, 993.84], [124.05, 1510.97], [124.06, 1324.64], [124.07, 1049.1], [124.08, 1059.87], [124.09, 897.52], [124.1, 647.24], [124.11, 619.52], [124.12, 996.05], [124.13, 919.76], [124.14, 1095.3], [124.15, 1336.51], [124.16, 2811.46], [124.17, 1166.76], [124.18, 866.7]], "timestamp": "2025-12-19T18:07:28.251695+00:00"}, {"symbol": "SOLUSDT", "bids": [[123.9, 308.26], [123.89, 991.79], [123.88, 1051.07], [123.87, 660.23], [123.86, 1669.52], [123.85, 842.32], [123.84, 950.75], [123.83, 900.29], [123.82, 1018.61], [123.81, 1454.77], [123.8, 2373.6], [123.79, 1112.73], [123.78, 2792.04], [123.77, 1205.21], [123.76, 1227.61], [123.75, 991.54], [123.74, 1861.26], [123.73, 1896.37], [123.72, 1940.31], [123.71, 600.54]], "asks": [[123.91, 863.97], [123.92, 1143.4], [123.93, 479.84], [123.94, 1037.4], [123.95, 2009.26], [123.96, 1860.61], [123.97, 1203.9], [123.98, 878.2], [123.99, 1043.45], [124.0, 1009.34], [124.01, 695.35], [124.02, 921.91], [124.03, 967.14], [124.04, 1393.82], [124.05, 1042.78], [124.06, 938.89], [124.07, 1187.24], [124.08, 2562.09], [124.09, 1221.9], [124.1, 2191.12]], "timestamp": "2025-12-19T18:08:22.012535+00:00"}, {"symbol": "SOLUSDT", "bids": [[123.93, 940.6], [123.92, 947.94], [123.91, 945.89], [123.9, 1129.49], [123.89, 1080.94], [123.88, 981.75], [123.87, 775.54], [123.86, 952.1], [123.85, 938.21], [123.84, 1309.61], [123.83, 2359.42], [123.82, 1008.7], [123.81, 1075.84], [123.8, 1461.38], [123.79, 931.71], [123.78, 1326.45], [123.77, 3088.58], [123.76, 1954.1], [123.75, 969.47], [123.74, 1363.68]], "asks": [[123.94, 610.34], [123.95, 644.84], [123.96, 1119.34], [123.97, 685.8], [123.98, 1251.84], [123.99, 1678.95], [124.0, 1030.36], [124.01, 910.32], [124.02, 739.45], [124.03, 706.27], [124.04, 1069.36], [124.05, 1027.26], [124.06, 941.81], [124.07, 1434.33], [124.08, 977.53], [124.09, 1002.02], [124.1, 1493.73], [124.11, 4145.51], [124.12, 1407.21], [124.13, 785.11]], "timestamp": "2025-12-19T18:09:15.759281+00:00"}, {"symbol": "SOLUSDT", "bids": [[123.99, 804.57], [123.98, 725.54], [123.97, 1211.16], [123.96, 1085.6], [123.95, 1231.84], [123.94, 1331.54], [123.93, 1288.15], [123.92, 1335.33], [123.91, 1325.76], [123.9, 1101.8], [123.89, 1180.79], [123.88, 2391.17], [123.87, 1086.35], [123.86, 921.83], [123.85, 1089.55], [123.84, 1582.25], [123.83, 2461.35], [123.82, 2172.61], [123.81, 1071.07], [123.8, 808.6]], "asks": [[124.0, 606.63], [124.01, 655.96], [124.02, 831.83], [124.03, 493.52], [124.04, 1431.68], [124.05, 1193.04], [124.06, 1074.09], [124.07, 1412.02], [124.08, 1010.44], [124.09, 952.96], [124.1, 1153.02], [124.11, 1096.73], [124.12, 1081.29], [124.13, 834.73], [124.14, 1252.48], [124.15, 1195.01], [124.16, 1574.35], [124.17, 2110.21], [124.18, 1336.52], [124.19, 2464.67]], "timestamp": "2025-12-19T18:10:09.022041+00:00"}, {"symbol": "SOLUSDT", "bids": [[124.18, 211.85], [124.17, 833.11], [124.16, 1286.78], [124.15, 1604.48], [124.14, 1584.04], [124.13, 1274.44], [124.12, 1193.72], [124.11, 1021.81], [124.1, 1061.22], [124.09, 942.88], [124.08, 1326.25], [124.07, 2936.03], [124.06, 826.81], [124.05, 1216.96], [124.04, 1136.4], [124.03, 1104.8], [124.02, 1405.99], [124.01, 1481.71], [124.0, 3133.99], [123.99, 1913.75]], "asks": [[124.19, 701.22], [124.2, 1054.71], [124.21, 1625.26], [124.22, 739.62], [124.23, 1702.68], [124.24, 2309.92], [124.25, 1413.52], [124.26, 852.45], [124.27, 910.4], [124.28, 1236.67], [124.29, 579.77], [124.3, 866.22], [124.31, 1253.15], [124.32, 1246.32], [124.33, 1258.71], [124.34, 1401.93], [124.35, 940.24], [124.36, 2275.14], [124.37, 690.07], [124.38, 1552.83]], "timestamp": "2025-12-19T18:11:02.167971+00:00"}, {"symbol": "SOLUSDT", "bids": [[123.95, 971.88], [123.94, 888.0], [123.93, 1060.26], [123.92, 790.69], [123.91, 1242.11], [123.9, 1207.56], [123.89, 943.21], [123.88, 1192.68], [123.87, 1351.96], [123.86, 1281.17], [123.85, 1427.58], [123.84, 2550.11], [123.83, 1130.41], [123.82, 979.56], [123.81, 1427.38], [123.8, 2873.24], [123.79, 926.78], [123.78, 1926.28], [123.77, 2121.51], [123.76, 1560.4]], "asks": [[123.96, 535.52], [123.97, 1039.09], [123.98, 495.08], [123.99, 989.27], [124.0, 1800.91], [124.01, 1326.32], [124.02, 1098.67], [124.03, 2558.8], [124.04, 2043.91], [124.05, 1551.18], [124.06, 1208.99], [124.07, 960.95], [124.08, 848.84], [124.09, 782.83], [124.1, 1362.32], [124.11, 650.95], [124.12, 1278.78], [124.13, 2813.42], [124.14, 774.82], [124.15, 875.96]], "timestamp": "2025-12-19T18:11:54.904170+00:00"}, {"symbol": "SOLUSDT", "bids": [[123.92, 1272.13], [123.91, 791.88], [123.9, 1032.51], [123.89, 1058.4], [123.88, 1584.65], [123.87, 1089.52], [123.86, 1427.35], [123.85, 1826.54], [123.84, 1457.38], [123.83, 1404.18], [123.82, 1355.28], [123.81, 2800.22], [123.8, 1542.98], [123.79, 568.94], [123.78, 659.98], [123.77, 1261.13], [123.76, 1136.42], [123.75, 1148.68], [123.74, 2737.68], [123.73, 1349.22]], "asks": [[123.93, 182.39], [123.94, 940.47], [123.95, 560.48], [123.96, 907.72], [123.97, 1467.32], [123.98, 1558.19], [123.99, 1732.29], [124.0, 1089.61], [124.01, 1112.35], [124.02, 863.58], [124.03, 921.6], [124.04, 1049.43], [124.05, 897.05], [124.06, 1330.44], [124.07, 1453.17], [124.08, 1174.48], [124.09, 1400.45], [124.1, 3057.87], [124.11, 2046.23], [124.12, 1686.52]], "timestamp": "2025-12-19T18:12:47.948538+00:00"}, {"symbol": "SOLUSDT", "bids": [[123.96, 30.93], [123.95, 672.53], [123.94, 1116.39], [123.93, 1249.34], [123.92, 1293.06], [123.91, 1123.81], [123.9, 766.81], [123.89, 750.71], [123.88, 864.5], [123.87, 1024.72], [123.86, 1056.72], [123.85, 3274.57], [123.84, 1091.07], [123.83, 1234.78], [123.82, 918.86], [123.81, 1909.12], [123.8, 1363.68], [123.79, 2156.68], [123.78, 717.14], [123.77, 974.55]], "asks": [[123.97, 2250.03], [123.98, 977.67], [123.99, 1264.06], [124.0, 1455.3], [124.01, 1689.98], [124.02, 1053.39], [124.03, 946.77], [124.04, 1025.64], [124.05, 904.83], [124.06, 709.35], [124.07, 713.07], [124.08, 1020.8], [124.09, 1061.75], [124.1, 1288.99], [124.11, 728.38], [124.12, 1366.84], [124.13, 1348.05], [124.14, 2453.99], [124.15, 1030.2], [124.16, 1211.86]], "timestamp": "2025-12-19T18:13:41.094020+00:00"}, {"symbol": "SOLUSDT", "bids": [[123.97, 166.55], [123.96, 180.54], [123.95, 668.13], [123.94, 1297.4], [123.93, 1851.63], [123.92, 1459.76], [123.91, 1300.44], [123.9, 837.28], [123.89, 969.47], [123.88, 1149.96], [123.87, 1322.29], [123.86, 1182.13], [123.85, 2806.0], [123.84, 1553.49], [123.83, 1169.83], [123.82, 877.98], [123.81, 880.76], [123.8, 2865.85], [123.79, 897.28], [123.78, 829.26]], "asks": [[123.98, 1360.62], [123.99, 1103.08], [124.0, 969.48], [124.01, 1277.48], [124.02, 1772.15], [124.03, 1503.35], [124.04, 1202.5], [124.05, 1010.64], [124.06, 1204.22], [124.07, 939.43], [124.08, 1224.96], [124.09, 1482.27], [124.1, 2049.82], [124.11, 861.63], [124.12, 1378.28], [124.13, 1177.8], [124.14, 1240.08], [124.15, 2014.46], [124.16, 860.48], [124.17, 1042.12]], "timestamp": "2025-12-19T18:14:34.036656+00:00"}, {"symbol": "SOLUSDT", "bids": [[123.99, 758.84], [123.98, 724.9], [123.97, 873.53], [123.96, 1262.65], [123.95, 1224.06], [123.94, 690.36], [123.93, 1181.35], [123.92, 1127.99], [123.91, 1027.04], [123.9, 1191.98], [123.89, 2242.56], [123.88, 950.5], [123.87, 1308.72], [123.86, 2622.07], [123.85, 1367.44], [123.84, 1776.34], [123.83, 737.54], [123.82, 997.04], [123.81, 2013.52], [123.8, 1988.2]], "asks": [[124.0, 732.56], [124.01, 448.79], [124.02, 1115.92], [124.03, 1757.46], [124.04, 2063.37], [124.05, 2300.56], [124.06, 1881.22], [124.07, 1101.73], [124.08, 1276.93], [124.09, 1094.9], [124.1, 1235.95], [124.11, 1184.29], [124.12, 1157.76], [124.13, 1134.94], [124.14, 1397.32], [124.15, 1193.54], [124.16, 1645.67], [124.17, 2593.56], [124.18, 1835.57], [124.19, 812.48]], "timestamp": "2025-12-19T18:15:27.400224+00:00"}, {"symbol": "SOLUSDT", "bids": [[124.36, 838.05], [124.35, 744.92], [124.34, 643.26], [124.33, 995.07], [124.32, 1997.48], [124.31, 1763.29], [124.3, 1697.63], [124.29, 1881.56], [124.28, 1254.38], [124.27, 1425.06], [124.26, 2067.0], [124.25, 885.64], [124.24, 813.93], [124.23, 1246.54], [124.22, 674.9], [124.21, 951.7], [124.2, 758.1], [124.19, 920.73], [124.18, 1415.99], [124.17, 1205.55]], "asks": [[124.37, 203.75], [124.38, 63.42], [124.39, 407.14], [124.4, 505.35], [124.41, 1243.57], [124.42, 263.1], [124.43, 1087.57], [124.44, 413.39], [124.45, 930.2], [124.46, 1123.78], [124.47, 759.7], [124.48, 923.41], [124.49, 2030.15], [124.5, 5940.9], [124.51, 1029.86], [124.52, 662.56], [124.53, 392.6], [124.54, 980.58], [124.55, 1518.39], [124.56, 1890.98]], "timestamp": "2025-12-19T18:16:20.225887+00:00"}, {"symbol": "SOLUSDT", "bids": [[124.2, 153.73], [124.19, 479.63], [124.18, 989.76], [124.17, 973.6], [124.16, 1697.86], [124.15, 1908.26], [124.14, 1091.35], [124.13, 1443.44], [124.12, 1336.83], [124.11, 1699.89], [124.1, 2018.68], [124.09, 970.35], [124.08, 3595.04], [124.07, 485.3], [124.06, 1236.18], [124.05, 1365.75], [124.04, 1232.8], [124.03, 2605.1], [124.02, 3025.03], [124.01, 1076.37]], "asks": [[124.21, 1166.99], [124.22, 1032.78], [124.23, 1481.39], [124.24, 1145.07], [124.25, 1204.64], [124.26, 2665.88], [124.27, 1234.97], [124.28, 872.32], [124.29, 715.93], [124.3, 638.37], [124.31, 628.05], [124.32, 1098.51], [124.33, 660.15], [124.34, 838.04], [124.35, 1390.73], [124.36, 907.87], [124.37, 1241.03], [124.38, 2522.54], [124.39, 863.49], [124.4, 1126.79]], "timestamp": "2025-12-19T18:17:13.374445+00:00"}, {"symbol": "SOLUSDT", "bids": [[124.0, 434.7], [123.99, 847.86], [123.98, 1060.4], [123.97, 1261.53], [123.96, 1192.92], [123.95, 1167.47], [123.94, 1454.0], [123.93, 880.34], [123.92, 1235.18], [123.91, 1614.8], [123.9, 1689.27], [123.89, 1269.43], [123.88, 3094.57], [123.87, 1210.23], [123.86, 978.2], [123.85, 931.81], [123.84, 752.11], [123.83, 1318.43], [123.82, 2685.19], [123.81, 1209.45]], "asks": [[124.01, 1007.34], [124.02, 697.98], [124.03, 1904.57], [124.04, 1861.44], [124.05, 1821.98], [124.06, 1056.47], [124.07, 1033.23], [124.08, 950.97], [124.09, 616.84], [124.1, 830.52], [124.11, 790.34], [124.12, 631.71], [124.13, 871.13], [124.14, 944.02], [124.15, 1255.94], [124.16, 1261.55], [124.17, 1489.04], [124.18, 2188.58], [124.19, 1247.43], [124.2, 2269.96]], "timestamp": "2025-12-19T18:18:07.748455+00:00"}, {"symbol": "SOLUSDT", "bids": [[124.11, 512.14], [124.1, 877.37], [124.09, 1478.58], [124.08, 1854.94], [124.07, 2311.61], [124.06, 1829.19], [124.05, 1775.41], [124.04, 1778.68], [124.03, 1764.97], [124.02, 2086.0], [124.01, 2730.26], [124.0, 8543.53], [123.99, 936.42], [123.98, 983.76], [123.97, 1194.6], [123.96, 1005.64], [123.95, 647.64], [123.94, 1041.11], [123.93, 1132.83], [123.92, 700.4]], "asks": [[124.12, 482.42], [124.13, 527.61], [124.14, 935.53], [124.15, 813.98], [124.16, 973.83], [124.17, 995.97], [124.18, 1090.33], [124.19, 886.74], [124.2, 1335.32], [124.21, 688.28], [124.22, 727.23], [124.23, 1130.07], [124.24, 1046.18], [124.25, 981.7], [124.26, 1245.23], [124.27, 2176.46], [124.28, 1141.56], [124.29, 1906.49], [124.3, 1326.74], [124.31, 1317.83]], "timestamp": "2025-12-19T18:19:01.714083+00:00"}, {"symbol": "SOLUSDT", "bids": [[124.25, 1122.49], [124.24, 570.13], [124.23, 976.07], [124.22, 1248.58], [124.21, 1626.99], [124.2, 1735.57], [124.19, 2818.15], [124.18, 1512.11], [124.17, 1409.37], [124.16, 1543.77], [124.15, 1813.43], [124.14, 3238.41], [124.13, 1539.91], [124.12, 1076.9], [124.11, 1077.44], [124.1, 922.85], [124.09, 972.91], [124.08, 1351.08], [124.07, 739.26], [124.06, 617.59]], "asks": [[124.26, 584.53], [124.27, 583.41], [124.28, 1163.62], [124.29, 862.89], [124.3, 1255.77], [124.31, 1050.4], [124.32, 840.28], [124.33, 907.48], [124.34, 658.55], [124.35, 829.36], [124.36, 975.08], [124.37, 908.74], [124.38, 1018.76], [124.39, 1355.63], [124.4, 1088.2], [124.41, 1945.6], [124.42, 1796.98], [124.43, 2027.38], [124.44, 723.81], [124.45, 1000.39]], "timestamp": "2025-12-19T18:19:55.065899+00:00"}, {"symbol": "SOLUSDT", "bids": [[124.3, 322.65], [124.29, 534.79], [124.28, 1130.4], [124.27, 1822.42], [124.26, 1961.09], [124.25, 1878.94], [124.24, 961.71], [124.23, 1333.18], [124.22, 1617.13], [124.21, 1347.93], [124.2, 1859.58], [124.19, 5133.05], [124.18, 1138.54], [124.17, 1619.01], [124.16, 1119.48], [124.15, 1040.19], [124.14, 669.82], [124.13, 1788.27], [124.12, 1159.46], [124.11, 2675.87]], "asks": [[124.31, 683.49], [124.32, 984.08], [124.33, 912.58], [124.34, 1663.81], [124.35, 1836.6], [124.36, 1297.88], [124.37, 1381.32], [124.38, 709.19], [124.39, 701.18], [124.4, 1237.37], [124.41, 1008.9], [124.42, 731.23], [124.43, 887.2], [124.44, 739.86], [124.45, 997.6], [124.46, 1274.22], [124.47, 1441.21], [124.48, 3779.17], [124.49, 2441.9], [124.5, 5823.13]], "timestamp": "2025-12-19T18:20:48.006992+00:00"}, {"symbol": "SOLUSDT", "bids": [[124.45, 1863.31], [124.44, 890.4], [124.43, 1398.54], [124.42, 1784.17], [124.41, 1721.31], [124.4, 2043.34], [124.39, 1666.18], [124.38, 2065.26], [124.37, 1891.22], [124.36, 1182.71], [124.35, 1587.21], [124.34, 3641.22], [124.33, 1241.88], [124.32, 1926.94], [124.31, 1416.76], [124.3, 1040.62], [124.29, 1423.09], [124.28, 1245.44], [124.27, 3495.62], [124.26, 1227.82]], "asks": [[124.46, 171.58], [124.47, 1151.43], [124.48, 1310.69], [124.49, 688.1], [124.5, 3547.64], [124.51, 870.11], [124.52, 749.27], [124.53, 637.12], [124.54, 950.07], [124.55, 672.37], [124.56, 913.85], [124.57, 922.05], [124.58, 980.64], [124.59, 1084.62], [124.6, 1621.64], [124.61, 1986.15], [124.62, 763.99], [124.63, 2204.85], [124.64, 778.18], [124.65, 2010.42]], "timestamp": "2025-12-19T18:21:41.049925+00:00"}, {"symbol": "SOLUSDT", "bids": [[124.41, 386.52], [124.4, 588.58], [124.39, 762.95], [124.38, 1040.0], [124.37, 2491.72], [124.36, 1511.3], [124.35, 1185.43], [124.34, 1273.85], [124.33, 1539.35], [124.32, 1544.17], [124.31, 3781.52], [124.3, 1480.84], [124.29, 993.35], [124.28, 1090.57], [124.27, 731.4], [124.26, 1131.45], [124.25, 1690.87], [124.24, 2397.6], [124.23, 973.07], [124.22, 1048.67]], "asks": [[124.42, 470.56], [124.43, 813.02], [124.44, 751.96], [124.45, 1430.73], [124.46, 1085.21], [124.47, 1058.91], [124.48, 938.62], [124.49, 1134.35], [124.5, 1000.38], [124.51, 742.45], [124.52, 456.72], [124.53, 516.1], [124.54, 793.12], [124.55, 1019.74], [124.56, 966.8], [124.57, 1157.74], [124.58, 1195.92], [124.59, 2136.73], [124.6, 1320.93], [124.61, 1640.81]], "timestamp": "2025-12-19T18:22:34.401757+00:00"}, {"symbol": "SOLUSDT", "bids": [[124.31, 596.22], [124.3, 838.48], [124.29, 899.11], [124.28, 1323.19], [124.27, 2201.86], [124.26, 1038.38], [124.25, 1210.74], [124.24, 1130.47], [124.23, 1504.14], [124.22, 3161.55], [124.21, 1245.21], [124.2, 1019.93], [124.19, 1209.75], [124.18, 956.97], [124.17, 2646.03], [124.16, 1554.3], [124.15, 1061.99], [124.14, 574.63], [124.13, 1030.43], [124.12, 1699.51]], "asks": [[124.32, 345.98], [124.33, 341.07], [124.34, 876.67], [124.35, 757.71], [124.36, 1259.93], [124.37, 1352.31], [124.38, 1352.88], [124.39, 1717.71], [124.4, 1045.44], [124.41, 1582.22], [124.42, 805.17], [124.43, 729.54], [124.44, 896.64], [124.45, 608.22], [124.46, 723.58], [124.47, 1009.9], [124.48, 1160.17], [124.49, 2201.47], [124.5, 1098.31], [124.51, 1331.03]], "timestamp": "2025-12-19T18:23:27.138238+00:00"}, {"symbol": "SOLUSDT", "bids": [[124.29, 374.25], [124.28, 900.19], [124.27, 1396.58], [124.26, 1398.48], [124.25, 1792.49], [124.24, 1589.05], [124.23, 1364.24], [124.22, 1402.71], [124.21, 993.49], [124.2, 1474.88], [124.19, 2839.64], [124.18, 1519.45], [124.17, 1617.64], [124.16, 1334.77], [124.15, 1199.72], [124.14, 995.45], [124.13, 1086.5], [124.12, 785.07], [124.11, 1091.76], [124.1, 3357.07]], "asks": [[124.3, 1089.46], [124.31, 548.99], [124.32, 707.16], [124.33, 963.39], [124.34, 1659.1], [124.35, 1017.47], [124.36, 1188.63], [124.37, 1360.58], [124.38, 1133.22], [124.39, 1054.75], [124.4, 1233.87], [124.41, 1168.77], [124.42, 1897.33], [124.43, 1078.53], [124.44, 1049.44], [124.45, 863.95], [124.46, 1130.44], [124.47, 2323.07], [124.48, 799.86], [124.49, 1704.24]], "timestamp": "2025-12-19T18:24:20.489186+00:00"}, {"symbol": "SOLUSDT", "bids": [[124.31, 412.92], [124.3, 569.86], [124.29, 1028.97], [124.28, 1331.55], [124.27, 1812.2], [124.26, 1278.99], [124.25, 1577.86], [124.24, 1549.3], [124.23, 1758.13], [124.22, 1324.08], [124.21, 1521.38], [124.2, 2089.83], [124.19, 3472.73], [124.18, 1268.19], [124.17, 1543.11], [124.16, 1229.41], [124.15, 1101.58], [124.14, 1040.95], [124.13, 1419.65], [124.12, 2661.7]], "asks": [[124.32, 866.1], [124.33, 601.0], [124.34, 813.47], [124.35, 502.96], [124.36, 1187.08], [124.37, 856.86], [124.38, 916.44], [124.39, 708.66], [124.4, 1003.74], [124.41, 1053.97], [124.42, 1129.23], [124.43, 2172.1], [124.44, 1171.72], [124.45, 665.15], [124.46, 947.75], [124.47, 1287.28], [124.48, 991.51], [124.49, 1940.44], [124.5, 1136.22], [124.51, 1934.39]], "timestamp": "2025-12-19T18:25:13.739702+00:00"}, {"symbol": "SOLUSDT", "bids": [[124.32, 484.35], [124.31, 583.64], [124.3, 876.71], [124.29, 865.24], [124.28, 1659.16], [124.27, 1698.53], [124.26, 1025.47], [124.25, 1211.94], [124.24, 1398.18], [124.23, 1445.19], [124.22, 2780.7], [124.21, 3342.44], [124.2, 1603.54], [124.19, 511.66], [124.18, 851.18], [124.17, 1386.66], [124.16, 1805.78], [124.15, 944.98], [124.14, 889.03], [124.13, 2193.18]], "asks": [[124.33, 898.93], [124.34, 789.2], [124.35, 1160.81], [124.36, 1472.22], [124.37, 1304.49], [124.38, 1389.06], [124.39, 1215.47], [124.4, 865.29], [124.41, 933.54], [124.42, 877.3], [124.43, 662.78], [124.44, 641.85], [124.45, 784.89], [124.46, 790.91], [124.47, 1013.26], [124.48, 1179.06], [124.49, 1442.66], [124.5, 2111.32], [124.51, 838.08], [124.52, 1164.39]], "timestamp": "2025-12-19T18:26:06.977966+00:00"}, {"symbol": "SOLUSDT", "bids": [[124.71, 473.82], [124.7, 2535.38], [124.69, 3238.62], [124.68, 588.11], [124.67, 423.29], [124.66, 769.72], [124.65, 1850.98], [124.64, 2294.26], [124.63, 1240.47], [124.62, 1412.84], [124.61, 1793.02], [124.6, 1945.9], [124.59, 1462.05], [124.58, 1227.62], [124.57, 1733.76], [124.56, 860.38], [124.55, 1115.69], [124.54, 1034.29], [124.53, 1177.15], [124.52, 2374.62]], "asks": [[124.72, 23.92], [124.73, 243.64], [124.74, 614.63], [124.75, 1165.42], [124.76, 479.9], [124.77, 297.3], [124.78, 656.87], [124.79, 831.94], [124.8, 1183.55], [124.81, 545.91], [124.82, 808.86], [124.83, 1070.96], [124.84, 625.88], [124.85, 636.86], [124.86, 1107.62], [124.87, 807.5], [124.88, 1369.98], [124.89, 797.85], [124.9, 2581.34], [124.91, 599.12]], "timestamp": "2025-12-19T18:27:00.338503+00:00"}, {"symbol": "SOLUSDT", "bids": [[124.56, 696.46], [124.55, 496.11], [124.54, 1395.69], [124.53, 1567.15], [124.52, 1699.52], [124.51, 1155.45], [124.5, 1143.08], [124.49, 843.83], [124.48, 1006.3], [124.47, 1487.2], [124.46, 2830.27], [124.45, 934.17], [124.44, 1712.92], [124.43, 1411.65], [124.42, 750.18], [124.41, 998.6], [124.4, 937.82], [124.39, 1179.87], [124.38, 3349.39], [124.37, 696.06]], "asks": [[124.57, 775.57], [124.58, 269.59], [124.59, 1009.76], [124.6, 1007.25], [124.61, 1560.37], [124.62, 1226.38], [124.63, 1006.56], [124.64, 722.76], [124.65, 862.96], [124.66, 760.01], [124.67, 691.28], [124.68, 823.87], [124.69, 1064.56], [124.7, 2136.04], [124.71, 1062.01], [124.72, 1710.16], [124.73, 839.73], [124.74, 2061.48], [124.75, 1032.02], [124.76, 1360.17]], "timestamp": "2025-12-19T18:27:53.280229+00:00"}, {"symbol": "SOLUSDT", "bids": [[124.5, 1827.99], [124.49, 1127.23], [124.48, 625.78], [124.47, 894.66], [124.46, 1385.28], [124.45, 1042.27], [124.44, 1385.59], [124.43, 1488.04], [124.42, 2500.62], [124.41, 1021.25], [124.4, 1120.41], [124.39, 1476.59], [124.38, 2895.48], [124.37, 760.55], [124.36, 1197.68], [124.35, 711.4], [124.34, 1183.39], [124.33, 1073.52], [124.32, 648.3], [124.31, 769.01]], "asks": [[124.51, 126.92], [124.52, 287.64], [124.53, 788.64], [124.54, 1294.32], [124.55, 871.14], [124.56, 1163.17], [124.57, 1014.26], [124.58, 998.21], [124.59, 1072.67], [124.6, 1005.79], [124.61, 803.15], [124.62, 558.88], [124.63, 1148.07], [124.64, 820.73], [124.65, 813.06], [124.66, 1244.94], [124.67, 1835.54], [124.68, 2432.62], [124.69, 960.49], [124.7, 861.06]], "timestamp": "2025-12-19T18:28:46.221637+00:00"}, {"symbol": "SOLUSDT", "bids": [[124.52, 738.68], [124.51, 528.68], [124.5, 1123.03], [124.49, 1391.91], [124.48, 1109.31], [124.47, 902.67], [124.46, 1251.43], [124.45, 1305.37], [124.44, 1384.17], [124.43, 2876.63], [124.42, 1652.99], [124.41, 1369.47], [124.4, 900.32], [124.39, 1046.84], [124.38, 1777.04], [124.37, 908.94], [124.36, 1226.29], [124.35, 2433.25], [124.34, 612.07], [124.33, 886.33]], "asks": [[124.53, 358.45], [124.54, 839.17], [124.55, 1374.79], [124.56, 1109.64], [124.57, 1153.31], [124.58, 952.19], [124.59, 922.13], [124.6, 1435.91], [124.61, 512.62], [124.62, 780.84], [124.63, 803.4], [124.64, 866.85], [124.65, 1192.01], [124.66, 866.22], [124.67, 795.44], [124.68, 931.53], [124.69, 1555.87], [124.7, 3257.34], [124.71, 1045.03], [124.72, 2144.2]], "timestamp": "2025-12-19T18:29:39.163604+00:00"}, {"symbol": "SOLUSDT", "bids": [[124.51, 888.63], [124.5, 1311.7], [124.49, 876.85], [124.48, 1210.83], [124.47, 1719.15], [124.46, 1147.29], [124.45, 941.49], [124.44, 1030.6], [124.43, 1110.23], [124.42, 1100.27], [124.41, 1148.33], [124.4, 1340.23], [124.39, 1555.05], [124.38, 1888.89], [124.37, 949.85], [124.36, 1674.58], [124.35, 2666.14], [124.34, 1055.79], [124.33, 1935.43], [124.32, 680.77]], "asks": [[124.52, 583.16], [124.53, 742.48], [124.54, 1511.27], [124.55, 821.19], [124.56, 1630.56], [124.57, 1045.79], [124.58, 778.59], [124.59, 639.22], [124.6, 1422.68], [124.61, 818.38], [124.62, 963.24], [124.63, 690.1], [124.64, 942.36], [124.65, 1248.02], [124.66, 1250.89], [124.67, 905.41], [124.68, 2265.17], [124.69, 2382.57], [124.7, 918.53], [124.71, 1104.62]], "timestamp": "2025-12-19T18:30:32.207358+00:00"}, {"symbol": "SOLUSDT", "bids": [[124.48, 754.87], [124.47, 790.22], [124.46, 1027.03], [124.45, 989.8], [124.44, 1512.29], [124.43, 1017.73], [124.42, 1399.19], [124.41, 1378.21], [124.4, 1529.61], [124.39, 1124.25], [124.38, 3153.75], [124.37, 1188.18], [124.36, 3182.17], [124.35, 998.95], [124.34, 628.57], [124.33, 802.05], [124.32, 1284.8], [124.31, 821.77], [124.3, 1340.84], [124.29, 1333.28]], "asks": [[124.49, 450.49], [124.5, 879.92], [124.51, 696.83], [124.52, 903.56], [124.53, 1275.58], [124.54, 1415.79], [124.55, 1633.1], [124.56, 1744.98], [124.57, 653.93], [124.58, 741.95], [124.59, 646.21], [124.6, 814.72], [124.61, 501.25], [124.62, 1268.0], [124.63, 913.3], [124.64, 1032.62], [124.65, 1392.64], [124.66, 2378.44], [124.67, 1320.87], [124.68, 2373.14]], "timestamp": "2025-12-19T18:31:24.926124+00:00"}, {"symbol": "SOLUSDT", "bids": [[124.45, 308.67], [124.44, 445.98], [124.43, 848.1], [124.42, 629.41], [124.41, 1368.43], [124.4, 1169.18], [124.39, 1073.13], [124.38, 1297.37], [124.37, 1421.48], [124.36, 1765.97], [124.35, 1420.83], [124.34, 2921.55], [124.33, 2657.84], [124.32, 1007.06], [124.31, 553.68], [124.3, 840.84], [124.29, 1701.45], [124.28, 1221.18], [124.27, 854.06], [124.26, 1067.36]], "asks": [[124.46, 1075.81], [124.47, 1094.98], [124.48, 582.76], [124.49, 676.41], [124.5, 978.41], [124.51, 1237.44], [124.52, 1505.73], [124.53, 1210.38], [124.54, 1309.13], [124.55, 1860.73], [124.56, 1140.33], [124.57, 731.6], [124.58, 673.76], [124.59, 593.76], [124.6, 952.05], [124.61, 844.06], [124.62, 1362.97], [124.63, 2309.5], [124.64, 1260.52], [124.65, 2374.36]], "timestamp": "2025-12-19T18:32:17.987730+00:00"}, {"symbol": "SOLUSDT", "bids": [[124.26, 535.07], [124.25, 393.24], [124.24, 716.85], [124.23, 1126.73], [124.22, 1816.39], [124.21, 1329.76], [124.2, 1695.7], [124.19, 1028.74], [124.18, 1195.39], [124.17, 1337.07], [124.16, 2978.3], [124.15, 2371.88], [124.14, 1044.36], [124.13, 1416.8], [124.12, 2520.18], [124.11, 1260.37], [124.1, 1258.5], [124.09, 827.47], [124.08, 1276.44], [124.07, 1363.5]], "asks": [[124.27, 607.62], [124.28, 1160.74], [124.29, 1091.08], [124.3, 905.93], [124.31, 1016.98], [124.32, 937.07], [124.33, 1502.77], [124.34, 1378.22], [124.35, 1299.53], [124.36, 886.74], [124.37, 651.56], [124.38, 628.47], [124.39, 611.7], [124.4, 1133.17], [124.41, 975.95], [124.42, 963.43], [124.43, 1478.06], [124.44, 2857.88], [124.45, 1843.41], [124.46, 1160.89]], "timestamp": "2025-12-19T18:33:11.646113+00:00"}, {"symbol": "SOLUSDT", "bids": [[124.12, 404.68], [124.11, 362.5], [124.1, 1147.57], [124.09, 1455.87], [124.08, 2003.89], [124.07, 1879.46], [124.06, 842.16], [124.05, 1244.45], [124.04, 1240.09], [124.03, 1657.77], [124.02, 3109.28], [124.01, 1825.63], [124.0, 2281.95], [123.99, 1307.98], [123.98, 2396.2], [123.97, 1203.64], [123.96, 1242.41], [123.95, 1357.55], [123.94, 1288.53], [123.93, 1154.37]], "asks": [[124.13, 754.41], [124.14, 1077.67], [124.15, 1316.97], [124.16, 556.55], [124.17, 910.36], [124.18, 859.57], [124.19, 1185.36], [124.2, 801.99], [124.21, 967.9], [124.22, 786.72], [124.23, 896.33], [124.24, 1954.48], [124.25, 713.06], [124.26, 870.07], [124.27, 1181.89], [124.28, 908.86], [124.29, 1264.24], [124.3, 2707.39], [124.31, 2045.64], [124.32, 1323.17]], "timestamp": "2025-12-19T18:34:04.895328+00:00"}, {"symbol": "SOLUSDT", "bids": [[124.1, 479.31], [124.09, 490.58], [124.08, 1000.68], [124.07, 1069.62], [124.06, 1151.87], [124.05, 1567.47], [124.04, 1321.22], [124.03, 1258.7], [124.02, 1370.43], [124.01, 1643.36], [124.0, 4216.25], [123.99, 949.51], [123.98, 1119.23], [123.97, 1642.87], [123.96, 1269.36], [123.95, 1118.95], [123.94, 1632.96], [123.93, 934.75], [123.92, 1118.48], [123.91, 2529.82]], "asks": [[124.11, 581.37], [124.12, 1029.12], [124.13, 691.05], [124.14, 609.08], [124.15, 1227.69], [124.16, 1069.05], [124.17, 1376.2], [124.18, 986.0], [124.19, 819.93], [124.2, 1204.09], [124.21, 733.02], [124.22, 1042.91], [124.23, 897.08], [124.24, 2080.4], [124.25, 710.78], [124.26, 706.79], [124.27, 1310.06], [124.28, 2571.49], [124.29, 1245.68], [124.3, 1256.72]], "timestamp": "2025-12-19T18:34:58.247885+00:00"}, {"symbol": "SOLUSDT", "bids": [[124.17, 464.45], [124.16, 294.25], [124.15, 745.13], [124.14, 1036.81], [124.13, 1384.82], [124.12, 1467.0], [124.11, 1644.54], [124.1, 1396.97], [124.09, 1519.17], [124.08, 2084.31], [124.07, 627.36], [124.06, 2184.83], [124.05, 1035.68], [124.04, 987.81], [124.03, 1568.44], [124.02, 3835.43], [124.01, 1066.09], [124.0, 1724.64], [123.99, 720.99], [123.98, 1012.19]], "asks": [[124.18, 1283.03], [124.19, 643.22], [124.2, 739.83], [124.21, 548.98], [124.22, 1077.51], [124.23, 814.85], [124.24, 1130.95], [124.25, 889.46], [124.26, 826.39], [124.27, 1232.05], [124.28, 873.24], [124.29, 974.42], [124.3, 1098.39], [124.31, 898.72], [124.32, 829.15], [124.33, 793.24], [124.34, 1193.56], [124.35, 2183.64], [124.36, 2698.47], [124.37, 798.85]], "timestamp": "2025-12-19T18:35:52.314232+00:00"}, {"symbol": "SOLUSDT", "bids": [[124.09, 529.66], [124.08, 521.06], [124.07, 1315.55], [124.06, 929.95], [124.05, 1190.79], [124.04, 1109.81], [124.03, 1346.05], [124.02, 1454.67], [124.01, 1495.57], [124.0, 1932.35], [123.99, 1521.19], [123.98, 3556.52], [123.97, 1894.98], [123.96, 1727.99], [123.95, 3008.16], [123.94, 1039.1], [123.93, 732.04], [123.92, 1621.5], [123.91, 573.73], [123.9, 709.92]], "asks": [[124.1, 852.58], [124.11, 380.2], [124.12, 424.86], [124.13, 861.72], [124.14, 1100.66], [124.15, 1124.01], [124.16, 1460.2], [124.17, 570.13], [124.18, 892.71], [124.19, 866.13], [124.2, 805.31], [124.21, 1116.81], [124.22, 1415.37], [124.23, 1850.01], [124.24, 974.59], [124.25, 874.11], [124.26, 1180.93], [124.27, 2673.32], [124.28, 940.38], [124.29, 704.99]], "timestamp": "2025-12-19T18:36:45.255534+00:00"}, {"symbol": "SOLUSDT", "bids": [[124.09, 619.97], [124.08, 405.46], [124.07, 754.68], [124.06, 1303.05], [124.05, 1507.6], [124.04, 1554.75], [124.03, 1417.84], [124.02, 782.62], [124.01, 1451.97], [124.0, 2111.58], [123.99, 1598.17], [123.98, 3045.1], [123.97, 1590.44], [123.96, 936.0], [123.95, 837.24], [123.94, 1485.71], [123.93, 1594.7], [123.92, 2714.46], [123.91, 1576.13], [123.9, 816.42]], "asks": [[124.1, 450.28], [124.11, 420.8], [124.12, 735.71], [124.13, 781.81], [124.14, 1743.52], [124.15, 1127.53], [124.16, 1271.97], [124.17, 764.09], [124.18, 1052.82], [124.19, 769.69], [124.2, 671.15], [124.21, 697.52], [124.22, 1041.09], [124.23, 1013.6], [124.24, 1074.72], [124.25, 1286.4], [124.26, 2312.34], [124.27, 2380.88], [124.28, 789.92], [124.29, 851.39]], "timestamp": "2025-12-19T18:37:37.787218+00:00"}, {"symbol": "SOLUSDT", "bids": [[124.06, 501.93], [124.05, 1060.07], [124.04, 379.84], [124.03, 898.25], [124.02, 1146.64], [124.01, 1384.09], [124.0, 2314.61], [123.99, 892.24], [123.98, 998.41], [123.97, 1458.9], [123.96, 1747.91], [123.95, 3206.41], [123.94, 1603.96], [123.93, 1850.0], [123.92, 2676.12], [123.91, 1188.0], [123.9, 1640.49], [123.89, 906.17], [123.88, 2088.47], [123.87, 663.06]], "asks": [[124.07, 763.57], [124.08, 432.82], [124.09, 489.67], [124.1, 702.34], [124.11, 1173.63], [124.12, 1517.61], [124.13, 1146.44], [124.14, 1348.42], [124.15, 1247.13], [124.16, 993.33], [124.17, 524.12], [124.18, 650.87], [124.19, 854.33], [124.2, 1128.89], [124.21, 742.51], [124.22, 1234.35], [124.23, 967.94], [124.24, 2250.39], [124.25, 1088.98], [124.26, 2160.37]], "timestamp": "2025-12-19T18:38:30.831538+00:00"}, {"symbol": "SOLUSDT", "bids": [[124.11, 1031.65], [124.1, 330.71], [124.09, 1033.93], [124.08, 1260.01], [124.07, 1419.6], [124.06, 2096.22], [124.05, 1859.43], [124.04, 1250.99], [124.03, 1398.23], [124.02, 1233.13], [124.01, 1776.01], [124.0, 3587.43], [123.99, 1187.61], [123.98, 1157.15], [123.97, 1644.15], [123.96, 2423.74], [123.95, 728.66], [123.94, 1749.1], [123.93, 1222.24], [123.92, 1155.6]], "asks": [[124.12, 292.85], [124.13, 186.83], [124.14, 591.94], [124.15, 838.15], [124.16, 1373.25], [124.17, 885.01], [124.18, 1263.4], [124.19, 710.52], [124.2, 825.34], [124.21, 767.61], [124.22, 1067.17], [124.23, 648.14], [124.24, 1293.23], [124.25, 1286.96], [124.26, 1971.56], [124.27, 870.15], [124.28, 1267.07], [124.29, 2173.7], [124.3, 1019.41], [124.31, 817.6]], "timestamp": "2025-12-19T18:39:24.163315+00:00"}, {"symbol": "SOLUSDT", "bids": [[124.13, 497.67], [124.12, 399.21], [124.11, 917.68], [124.1, 1027.0], [124.09, 1285.46], [124.08, 1282.28], [124.07, 1434.63], [124.06, 1502.85], [124.05, 1495.08], [124.04, 1546.38], [124.03, 3506.63], [124.02, 642.1], [124.01, 1043.19], [124.0, 1703.43], [123.99, 1439.22], [123.98, 642.75], [123.97, 1579.97], [123.96, 2403.74], [123.95, 1485.71], [123.94, 1796.19]], "asks": [[124.14, 1180.87], [124.15, 478.75], [124.16, 752.32], [124.17, 1185.67], [124.18, 1623.69], [124.19, 1109.16], [124.2, 721.23], [124.21, 1035.0], [124.22, 1190.13], [124.23, 535.86], [124.24, 767.99], [124.25, 1027.01], [124.26, 824.84], [124.27, 1068.74], [124.28, 1344.94], [124.29, 2056.5], [124.3, 922.53], [124.31, 2262.52], [124.32, 675.49], [124.33, 798.61]], "timestamp": "2025-12-19T18:40:17.022177+00:00"}, {"symbol": "SOLUSDT", "bids": [[124.03, 1051.76], [124.02, 679.9], [124.01, 887.76], [124.0, 903.62], [123.99, 939.5], [123.98, 1255.93], [123.97, 1215.73], [123.96, 1023.71], [123.95, 1168.04], [123.94, 1294.02], [123.93, 1815.48], [123.92, 3088.7], [123.91, 855.86], [123.9, 1213.13], [123.89, 2603.77], [123.88, 1636.45], [123.87, 719.11], [123.86, 784.34], [123.85, 564.27], [123.84, 767.45]], "asks": [[124.04, 135.99], [124.05, 299.95], [124.06, 1256.14], [124.07, 1280.64], [124.08, 1737.14], [124.09, 1113.97], [124.1, 1461.0], [124.11, 1144.1], [124.12, 950.69], [124.13, 1007.77], [124.14, 703.96], [124.15, 1317.17], [124.16, 925.62], [124.17, 839.94], [124.18, 1040.01], [124.19, 1178.54], [124.2, 1293.82], [124.21, 2463.42], [124.22, 2419.72], [124.23, 1577.45]], "timestamp": "2025-12-19T18:41:10.782386+00:00"}, {"symbol": "SOLUSDT", "bids": [[124.0, 847.49], [123.99, 403.02], [123.98, 375.91], [123.97, 515.0], [123.96, 1003.19], [123.95, 1281.27], [123.94, 966.73], [123.93, 1309.17], [123.92, 1221.54], [123.91, 1383.08], [123.9, 2882.72], [123.89, 2788.35], [123.88, 899.44], [123.87, 553.9], [123.86, 1106.7], [123.85, 562.03], [123.84, 1543.34], [123.83, 1506.15], [123.82, 2659.9], [123.81, 2171.01]], "asks": [[124.01, 840.98], [124.02, 472.35], [124.03, 1936.85], [124.04, 712.78], [124.05, 1057.9], [124.06, 1304.16], [124.07, 1000.59], [124.08, 1458.78], [124.09, 905.34], [124.1, 1189.89], [124.11, 1096.0], [124.12, 994.35], [124.13, 1186.69], [124.14, 918.15], [124.15, 1470.77], [124.16, 920.07], [124.17, 947.63], [124.18, 2232.26], [124.19, 1324.76], [124.2, 1925.55]], "timestamp": "2025-12-19T18:42:03.416972+00:00"}, {"symbol": "SOLUSDT", "bids": [[124.11, 785.35], [124.1, 656.33], [124.09, 1067.77], [124.08, 1381.21], [124.07, 1399.84], [124.06, 1487.33], [124.05, 1282.57], [124.04, 1894.66], [124.03, 1465.92], [124.02, 1763.38], [124.01, 3072.48], [124.0, 876.24], [123.99, 1011.81], [123.98, 1648.34], [123.97, 1375.2], [123.96, 2473.85], [123.95, 1476.58], [123.94, 646.54], [123.93, 619.34], [123.92, 911.06]], "asks": [[124.12, 451.68], [124.13, 618.42], [124.14, 1069.95], [124.15, 1496.84], [124.16, 1333.84], [124.17, 795.65], [124.18, 891.11], [124.19, 1025.56], [124.2, 827.93], [124.21, 658.84], [124.22, 927.32], [124.23, 718.9], [124.24, 1297.34], [124.25, 1071.37], [124.26, 982.71], [124.27, 2173.61], [124.28, 1050.86], [124.29, 2255.88], [124.3, 748.74], [124.31, 1092.86]], "timestamp": "2025-12-19T18:42:56.667591+00:00"}, {"symbol": "SOLUSDT", "bids": [[123.95, 223.09], [123.94, 650.02], [123.93, 516.92], [123.92, 704.04], [123.91, 1130.85], [123.9, 1481.86], [123.89, 1288.98], [123.88, 1313.03], [123.87, 816.41], [123.86, 1227.93], [123.85, 1365.22], [123.84, 5051.24], [123.83, 1127.27], [123.82, 659.17], [123.81, 696.24], [123.8, 1176.4], [123.79, 1105.73], [123.78, 1343.78], [123.77, 2529.08], [123.76, 2020.64]], "asks": [[123.96, 935.81], [123.97, 924.97], [123.98, 784.18], [123.99, 1349.8], [124.0, 1113.87], [124.01, 1237.1], [124.02, 873.34], [124.03, 1019.02], [124.04, 1268.16], [124.05, 1089.22], [124.06, 735.87], [124.07, 830.63], [124.08, 954.7], [124.09, 855.52], [124.1, 1303.79], [124.11, 884.29], [124.12, 973.71], [124.13, 2006.26], [124.14, 1263.99], [124.15, 2481.8]], "timestamp": "2025-12-19T18:43:49.813345+00:00"}, {"symbol": "SOLUSDT", "bids": [[123.99, 1059.97], [123.98, 1215.43], [123.97, 1377.6], [123.96, 1166.18], [123.95, 1613.21], [123.94, 2516.96], [123.93, 2092.05], [123.92, 1462.0], [123.91, 986.95], [123.9, 1171.24], [123.89, 1466.9], [123.88, 3854.91], [123.87, 4297.35], [123.86, 1612.89], [123.85, 2658.71], [123.84, 900.22], [123.83, 1094.68], [123.82, 771.43], [123.81, 1118.5], [123.8, 1533.43]], "asks": [[124.0, 459.94], [124.01, 553.72], [124.02, 701.87], [124.03, 909.08], [124.04, 1399.1], [124.05, 1061.81], [124.06, 966.2], [124.07, 1205.84], [124.08, 1094.09], [124.09, 853.4], [124.1, 854.09], [124.11, 804.04], [124.12, 824.9], [124.13, 1076.09], [124.14, 1332.83], [124.15, 2312.64], [124.16, 898.84], [124.17, 1690.47], [124.18, 958.56], [124.19, 732.87]], "timestamp": "2025-12-19T18:44:42.958230+00:00"}, {"symbol": "SOLUSDT", "bids": [[123.94, 880.09], [123.93, 658.56], [123.92, 1475.79], [123.91, 927.85], [123.9, 1732.11], [123.89, 1409.91], [123.88, 1587.93], [123.87, 4253.27], [123.86, 1684.3], [123.85, 2272.92], [123.84, 945.12], [123.83, 3453.52], [123.82, 732.02], [123.81, 849.35], [123.8, 1435.19], [123.79, 2351.79], [123.78, 760.97], [123.77, 838.56], [123.76, 802.47], [123.75, 1156.65]], "asks": [[123.95, 553.53], [123.96, 317.94], [123.97, 902.89], [123.98, 1087.46], [123.99, 1571.22], [124.0, 1312.45], [124.01, 2302.46], [124.02, 1258.36], [124.03, 1171.61], [124.04, 1181.45], [124.05, 566.47], [124.06, 597.76], [124.07, 984.05], [124.08, 882.66], [124.09, 689.8], [124.1, 1114.09], [124.11, 1375.13], [124.12, 2487.03], [124.13, 920.93], [124.14, 977.45]], "timestamp": "2025-12-19T18:45:36.838256+00:00"}, {"symbol": "SOLUSDT", "bids": [[123.91, 260.17], [123.9, 332.42], [123.89, 715.56], [123.88, 1569.28], [123.87, 4643.47], [123.86, 1265.04], [123.85, 1366.97], [123.84, 1491.66], [123.83, 950.12], [123.82, 844.64], [123.81, 1908.91], [123.8, 1622.65], [123.79, 1615.2], [123.78, 3119.35], [123.77, 1075.8], [123.76, 2971.77], [123.75, 1216.23], [123.74, 1410.73], [123.73, 950.6], [123.72, 2090.16]], "asks": [[123.92, 858.9], [123.93, 490.0], [123.94, 388.68], [123.95, 843.7], [123.96, 1515.87], [123.97, 850.16], [123.98, 938.69], [123.99, 1406.04], [124.0, 1258.68], [124.01, 1392.58], [124.02, 900.18], [124.03, 697.58], [124.04, 665.95], [124.05, 739.48], [124.06, 872.75], [124.07, 1078.45], [124.08, 1125.51], [124.09, 2016.14], [124.1, 1449.44], [124.11, 996.68]], "timestamp": "2025-12-19T18:46:29.847692+00:00"}, {"symbol": "SOLUSDT", "bids": [[126.99, 281.69], [126.98, 563.69], [126.97, 801.33], [126.96, 1493.79], [126.95, 854.45], [126.94, 393.78], [126.93, 635.95], [126.92, 1007.39], [126.91, 1051.23], [126.9, 1187.91], [126.89, 1951.38], [126.88, 2332.42], [126.87, 439.32], [126.86, 1047.32], [126.85, 1611.7], [126.84, 375.94], [126.83, 834.26], [126.82, 485.2], [126.81, 766.28], [126.8, 1916.43]], "asks": [[127.0, 1414.44], [127.01, 510.05], [127.02, 580.49], [127.03, 1531.79], [127.04, 1129.52], [127.05, 1042.81], [127.06, 2257.08], [127.07, 2310.19], [127.08, 1828.75], [127.09, 2202.04], [127.1, 449.72], [127.11, 719.83], [127.12, 728.08], [127.13, 245.14], [127.14, 793.1], [127.15, 702.09], [127.16, 454.19], [127.17, 1888.91], [127.18, 722.65], [127.19, 591.17]], "timestamp": "2025-12-19T22:12:37.329045+00:00"}, {"symbol": "SOLUSDT", "bids": [[126.79, 202.06], [126.78, 407.72], [126.77, 943.99], [126.76, 1221.88], [126.75, 1055.67], [126.74, 726.71], [126.73, 747.5], [126.72, 1143.49], [126.71, 1597.09], [126.7, 2134.91], [126.69, 510.97], [126.68, 1657.44], [126.67, 5631.09], [126.66, 335.39], [126.65, 1082.21], [126.64, 570.76], [126.63, 348.3], [126.62, 1047.26], [126.61, 413.94], [126.6, 1577.93]], "asks": [[126.8, 727.55], [126.81, 652.11], [126.82, 778.5], [126.83, 1224.39], [126.84, 1309.83], [126.85, 779.02], [126.86, 547.48], [126.87, 1340.25], [126.88, 1208.81], [126.89, 736.39], [126.9, 2019.88], [126.91, 1324.96], [126.92, 576.19], [126.93, 652.85], [126.94, 639.16], [126.95, 445.13], [126.96, 525.19], [126.97, 630.81], [126.98, 412.84], [126.99, 600.0]], "timestamp": "2025-12-19T22:13:31.192721+00:00"}, {"symbol": "SOLUSDT", "bids": [[126.81, 1018.61], [126.8, 1307.38], [126.79, 976.38], [126.78, 681.37], [126.77, 937.68], [126.76, 884.19], [126.75, 703.05], [126.74, 747.98], [126.73, 535.34], [126.72, 844.94], [126.71, 1239.97], [126.7, 2263.92], [126.69, 790.36], [126.68, 1637.59], [126.67, 7670.63], [126.66, 374.0], [126.65, 927.83], [126.64, 767.06], [126.63, 607.57], [126.62, 1390.25]], "asks": [[126.82, 287.92], [126.83, 801.45], [126.84, 1175.79], [126.85, 1550.05], [126.86, 725.86], [126.87, 792.47], [126.88, 1101.21], [126.89, 683.0], [126.9, 1634.98], [126.91, 939.44], [126.92, 933.53], [126.93, 879.15], [126.94, 843.03], [126.95, 745.73], [126.96, 482.03], [126.97, 584.08], [126.98, 444.11], [126.99, 570.39], [127.0, 911.14], [127.01, 1106.75]], "timestamp": "2025-12-19T22:14:24.644781+00:00"}, {"symbol": "SOLUSDT", "bids": [[126.89, 870.74], [126.88, 696.68], [126.87, 782.41], [126.86, 974.58], [126.85, 915.06], [126.84, 779.1], [126.83, 1002.23], [126.82, 1371.79], [126.81, 963.58], [126.8, 1110.01], [126.79, 808.5], [126.78, 2006.08], [126.77, 896.14], [126.76, 722.72], [126.75, 469.92], [126.74, 817.68], [126.73, 203.55], [126.72, 916.96], [126.71, 1722.44], [126.7, 2185.74]], "asks": [[126.9, 1019.59], [126.91, 486.41], [126.92, 528.21], [126.93, 650.31], [126.94, 619.45], [126.95, 379.15], [126.96, 505.56], [126.97, 803.45], [126.98, 1951.81], [126.99, 523.09], [127.0, 842.39], [127.01, 388.23], [127.02, 479.59], [127.03, 1254.68], [127.04, 632.39], [127.05, 722.81], [127.06, 1890.15], [127.07, 612.25], [127.08, 1578.54], [127.09, 1720.29]], "timestamp": "2025-12-19T22:15:18.404476+00:00"}, {"symbol": "SOLUSDT", "bids": [[126.89, 103.57], [126.88, 488.32], [126.87, 1337.73], [126.86, 1049.98], [126.85, 1094.23], [126.84, 689.2], [126.83, 486.63], [126.82, 555.67], [126.81, 986.0], [126.8, 1052.27], [126.79, 882.5], [126.78, 2188.52], [126.77, 2636.14], [126.76, 597.6], [126.75, 1032.03], [126.74, 648.84], [126.73, 262.54], [126.72, 761.73], [126.71, 1308.43], [126.7, 836.64]], "asks": [[126.9, 562.07], [126.91, 836.39], [126.92, 1274.49], [126.93, 831.0], [126.94, 858.31], [126.95, 599.13], [126.96, 485.73], [126.97, 819.94], [126.98, 1720.74], [126.99, 507.64], [127.0, 891.91], [127.01, 954.95], [127.02, 471.69], [127.03, 641.71], [127.04, 381.74], [127.05, 313.96], [127.06, 712.44], [127.07, 931.97], [127.08, 1389.05], [127.09, 519.24]], "timestamp": "2025-12-19T22:16:11.960420+00:00"}, {"symbol": "SOLUSDT", "bids": [[126.89, 183.04], [126.88, 263.42], [126.87, 770.2], [126.86, 1204.01], [126.85, 1195.9], [126.84, 682.18], [126.83, 636.87], [126.82, 568.62], [126.81, 712.64], [126.8, 936.19], [126.79, 1845.84], [126.78, 1232.34], [126.77, 1080.71], [126.76, 2224.11], [126.75, 868.97], [126.74, 788.97], [126.73, 189.27], [126.72, 765.22], [126.71, 959.46], [126.7, 780.26]], "asks": [[126.9, 1547.97], [126.91, 795.86], [126.92, 624.32], [126.93, 802.45], [126.94, 1244.31], [126.95, 749.03], [126.96, 628.52], [126.97, 717.73], [126.98, 665.08], [126.99, 1782.2], [127.0, 913.97], [127.01, 442.77], [127.02, 662.39], [127.03, 568.91], [127.04, 545.26], [127.05, 702.83], [127.06, 1867.7], [127.07, 878.17], [127.08, 1107.97], [127.09, 259.52]], "timestamp": "2025-12-19T22:17:07.872096+00:00"}, {"symbol": "SOLUSDT", "bids": [[126.91, 126.28], [126.9, 592.79], [126.89, 942.06], [126.88, 1620.55], [126.87, 1338.97], [126.86, 1119.35], [126.85, 881.1], [126.84, 380.92], [126.83, 533.04], [126.82, 949.3], [126.81, 2384.54], [126.8, 964.78], [126.79, 387.7], [126.78, 1097.19], [126.77, 1007.52], [126.76, 273.11], [126.75, 739.11], [126.74, 2169.6], [126.73, 174.81], [126.72, 674.61]], "asks": [[126.92, 864.59], [126.93, 870.92], [126.94, 1121.05], [126.95, 898.05], [126.96, 925.35], [126.97, 720.39], [126.98, 415.3], [126.99, 830.14], [127.0, 1838.11], [127.01, 667.97], [127.02, 814.34], [127.03, 556.99], [127.04, 376.97], [127.05, 640.72], [127.06, 1882.42], [127.07, 733.96], [127.08, 1428.68], [127.09, 395.58], [127.1, 871.26], [127.11, 603.58]], "timestamp": "2025-12-19T22:18:04.090329+00:00"}, {"symbol": "SOLUSDT", "bids": [[126.97, 920.05], [126.96, 1030.76], [126.95, 1046.78], [126.94, 1061.45], [126.93, 1108.58], [126.92, 1689.4], [126.91, 1641.7], [126.9, 195.36], [126.89, 401.3], [126.88, 784.66], [126.87, 2005.68], [126.86, 443.09], [126.85, 1420.12], [126.84, 413.72], [126.83, 895.37], [126.82, 1123.07], [126.81, 1268.05], [126.8, 2314.05], [126.79, 549.34], [126.78, 819.68]], "asks": [[126.98, 243.34], [126.99, 576.86], [127.0, 789.3], [127.01, 926.42], [127.02, 619.72], [127.03, 566.93], [127.04, 532.54], [127.05, 293.15], [127.06, 734.41], [127.07, 1856.35], [127.08, 1463.01], [127.09, 602.11], [127.1, 576.02], [127.11, 535.64], [127.12, 668.13], [127.13, 359.6], [127.14, 905.11], [127.15, 811.73], [127.16, 706.39], [127.17, 739.97]], "timestamp": "2025-12-19T22:18:57.132953+00:00"}, {"symbol": "SOLUSDT", "bids": [[126.98, 235.5], [126.97, 196.16], [126.96, 772.28], [126.95, 1132.66], [126.94, 971.48], [126.93, 1289.61], [126.92, 1615.14], [126.91, 1093.84], [126.9, 716.31], [126.89, 777.4], [126.88, 2248.3], [126.87, 972.81], [126.86, 710.57], [126.85, 652.97], [126.84, 534.45], [126.83, 1341.5], [126.82, 798.98], [126.81, 1256.35], [126.8, 2358.01], [126.79, 294.59]], "asks": [[126.99, 714.56], [127.0, 1230.08], [127.01, 673.73], [127.02, 596.13], [127.03, 691.33], [127.04, 776.25], [127.05, 271.41], [127.06, 430.95], [127.07, 1108.0], [127.08, 2635.46], [127.09, 448.92], [127.1, 715.24], [127.11, 692.79], [127.12, 903.7], [127.13, 758.17], [127.14, 982.8], [127.15, 1791.08], [127.16, 1065.38], [127.17, 1184.76], [127.18, 1336.8]], "timestamp": "2025-12-19T22:19:51.595492+00:00"}, {"symbol": "SOLUSDT", "bids": [[126.96, 502.25], [126.95, 497.46], [126.94, 926.33], [126.93, 1065.58], [126.92, 1644.24], [126.91, 1183.16], [126.9, 775.91], [126.89, 730.84], [126.88, 988.94], [126.87, 1188.1], [126.86, 2286.61], [126.85, 751.12], [126.84, 897.05], [126.83, 2641.84], [126.82, 729.32], [126.81, 381.5], [126.8, 443.66], [126.79, 189.32], [126.78, 764.11], [126.77, 570.07]], "asks": [[126.97, 507.68], [126.98, 521.64], [126.99, 1128.57], [127.0, 1024.47], [127.01, 557.55], [127.02, 260.93], [127.03, 437.86], [127.04, 664.81], [127.05, 696.12], [127.06, 1822.13], [127.07, 1135.38], [127.08, 1121.08], [127.09, 479.31], [127.1, 483.56], [127.11, 707.49], [127.12, 1038.22], [127.13, 559.65], [127.14, 1204.15], [127.15, 1549.23], [127.16, 865.75]], "timestamp": "2025-12-19T22:20:44.438930+00:00"}, {"symbol": "SOLUSDT", "bids": [[126.94, 895.05], [126.93, 1172.25], [126.92, 1610.49], [126.91, 1389.79], [126.9, 876.92], [126.89, 748.95], [126.88, 978.3], [126.87, 710.98], [126.86, 710.46], [126.85, 2297.71], [126.84, 888.54], [126.83, 684.21], [126.82, 756.35], [126.81, 927.99], [126.8, 2317.43], [126.79, 674.85], [126.78, 674.65], [126.77, 1035.64], [126.76, 736.24], [126.75, 1312.89]], "asks": [[126.95, 1613.19], [126.96, 247.58], [126.97, 424.76], [126.98, 1155.84], [126.99, 910.27], [127.0, 1267.04], [127.01, 769.02], [127.02, 527.17], [127.03, 897.26], [127.04, 928.02], [127.05, 1692.28], [127.06, 663.93], [127.07, 858.41], [127.08, 1203.53], [127.09, 403.83], [127.1, 837.08], [127.11, 716.2], [127.12, 795.87], [127.13, 1584.82], [127.14, 758.84]], "timestamp": "2025-12-19T22:21:36.980950+00:00"}, {"symbol": "SOLUSDT", "bids": [[126.88, 917.15], [126.87, 982.56], [126.86, 1031.91], [126.85, 1329.94], [126.84, 1039.29], [126.83, 1307.34], [126.82, 943.79], [126.81, 662.57], [126.8, 726.78], [126.79, 696.48], [126.78, 2505.0], [126.77, 1138.24], [126.76, 725.19], [126.75, 1960.68], [126.74, 583.73], [126.73, 578.11], [126.72, 1146.34], [126.71, 1119.59], [126.7, 1952.16], [126.69, 746.25]], "asks": [[126.89, 217.41], [126.9, 226.2], [126.91, 735.51], [126.92, 902.83], [126.93, 1390.43], [126.94, 1658.46], [126.95, 1468.0], [126.96, 822.7], [126.97, 1404.24], [126.98, 941.13], [126.99, 583.57], [127.0, 2437.0], [127.01, 1134.06], [127.02, 394.79], [127.03, 1078.49], [127.04, 1391.41], [127.05, 391.52], [127.06, 604.39], [127.07, 2099.69], [127.08, 1249.85]], "timestamp": "2025-12-19T22:22:29.187427+00:00"}, {"symbol": "SOLUSDT", "bids": [[126.94, 460.35], [126.93, 249.42], [126.92, 704.65], [126.91, 999.39], [126.9, 1134.83], [126.89, 1442.53], [126.88, 1490.34], [126.87, 954.21], [126.86, 731.58], [126.85, 1241.46], [126.84, 1285.42], [126.83, 2133.16], [126.82, 598.19], [126.81, 914.42], [126.8, 1442.08], [126.79, 1840.49], [126.78, 729.14], [126.77, 1189.82], [126.76, 216.86], [126.75, 373.38]], "asks": [[126.95, 2037.38], [126.96, 1202.08], [126.97, 1265.39], [126.98, 714.2], [126.99, 727.26], [127.0, 1780.55], [127.01, 664.75], [127.02, 485.73], [127.03, 1093.04], [127.04, 2542.45], [127.05, 592.53], [127.06, 547.07], [127.07, 966.33], [127.08, 1256.13], [127.09, 538.21], [127.1, 447.45], [127.11, 954.01], [127.12, 937.65], [127.13, 1558.56], [127.14, 524.58]], "timestamp": "2025-12-19T22:23:22.625245+00:00"}, {"symbol": "SOLUSDT", "bids": [[126.93, 689.45], [126.92, 661.19], [126.91, 1147.9], [126.9, 1254.22], [126.89, 1389.76], [126.88, 1376.06], [126.87, 511.12], [126.86, 479.5], [126.85, 1219.25], [126.84, 920.81], [126.83, 2182.65], [126.82, 1080.3], [126.81, 2668.18], [126.8, 1034.21], [126.79, 268.57], [126.78, 963.41], [126.77, 1131.67], [126.76, 341.31], [126.75, 394.0], [126.74, 795.74]], "asks": [[126.94, 182.86], [126.95, 254.75], [126.96, 777.76], [126.97, 792.98], [126.98, 743.76], [126.99, 1475.99], [127.0, 1947.81], [127.01, 607.28], [127.02, 833.69], [127.03, 904.25], [127.04, 1997.96], [127.05, 325.5], [127.06, 358.2], [127.07, 754.31], [127.08, 351.13], [127.09, 393.4], [127.1, 849.6], [127.11, 629.98], [127.12, 931.45], [127.13, 1665.47]], "timestamp": "2025-12-19T22:24:16.111551+00:00"}, {"symbol": "SOLUSDT", "bids": [[126.89, 477.56], [126.88, 469.04], [126.87, 275.7], [126.86, 745.23], [126.85, 1219.04], [126.84, 703.13], [126.83, 669.18], [126.82, 716.16], [126.81, 875.27], [126.8, 1026.22], [126.79, 2032.09], [126.78, 1910.46], [126.77, 1238.57], [126.76, 620.18], [126.75, 359.54], [126.74, 1283.25], [126.73, 571.48], [126.72, 1335.08], [126.71, 1892.33], [126.7, 791.03]], "asks": [[126.9, 697.88], [126.91, 737.39], [126.92, 809.43], [126.93, 819.5], [126.94, 569.57], [126.95, 807.1], [126.96, 806.17], [126.97, 1175.61], [126.98, 2435.59], [126.99, 1027.81], [127.0, 1345.32], [127.01, 872.28], [127.02, 497.96], [127.03, 570.19], [127.04, 746.4], [127.05, 482.37], [127.06, 755.46], [127.07, 779.85], [127.08, 311.62], [127.09, 435.83]], "timestamp": "2025-12-19T22:25:10.057441+00:00"}, {"symbol": "SOLUSDT", "bids": [[126.98, 212.36], [126.97, 549.13], [126.96, 623.8], [126.95, 1863.61], [126.94, 836.9], [126.93, 1169.43], [126.92, 1796.6], [126.91, 376.47], [126.9, 556.55], [126.89, 920.63], [126.88, 1013.17], [126.87, 2600.96], [126.86, 314.14], [126.85, 599.83], [126.84, 574.0], [126.83, 788.88], [126.82, 560.08], [126.81, 1213.84], [126.8, 1673.17], [126.79, 589.45]], "asks": [[126.99, 612.5], [127.0, 1022.0], [127.01, 531.47], [127.02, 1010.89], [127.03, 348.86], [127.04, 273.34], [127.05, 256.53], [127.06, 873.5], [127.07, 1882.59], [127.08, 513.4], [127.09, 736.38], [127.1, 492.85], [127.11, 561.94], [127.12, 812.95], [127.13, 308.09], [127.14, 886.79], [127.15, 1500.67], [127.16, 928.11], [127.17, 744.31], [127.18, 625.11]], "timestamp": "2025-12-19T22:26:02.689799+00:00"}, {"symbol": "SOLUSDT", "bids": [[127.04, 206.91], [127.03, 668.92], [127.02, 684.52], [127.01, 609.08], [127.0, 592.16], [126.99, 1902.31], [126.98, 1486.66], [126.97, 586.89], [126.96, 1442.09], [126.95, 1008.89], [126.94, 671.09], [126.93, 2003.29], [126.92, 1031.15], [126.91, 582.34], [126.9, 2100.87], [126.89, 241.95], [126.88, 708.56], [126.87, 1474.13], [126.86, 370.21], [126.85, 639.69]], "asks": [[127.05, 700.99], [127.06, 1126.33], [127.07, 425.37], [127.08, 317.12], [127.09, 479.1], [127.1, 347.6], [127.11, 725.06], [127.12, 871.91], [127.13, 1357.17], [127.14, 881.55], [127.15, 522.99], [127.16, 747.93], [127.17, 599.98], [127.18, 623.47], [127.19, 870.42], [127.2, 1991.98], [127.21, 275.61], [127.22, 754.31], [127.23, 672.71], [127.24, 919.76]], "timestamp": "2025-12-19T22:26:56.060680+00:00"}, {"symbol": "SOLUSDT", "bids": [[127.01, 463.94], [127.0, 1103.08], [126.99, 1417.21], [126.98, 1107.34], [126.97, 814.8], [126.96, 1444.2], [126.95, 1039.54], [126.94, 657.94], [126.93, 498.4], [126.92, 1261.54], [126.91, 2049.55], [126.9, 828.0], [126.89, 558.3], [126.88, 1017.11], [126.87, 3061.08], [126.86, 204.47], [126.85, 652.65], [126.84, 435.33], [126.83, 743.05], [126.82, 1178.67]], "asks": [[127.02, 267.02], [127.03, 486.41], [127.04, 695.22], [127.05, 861.48], [127.06, 1211.06], [127.07, 509.97], [127.08, 519.37], [127.09, 673.37], [127.1, 300.99], [127.11, 808.11], [127.12, 1977.8], [127.13, 459.37], [127.14, 528.75], [127.15, 474.71], [127.16, 673.74], [127.17, 687.92], [127.18, 780.64], [127.19, 956.71], [127.2, 1625.22], [127.21, 898.7]], "timestamp": "2025-12-19T22:27:48.918735+00:00"}, {"symbol": "SOLUSDT", "bids": [[126.91, 811.23], [126.9, 490.24], [126.89, 1213.46], [126.88, 1462.64], [126.87, 1155.15], [126.86, 894.86], [126.85, 551.2], [126.84, 409.01], [126.83, 931.54], [126.82, 1710.82], [126.81, 693.12], [126.8, 1035.51], [126.79, 720.21], [126.78, 1149.76], [126.77, 832.93], [126.76, 1204.62], [126.75, 312.02], [126.74, 855.98], [126.73, 761.16], [126.72, 1036.04]], "asks": [[126.92, 140.24], [126.93, 484.92], [126.94, 527.57], [126.95, 543.16], [126.96, 552.66], [126.97, 738.66], [126.98, 307.8], [126.99, 523.24], [127.0, 706.95], [127.01, 1604.73], [127.02, 764.17], [127.03, 412.03], [127.04, 673.07], [127.05, 1082.71], [127.06, 1183.59], [127.07, 1663.42], [127.08, 784.21], [127.09, 1120.13], [127.1, 1187.81], [127.11, 670.74]], "timestamp": "2025-12-19T22:28:42.353488+00:00"}, {"symbol": "SOLUSDT", "bids": [[126.91, 293.42], [126.9, 286.17], [126.89, 837.16], [126.88, 1980.23], [126.87, 1227.99], [126.86, 743.32], [126.85, 517.71], [126.84, 993.38], [126.83, 884.42], [126.82, 705.69], [126.81, 1939.57], [126.8, 1064.08], [126.79, 823.13], [126.78, 2800.27], [126.77, 699.81], [126.76, 878.46], [126.75, 492.94], [126.74, 618.17], [126.73, 572.73], [126.72, 1054.7]], "asks": [[126.92, 1335.35], [126.93, 735.16], [126.94, 575.37], [126.95, 178.48], [126.96, 508.02], [126.97, 609.58], [126.98, 331.28], [126.99, 984.29], [127.0, 1861.9], [127.01, 458.42], [127.02, 679.94], [127.03, 367.79], [127.04, 280.68], [127.05, 795.1], [127.06, 988.98], [127.07, 593.91], [127.08, 1274.1], [127.09, 1010.17], [127.1, 1014.23], [127.11, 1782.69]], "timestamp": "2025-12-19T22:29:36.216906+00:00"}, {"symbol": "SOLUSDT", "bids": [[126.82, 645.2], [126.81, 355.98], [126.8, 694.7], [126.79, 517.68], [126.78, 1236.94], [126.77, 1039.02], [126.76, 404.5], [126.75, 689.06], [126.74, 940.62], [126.73, 892.89], [126.72, 1336.98], [126.71, 2071.32], [126.7, 725.41], [126.69, 1879.94], [126.68, 1275.89], [126.67, 5779.32], [126.66, 384.08], [126.65, 874.04], [126.64, 931.4], [126.63, 1447.96]], "asks": [[126.83, 265.84], [126.84, 891.36], [126.85, 851.18], [126.86, 1053.77], [126.87, 943.77], [126.88, 1018.21], [126.89, 1062.95], [126.9, 872.82], [126.91, 1000.9], [126.92, 1659.93], [126.93, 444.88], [126.94, 767.28], [126.95, 497.46], [126.96, 853.23], [126.97, 573.6], [126.98, 476.96], [126.99, 980.75], [127.0, 1063.45], [127.01, 411.65], [127.02, 502.38]], "timestamp": "2025-12-19T22:30:30.387332+00:00"}, {"symbol": "SOLUSDT", "bids": [[126.75, 134.3], [126.74, 737.23], [126.73, 562.99], [126.72, 411.63], [126.71, 1229.51], [126.7, 861.84], [126.69, 1182.82], [126.68, 1743.13], [126.67, 5483.09], [126.66, 1092.93], [126.65, 731.8], [126.64, 796.13], [126.63, 271.97], [126.62, 2974.05], [126.61, 179.35], [126.6, 691.21], [126.59, 755.07], [126.58, 2461.91], [126.57, 745.8], [126.56, 1478.08]], "asks": [[126.76, 1669.04], [126.77, 468.03], [126.78, 526.43], [126.79, 856.52], [126.8, 509.62], [126.81, 593.53], [126.82, 927.42], [126.83, 541.31], [126.84, 398.97], [126.85, 2116.59], [126.86, 376.54], [126.87, 669.91], [126.88, 678.92], [126.89, 708.09], [126.9, 1433.66], [126.91, 511.28], [126.92, 990.39], [126.93, 374.36], [126.94, 983.14], [126.95, 862.77]], "timestamp": "2025-12-19T22:31:24.276857+00:00"}, {"symbol": "SOLUSDT", "bids": [[126.72, 890.52], [126.71, 463.19], [126.7, 812.03], [126.69, 1218.56], [126.68, 1912.46], [126.67, 5691.45], [126.66, 1338.76], [126.65, 821.36], [126.64, 627.51], [126.63, 779.52], [126.62, 1439.79], [126.61, 1996.19], [126.6, 351.36], [126.59, 661.73], [126.58, 1257.31], [126.57, 2229.38], [126.56, 686.93], [126.55, 248.01], [126.54, 820.48], [126.53, 1316.19]], "asks": [[126.73, 237.96], [126.74, 230.78], [126.75, 861.11], [126.76, 1092.48], [126.77, 773.93], [126.78, 860.87], [126.79, 1119.23], [126.8, 708.21], [126.81, 883.48], [126.82, 1214.92], [126.83, 1929.46], [126.84, 630.24], [126.85, 834.37], [126.86, 333.03], [126.87, 450.21], [126.88, 632.4], [126.89, 1156.95], [126.9, 1478.19], [126.91, 659.31], [126.92, 476.3]], "timestamp": "2025-12-19T22:32:17.399224+00:00"}, {"symbol": "SOLUSDT", "bids": [[126.84, 1038.59], [126.83, 402.17], [126.82, 453.72], [126.81, 566.28], [126.8, 995.95], [126.79, 843.41], [126.78, 1544.85], [126.77, 983.05], [126.76, 1106.68], [126.75, 2032.94], [126.74, 2061.8], [126.73, 282.95], [126.72, 798.66], [126.71, 1232.16], [126.7, 650.5], [126.69, 2170.18], [126.68, 1767.71], [126.67, 5464.53], [126.66, 870.11], [126.65, 942.83]], "asks": [[126.85, 192.73], [126.86, 197.28], [126.87, 240.1], [126.88, 535.86], [126.89, 441.31], [126.9, 177.11], [126.91, 605.7], [126.92, 460.35], [126.93, 528.67], [126.94, 1598.37], [126.95, 640.21], [126.96, 831.89], [126.97, 937.83], [126.98, 267.83], [126.99, 714.12], [127.0, 871.09], [127.01, 714.12], [127.02, 1783.77], [127.03, 1177.93], [127.04, 615.54]], "timestamp": "2025-12-19T22:33:11.058351+00:00"}, {"symbol": "SOLUSDT", "bids": [[126.9, 362.49], [126.89, 719.51], [126.88, 512.33], [126.87, 897.38], [126.86, 972.54], [126.85, 1064.89], [126.84, 548.25], [126.83, 796.11], [126.82, 756.72], [126.81, 367.74], [126.8, 2164.02], [126.79, 250.02], [126.78, 776.52], [126.77, 931.98], [126.76, 1089.5], [126.75, 2371.33], [126.74, 722.82], [126.73, 1016.12], [126.72, 2841.01], [126.71, 1090.61]], "asks": [[126.91, 723.93], [126.92, 798.11], [126.93, 178.55], [126.94, 467.53], [126.95, 356.52], [126.96, 386.58], [126.97, 903.13], [126.98, 732.45], [126.99, 955.06], [127.0, 1661.06], [127.01, 608.77], [127.02, 715.42], [127.03, 624.73], [127.04, 829.81], [127.05, 538.16], [127.06, 1384.81], [127.07, 972.03], [127.08, 310.91], [127.09, 551.07], [127.1, 776.22]], "timestamp": "2025-12-19T22:34:04.612553+00:00"}, {"symbol": "SOLUSDT", "bids": [[126.8, 31.52], [126.79, 97.68], [126.78, 606.7], [126.77, 315.68], [126.76, 1011.79], [126.75, 1793.01], [126.74, 857.26], [126.73, 710.54], [126.72, 811.88], [126.71, 1359.86], [126.7, 1060.72], [126.69, 966.04], [126.68, 2934.43], [126.67, 7168.57], [126.66, 1738.48], [126.65, 716.58], [126.64, 546.89], [126.63, 311.04], [126.62, 472.09], [126.61, 470.42]], "asks": [[126.81, 1216.37], [126.82, 562.97], [126.83, 702.13], [126.84, 681.39], [126.85, 630.35], [126.86, 1046.16], [126.87, 829.45], [126.88, 1306.87], [126.89, 682.61], [126.9, 998.72], [126.91, 712.36], [126.92, 269.69], [126.93, 891.56], [126.94, 505.55], [126.95, 469.08], [126.96, 555.24], [126.97, 910.83], [126.98, 235.73], [126.99, 593.09], [127.0, 954.8]], "timestamp": "2025-12-19T22:34:59.254905+00:00"}, {"symbol": "SOLUSDT", "bids": [[126.82, 589.77], [126.81, 523.27], [126.8, 296.02], [126.79, 700.18], [126.78, 849.11], [126.77, 989.97], [126.76, 1077.14], [126.75, 2039.55], [126.74, 1151.12], [126.73, 448.03], [126.72, 583.77], [126.71, 1409.58], [126.7, 2389.63], [126.69, 639.54], [126.68, 2055.72], [126.67, 5630.3], [126.66, 1288.51], [126.65, 782.9], [126.64, 2092.27], [126.63, 640.49]], "asks": [[126.83, 464.12], [126.84, 311.16], [126.85, 502.29], [126.86, 704.3], [126.87, 783.76], [126.88, 385.78], [126.89, 393.76], [126.9, 1586.49], [126.91, 388.33], [126.92, 669.91], [126.93, 943.62], [126.94, 616.55], [126.95, 607.58], [126.96, 966.56], [126.97, 1821.07], [126.98, 216.81], [126.99, 534.08], [127.0, 987.96], [127.01, 937.64], [127.02, 1508.91]], "timestamp": "2025-12-19T22:35:53.672472+00:00"}, {"symbol": "SOLUSDT", "bids": [[126.75, 1426.37], [126.74, 480.91], [126.73, 372.15], [126.72, 581.59], [126.71, 1239.48], [126.7, 1175.11], [126.69, 1422.76], [126.68, 2118.46], [126.67, 6007.1], [126.66, 1333.2], [126.65, 1486.77], [126.64, 420.5], [126.63, 292.06], [126.62, 1211.23], [126.61, 2476.36], [126.6, 2715.07], [126.59, 431.35], [126.58, 781.14], [126.57, 265.26], [126.56, 916.83]], "asks": [[126.76, 1376.82], [126.77, 270.81], [126.78, 373.15], [126.79, 651.31], [126.8, 406.44], [126.81, 654.07], [126.82, 662.55], [126.83, 1400.58], [126.84, 748.02], [126.85, 1295.71], [126.86, 352.29], [126.87, 372.72], [126.88, 373.57], [126.89, 909.51], [126.9, 898.78], [126.91, 951.34], [126.92, 446.73], [126.93, 1108.11], [126.94, 1624.54], [126.95, 361.1]], "timestamp": "2025-12-19T22:36:47.328095+00:00"}, {"symbol": "SOLUSDT", "bids": [[126.84, 952.4], [126.83, 1504.85], [126.82, 199.6], [126.81, 545.36], [126.8, 1041.04], [126.79, 979.56], [126.78, 853.91], [126.77, 841.38], [126.76, 1206.36], [126.75, 824.77], [126.74, 1021.1], [126.73, 616.93], [126.72, 2116.75], [126.71, 1095.65], [126.7, 570.75], [126.69, 1178.95], [126.68, 1871.49], [126.67, 6082.66], [126.66, 800.63], [126.65, 1375.73]], "asks": [[126.85, 477.68], [126.86, 111.45], [126.87, 258.19], [126.88, 339.23], [126.89, 621.14], [126.9, 967.77], [126.91, 482.27], [126.92, 469.47], [126.93, 1826.6], [126.94, 289.18], [126.95, 280.58], [126.96, 508.41], [126.97, 968.77], [126.98, 712.76], [126.99, 1516.65], [127.0, 395.39], [127.01, 1059.88], [127.02, 640.67], [127.03, 905.06], [127.04, 1860.19]], "timestamp": "2025-12-19T22:37:40.986427+00:00"}, {"symbol": "SOLUSDT", "bids": [[126.98, 804.33], [126.97, 462.53], [126.96, 535.37], [126.95, 912.71], [126.94, 797.52], [126.93, 461.91], [126.92, 1201.88], [126.91, 675.72], [126.9, 1020.05], [126.89, 651.53], [126.88, 1424.44], [126.87, 389.8], [126.86, 1061.3], [126.85, 640.38], [126.84, 181.88], [126.83, 598.99], [126.82, 806.22], [126.81, 964.36], [126.8, 1028.96], [126.79, 584.02]], "asks": [[126.99, 70.15], [127.0, 223.92], [127.01, 394.64], [127.02, 491.97], [127.03, 457.18], [127.04, 1078.34], [127.05, 420.58], [127.06, 1024.68], [127.07, 784.29], [127.08, 887.47], [127.09, 1281.14], [127.1, 827.75], [127.11, 875.41], [127.12, 649.37], [127.13, 1424.78], [127.14, 597.53], [127.15, 676.57], [127.16, 415.84], [127.17, 722.73], [127.18, 740.47]], "timestamp": "2025-12-19T22:38:35.888956+00:00"}, {"symbol": "SOLUSDT", "bids": [[126.9, 527.21], [126.89, 377.48], [126.88, 550.07], [126.87, 679.4], [126.86, 722.72], [126.85, 789.16], [126.84, 701.17], [126.83, 669.95], [126.82, 726.48], [126.81, 1535.46], [126.8, 1244.31], [126.79, 536.53], [126.78, 992.19], [126.77, 240.25], [126.76, 710.81], [126.75, 1151.21], [126.74, 2311.37], [126.73, 399.02], [126.72, 693.41], [126.71, 1054.01]], "asks": [[126.91, 192.26], [126.92, 434.77], [126.93, 132.76], [126.94, 289.2], [126.95, 622.56], [126.96, 845.28], [126.97, 750.82], [126.98, 618.79], [126.99, 538.06], [127.0, 835.81], [127.01, 1240.41], [127.02, 512.55], [127.03, 722.97], [127.04, 888.77], [127.05, 810.43], [127.06, 1563.21], [127.07, 841.16], [127.08, 870.06], [127.09, 1461.76], [127.1, 886.05]], "timestamp": "2025-12-19T22:39:29.428873+00:00"}, {"symbol": "SOLUSDT", "bids": [[126.89, 17.3], [126.88, 168.2], [126.87, 627.45], [126.86, 841.81], [126.85, 633.98], [126.84, 939.17], [126.83, 549.5], [126.82, 375.97], [126.81, 737.31], [126.8, 1254.36], [126.79, 1677.16], [126.78, 685.82], [126.77, 1833.79], [126.76, 761.81], [126.75, 314.69], [126.74, 341.54], [126.73, 672.11], [126.72, 1066.49], [126.71, 1065.06], [126.7, 994.75]], "asks": [[126.9, 531.24], [126.91, 220.0], [126.92, 285.4], [126.93, 392.3], [126.94, 577.73], [126.95, 644.69], [126.96, 613.98], [126.97, 772.31], [126.98, 806.83], [126.99, 1327.05], [127.0, 568.08], [127.01, 762.24], [127.02, 462.27], [127.03, 620.09], [127.04, 585.89], [127.05, 650.14], [127.06, 1614.33], [127.07, 904.32], [127.08, 814.09], [127.09, 1429.09]], "timestamp": "2025-12-19T22:40:22.780938+00:00"}, {"symbol": "SOLUSDT", "bids": [[127.0, 350.64], [126.99, 783.59], [126.98, 688.03], [126.97, 804.22], [126.96, 230.42], [126.95, 531.09], [126.94, 797.1], [126.93, 916.85], [126.92, 1095.46], [126.91, 773.28], [126.9, 2069.4], [126.89, 485.52], [126.88, 419.88], [126.87, 565.21], [126.86, 1232.27], [126.85, 518.76], [126.84, 987.28], [126.83, 2368.04], [126.82, 351.22], [126.81, 635.13]], "asks": [[127.01, 317.71], [127.02, 291.37], [127.03, 252.52], [127.04, 661.11], [127.05, 412.38], [127.06, 1379.22], [127.07, 686.27], [127.08, 342.65], [127.09, 480.7], [127.1, 1467.32], [127.11, 796.21], [127.12, 666.37], [127.13, 436.51], [127.14, 699.84], [127.15, 723.13], [127.16, 1825.28], [127.17, 1394.3], [127.18, 429.75], [127.19, 438.01], [127.2, 450.11]], "timestamp": "2025-12-19T22:41:15.930039+00:00"}, {"symbol": "SOLUSDT", "bids": [[127.01, 450.15], [127.0, 161.6], [126.99, 430.45], [126.98, 659.48], [126.97, 939.93], [126.96, 528.9], [126.95, 744.8], [126.94, 838.8], [126.93, 994.54], [126.92, 969.77], [126.91, 972.89], [126.9, 1616.45], [126.89, 535.59], [126.88, 556.74], [126.87, 1105.58], [126.86, 2732.42], [126.85, 474.23], [126.84, 421.65], [126.83, 679.02], [126.82, 470.99]], "asks": [[127.02, 228.08], [127.03, 86.19], [127.04, 424.04], [127.05, 740.03], [127.06, 1334.39], [127.07, 790.13], [127.08, 880.75], [127.09, 829.67], [127.1, 403.71], [127.11, 1604.37], [127.12, 915.11], [127.13, 670.8], [127.14, 594.73], [127.15, 315.29], [127.16, 845.83], [127.17, 909.43], [127.18, 673.7], [127.19, 1748.27], [127.2, 380.13], [127.21, 445.97]], "timestamp": "2025-12-19T22:42:08.449067+00:00"}, {"symbol": "SOLUSDT", "bids": [[126.99, 231.35], [126.98, 361.67], [126.97, 976.83], [126.96, 532.47], [126.95, 723.23], [126.94, 1055.5], [126.93, 777.99], [126.92, 1288.04], [126.91, 699.52], [126.9, 1235.13], [126.89, 488.05], [126.88, 1040.25], [126.87, 2331.35], [126.86, 1122.23], [126.85, 649.45], [126.84, 413.15], [126.83, 1903.8], [126.82, 613.37], [126.81, 1151.33], [126.8, 1625.58]], "asks": [[127.0, 436.23], [127.01, 709.66], [127.02, 1033.89], [127.03, 664.41], [127.04, 443.93], [127.05, 608.69], [127.06, 337.68], [127.07, 432.22], [127.08, 769.34], [127.09, 623.21], [127.1, 1618.89], [127.11, 805.64], [127.12, 1158.54], [127.13, 459.71], [127.14, 572.3], [127.15, 314.99], [127.16, 1051.86], [127.17, 826.31], [127.18, 650.72], [127.19, 1568.3]], "timestamp": "2025-12-19T22:43:01.599916+00:00"}, {"symbol": "SOLUSDT", "bids": [[126.96, 26.81], [126.95, 116.62], [126.94, 513.42], [126.93, 919.87], [126.92, 910.53], [126.91, 982.99], [126.9, 1171.98], [126.89, 896.47], [126.88, 1204.64], [126.87, 1305.34], [126.86, 1356.36], [126.85, 2244.99], [126.84, 1566.93], [126.83, 808.98], [126.82, 660.3], [126.81, 1649.22], [126.8, 1095.18], [126.79, 529.42], [126.78, 964.06], [126.77, 857.72]], "asks": [[126.97, 730.4], [126.98, 301.41], [126.99, 542.92], [127.0, 526.91], [127.01, 770.93], [127.02, 1197.71], [127.03, 441.28], [127.04, 485.62], [127.05, 990.65], [127.06, 1471.99], [127.07, 642.34], [127.08, 1014.03], [127.09, 656.92], [127.1, 790.58], [127.11, 883.21], [127.12, 821.44], [127.13, 1187.98], [127.14, 710.41], [127.15, 904.92], [127.16, 2073.88]], "timestamp": "2025-12-19T22:43:54.973581+00:00"}, {"symbol": "SOLUSDT", "bids": [[126.9, 119.45], [126.89, 269.37], [126.88, 420.04], [126.87, 892.96], [126.86, 1438.91], [126.85, 1157.69], [126.84, 1054.83], [126.83, 1725.89], [126.82, 866.8], [126.81, 1415.58], [126.8, 1345.43], [126.79, 1056.04], [126.78, 2037.44], [126.77, 1332.1], [126.76, 2877.26], [126.75, 773.91], [126.74, 383.82], [126.73, 970.04], [126.72, 637.31], [126.71, 1111.12]], "asks": [[126.91, 524.52], [126.92, 456.76], [126.93, 525.19], [126.94, 524.43], [126.95, 1017.27], [126.96, 340.75], [126.97, 600.22], [126.98, 724.14], [126.99, 662.41], [127.0, 1906.48], [127.01, 1044.68], [127.02, 1144.78], [127.03, 538.1], [127.04, 596.49], [127.05, 829.37], [127.06, 1183.8], [127.07, 781.87], [127.08, 1016.06], [127.09, 1206.2], [127.1, 2358.09]], "timestamp": "2025-12-19T22:44:48.203787+00:00"}, {"symbol": "SOLUSDT", "bids": [[126.89, 378.99], [126.88, 672.4], [126.87, 401.24], [126.86, 553.74], [126.85, 1187.55], [126.84, 784.95], [126.83, 743.85], [126.82, 1269.95], [126.81, 1137.72], [126.8, 1292.79], [126.79, 1322.22], [126.78, 1510.42], [126.77, 2865.28], [126.76, 1148.21], [126.75, 939.57], [126.74, 1238.34], [126.73, 1016.31], [126.72, 822.34], [126.71, 1369.08], [126.7, 681.35]], "asks": [[126.9, 172.17], [126.91, 390.61], [126.92, 619.81], [126.93, 540.2], [126.94, 1044.69], [126.95, 1063.25], [126.96, 809.72], [126.97, 908.45], [126.98, 1709.44], [126.99, 695.77], [127.0, 809.18], [127.01, 1190.25], [127.02, 899.01], [127.03, 812.95], [127.04, 918.0], [127.05, 1135.87], [127.06, 2399.23], [127.07, 887.19], [127.08, 1330.66], [127.09, 1093.35]], "timestamp": "2025-12-19T22:45:41.760444+00:00"}, {"symbol": "SOLUSDT", "bids": [[126.88, 565.83], [126.87, 454.83], [126.86, 931.01], [126.85, 1527.05], [126.84, 799.56], [126.83, 862.81], [126.82, 1421.45], [126.81, 715.46], [126.8, 1204.42], [126.79, 1308.57], [126.78, 898.8], [126.77, 1224.98], [126.76, 2704.23], [126.75, 979.89], [126.74, 629.56], [126.73, 845.9], [126.72, 1284.34], [126.71, 3200.11], [126.7, 418.16], [126.69, 706.78]], "asks": [[126.89, 73.44], [126.9, 277.15], [126.91, 429.1], [126.92, 870.87], [126.93, 1012.5], [126.94, 856.23], [126.95, 725.41], [126.96, 626.98], [126.97, 971.85], [126.98, 2244.38], [126.99, 723.56], [127.0, 962.84], [127.01, 1156.85], [127.02, 1029.37], [127.03, 930.08], [127.04, 644.19], [127.05, 1008.77], [127.06, 766.93], [127.07, 1958.66], [127.08, 1195.48]], "timestamp": "2025-12-19T22:46:35.110365+00:00"}, {"symbol": "SOLUSDT", "bids": [[126.91, 747.15], [126.9, 506.58], [126.89, 668.77], [126.88, 1004.89], [126.87, 1035.39], [126.86, 1011.33], [126.85, 1387.05], [126.84, 833.17], [126.83, 1598.6], [126.82, 840.02], [126.81, 1018.64], [126.8, 2966.98], [126.79, 2596.49], [126.78, 672.73], [126.77, 605.81], [126.76, 1235.5], [126.75, 756.87], [126.74, 598.69], [126.73, 1218.18], [126.72, 600.95]], "asks": [[126.92, 41.95], [126.93, 123.29], [126.94, 456.93], [126.95, 822.02], [126.96, 765.44], [126.97, 1187.27], [126.98, 779.47], [126.99, 709.53], [127.0, 1949.24], [127.01, 806.6], [127.02, 1135.13], [127.03, 864.98], [127.04, 537.85], [127.05, 851.81], [127.06, 1134.35], [127.07, 2340.92], [127.08, 1082.99], [127.09, 928.22], [127.1, 2280.3], [127.11, 900.99]], "timestamp": "2025-12-19T22:47:28.460757+00:00"}, {"symbol": "SOLUSDT", "bids": [[126.89, 153.07], [126.88, 18.56], [126.87, 1052.49], [126.86, 367.13], [126.85, 714.78], [126.84, 933.23], [126.83, 1149.41], [126.82, 1111.1], [126.81, 1105.07], [126.8, 1285.83], [126.79, 1132.6], [126.78, 1296.83], [126.77, 2332.63], [126.76, 597.59], [126.75, 1235.0], [126.74, 2441.46], [126.73, 447.86], [126.72, 1237.05], [126.71, 1556.51], [126.7, 1300.16]], "asks": [[126.9, 479.64], [126.91, 418.2], [126.92, 1076.22], [126.93, 643.76], [126.94, 826.41], [126.95, 786.39], [126.96, 701.6], [126.97, 1770.75], [126.98, 920.55], [126.99, 688.89], [127.0, 872.66], [127.01, 1252.74], [127.02, 934.59], [127.03, 1129.47], [127.04, 1838.3], [127.05, 702.66], [127.06, 966.33], [127.07, 689.36], [127.08, 998.96], [127.09, 1177.6]], "timestamp": "2025-12-19T22:48:21.811878+00:00"}, {"symbol": "SOLUSDT", "bids": [[126.87, 42.92], [126.86, 29.14], [126.85, 1219.18], [126.84, 93.92], [126.83, 482.79], [126.82, 847.22], [126.81, 1165.76], [126.8, 1272.75], [126.79, 1333.19], [126.78, 1301.46], [126.77, 1366.54], [126.76, 1188.97], [126.75, 2475.28], [126.74, 3360.76], [126.73, 415.13], [126.72, 1095.3], [126.71, 1497.94], [126.7, 756.46], [126.69, 1049.91], [126.68, 2382.84]], "asks": [[126.88, 433.89], [126.89, 760.04], [126.9, 774.59], [126.91, 901.02], [126.92, 1206.5], [126.93, 422.69], [126.94, 795.97], [126.95, 1972.85], [126.96, 745.24], [126.97, 950.72], [126.98, 1149.06], [126.99, 615.76], [127.0, 913.14], [127.01, 735.5], [127.02, 911.87], [127.03, 1209.06], [127.04, 585.74], [127.05, 1036.39], [127.06, 2098.98], [127.07, 560.68]], "timestamp": "2025-12-19T22:49:16.004405+00:00"}, {"symbol": "SOLUSDT", "bids": [[126.94, 726.08], [126.93, 531.17], [126.92, 727.7], [126.91, 790.47], [126.9, 882.1], [126.89, 1255.54], [126.88, 702.14], [126.87, 824.12], [126.86, 1349.19], [126.85, 1062.18], [126.84, 1777.66], [126.83, 841.58], [126.82, 822.83], [126.81, 683.55], [126.8, 1219.28], [126.79, 679.15], [126.78, 1394.89], [126.77, 2430.49], [126.76, 564.63], [126.75, 698.79]], "asks": [[126.95, 18.48], [126.96, 175.78], [126.97, 209.41], [126.98, 730.36], [126.99, 716.53], [127.0, 1226.36], [127.01, 1079.82], [127.02, 1017.31], [127.03, 897.89], [127.04, 1969.54], [127.05, 928.89], [127.06, 679.62], [127.07, 587.12], [127.08, 1118.54], [127.09, 662.14], [127.1, 763.18], [127.11, 975.32], [127.12, 1343.15], [127.13, 2114.01], [127.14, 814.07]], "timestamp": "2025-12-19T22:50:09.024236+00:00"}