[{"id": "1014730633", "price": 126.35, "amount": 0.18, "side": "buy", "timestamp": 1766187717205}, {"id": "1014730634", "price": 126.35, "amount": 158.13, "side": "buy", "timestamp": 1766187717627}, {"id": "1014730635", "price": 126.36, "amount": 0.01, "side": "buy", "timestamp": 1766187717721}, {"id": "1014730636", "price": 126.35, "amount": 1185.42, "side": "sell", "timestamp": 1766187718021}, {"id": "1014730637", "price": 126.35, "amount": 0.16, "side": "buy", "timestamp": 1766187718026}, {"id": "1014730638", "price": 126.34, "amount": 2.0, "side": "sell", "timestamp": 1766187718444}, {"id": "1014730639", "price": 126.35, "amount": 0.02, "side": "buy", "timestamp": 1766187719618}, {"id": "1014730640", "price": 126.34, "amount": 76.63, "side": "sell", "timestamp": 1766187719682}, {"id": "1014730641", "price": 126.34, "amount": 0.16, "side": "buy", "timestamp": 1766187719687}, {"id": "1014730642", "price": 126.34, "amount": 0.59, "side": "buy", "timestamp": 1766187720171}, {"id": "1014730643", "price": 126.34, "amount": 0.02, "side": "buy", "timestamp": 1766187720806}, {"id": "1014730644", "price": 126.33, "amount": 62.57, "side": "sell", "timestamp": 1766187720898}, {"id": "1014730645", "price": 126.32, "amount": 48.57, "side": "sell", "timestamp": 1766187721282}, {"id": "1014730646", "price": 126.31, "amount": 8.7, "side": "sell", "timestamp": 1766187721855}, {"id": "1014730647", "price": 126.32, "amount": 0.02, "side": "buy", "timestamp": 1766187722225}, {"id": "1014730648", "price": 126.32, "amount": 0.07, "side": "buy", "timestamp": 1766187722515}, {"id": "1014730649", "price": 126.31, "amount": 0.05, "side": "sell", "timestamp": 1766187723306}, {"id": "1014730650", "price": 126.32, "amount": 62.05, "side": "buy", "timestamp": 1766187723764}, {"id": "1014730651", "price": 126.31, "amount": 0.1, "side": "sell", "timestamp": 1766187723968}, {"id": "1014730652", "price": 126.31, "amount": 0.38, "side": "sell", "timestamp": 1766187724072}, {"id": "1014730653", "price": 126.32, "amount": 0.01, "side": "buy", "timestamp": 1766187724181}, {"id": "1014730654", "price": 126.31, "amount": 0.06, "side": "sell", "timestamp": 1766187724519}, {"id": "1014730655", "price": 126.32, "amount": 0.09, "side": "buy", "timestamp": 1766187724524}, {"id": "1014730656", "price": 126.32, "amount": 0.02, "side": "buy", "timestamp": 1766187724866}, {"id": "1014730657", "price": 126.32, "amount": 1.26, "side": "buy", "timestamp": 1766187726601}, {"id": "1014730658", "price": 126.31, "amount": 150.18, "side": "sell", "timestamp": 1766187726656}, {"id": "1014730659", "price": 126.3, "amount": 111.98, "side": "sell", "timestamp": 1766187726721}, {"id": "1014730660", "price": 126.3, "amount": 5.94, "side": "buy", "timestamp": 1766187726994}, {"id": "1014730661", "price": 126.3, "amount": 0.03, "side": "buy", "timestamp": 1766187727181}, {"id": "1014730662", "price": 126.3, "amount": 0.01, "side": "buy", "timestamp": 1766187727459}, {"id": "1014730663", "price": 126.3, "amount": 18.68, "side": "buy", "timestamp": 1766187728010}, {"id": "1014730664", "price": 126.29, "amount": 3.94, "side": "sell", "timestamp": 1766187729195}, {"id": "1014730665", "price": 126.3, "amount": 0.16, "side": "buy", "timestamp": 1766187729326}, {"id": "1014730666", "price": 126.3, "amount": 506.15, "side": "buy", "timestamp": 1766187729655}, {"id": "1014730667", "price": 126.31, "amount": 32.49, "side": "buy", "timestamp": 1766187729821}, {"id": "1014730668", "price": 126.31, "amount": 15.0, "side": "sell", "timestamp": 1766187730825}, {"id": "1014730669", "price": 126.32, "amount": 24.02, "side": "buy", "timestamp": 1766187731499}, {"id": "1014730670", "price": 126.31, "amount": 18.83, "side": "sell", "timestamp": 1766187733846}, {"id": "1014730671", "price": 126.32, "amount": 0.02, "side": "buy", "timestamp": 1766187734839}, {"id": "1014730672", "price": 126.32, "amount": 3.25, "side": "buy", "timestamp": 1766187735405}, {"id": "1014730673", "price": 126.32, "amount": 5.0, "side": "buy", "timestamp": 1766187735595}, {"id": "1014730674", "price": 126.32, "amount": 1.75, "side": "buy", "timestamp": 1766187736401}, {"id": "1014730675", "price": 126.31, "amount": 58.58, "side": "sell", "timestamp": 1766187736675}, {"id": "1014730676", "price": 126.31, "amount": 0.1, "side": "sell", "timestamp": 1766187737555}, {"id": "1014730677", "price": 126.32, "amount": 1.48, "side": "buy", "timestamp": 1766187737604}, {"id": "1014730678", "price": 126.32, "amount": 4.25, "side": "buy", "timestamp": 1766187738066}, {"id": "1014730679", "price": 126.32, "amount": 3.97, "side": "buy", "timestamp": 1766187738418}, {"id": "1014730680", "price": 126.32, "amount": 0.07, "side": "buy", "timestamp": 1766187739871}, {"id": "1014730681", "price": 126.32, "amount": 0.06, "side": "buy", "timestamp": 1766187740090}, {"id": "1014730682", "price": 126.31, "amount": 1.48, "side": "sell", "timestamp": 1766187740112}, {"id": "1014730733", "price": 126.37, "amount": 0.38, "side": "buy", "timestamp": 1766187764283}, {"id": "1014730734", "price": 126.37, "amount": 0.24, "side": "buy", "timestamp": 1766187764778}, {"id": "1014730735", "price": 126.37, "amount": 0.06, "side": "buy", "timestamp": 1766187766560}, {"id": "1014730736", "price": 126.37, "amount": 0.72, "side": "buy", "timestamp": 1766187766689}, {"id": "1014730737", "price": 126.36, "amount": 0.59, "side": "sell", "timestamp": 1766187766920}, {"id": "1014730738", "price": 126.37, "amount": 115.55, "side": "buy", "timestamp": 1766187769008}, {"id": "1014730739", "price": 126.37, "amount": 0.1, "side": "sell", "timestamp": 1766187769168}, {"id": "1014730740", "price": 126.38, "amount": 0.09, "side": "buy", "timestamp": 1766187769678}, {"id": "1014730741", "price": 126.38, "amount": 0.14, "side": "buy", "timestamp": 1766187769883}, {"id": "1014730742", "price": 126.38, "amount": 3.51, "side": "buy", "timestamp": 1766187770073}, {"id": "1014730743", "price": 126.38, "amount": 70.26, "side": "buy", "timestamp": 1766187771469}, {"id": "1014730744", "price": 126.38, "amount": 5.45, "side": "buy", "timestamp": 1766187771679}, {"id": "1014730745", "price": 126.37, "amount": 6.0, "side": "sell", "timestamp": 1766187772750}, {"id": "1014730746", "price": 126.38, "amount": 79.12, "side": "buy", "timestamp": 1766187773112}, {"id": "1014730747", "price": 126.38, "amount": 0.04, "side": "buy", "timestamp": 1766187773822}, {"id": "1014730748", "price": 126.37, "amount": 3.82, "side": "sell", "timestamp": 1766187775167}, {"id": "1014730749", "price": 126.38, "amount": 6.1, "side": "buy", "timestamp": 1766187775351}, {"id": "1014730750", "price": 126.38, "amount": 3.95, "side": "buy", "timestamp": 1766187775961}, {"id": "1014730751", "price": 126.37, "amount": 1.64, "side": "sell", "timestamp": 1766187777086}, {"id": "1014730752", "price": 126.38, "amount": 0.17, "side": "buy", "timestamp": 1766187777266}, {"id": "1014730753", "price": 126.38, "amount": 0.02, "side": "buy", "timestamp": 1766187777447}, {"id": "1014730754", "price": 126.38, "amount": 0.07, "side": "buy", "timestamp": 1766187779389}, {"id": "1014730755", "price": 126.37, "amount": 489.04, "side": "sell", "timestamp": 1766187779493}, {"id": "1014730756", "price": 126.37, "amount": 0.16, "side": "buy", "timestamp": 1766187779494}, {"id": "1014730757", "price": 126.36, "amount": 0.11, "side": "sell", "timestamp": 1766187780962}, {"id": "1014730758", "price": 126.36, "amount": 0.24, "side": "sell", "timestamp": 1766187781338}, {"id": "1014730759", "price": 126.37, "amount": 31.65, "side": "buy", "timestamp": 1766187781453}, {"id": "1014730760", "price": 126.37, "amount": 3.78, "side": "buy", "timestamp": 1766187781941}, {"id": "1014730761", "price": 126.37, "amount": 1.23, "side": "buy", "timestamp": 1766187782150}, {"id": "1014730762", "price": 126.37, "amount": 0.67, "side": "buy", "timestamp": 1766187782796}, {"id": "1014730763", "price": 126.36, "amount": 0.07, "side": "sell", "timestamp": 1766187783318}, {"id": "1014730764", "price": 126.37, "amount": 0.29, "side": "buy", "timestamp": 1766187784288}, {"id": "1014730765", "price": 126.36, "amount": 3.74, "side": "sell", "timestamp": 1766187785713}, {"id": "1014730766", "price": 126.36, "amount": 3.94, "side": "sell", "timestamp": 1766187786321}, {"id": "1014730767", "price": 126.37, "amount": 10.25, "side": "buy", "timestamp": 1766187786354}, {"id": "1014730768", "price": 126.37, "amount": 3.17, "side": "buy", "timestamp": 1766187787253}, {"id": "1014730769", "price": 126.36, "amount": 164.19, "side": "sell", "timestamp": 1766187787528}, {"id": "1014730770", "price": 126.35, "amount": 36.93, "side": "sell", "timestamp": 1766187787681}, {"id": "1014730771", "price": 126.35, "amount": 3.36, "side": "buy", "timestamp": 1766187788028}, {"id": "1014730772", "price": 126.34, "amount": 0.14, "side": "sell", "timestamp": 1766187788717}, {"id": "1014730773", "price": 126.34, "amount": 18.1, "side": "sell", "timestamp": 1766187788894}, {"id": "1014730774", "price": 126.34, "amount": 4.64, "side": "sell", "timestamp": 1766187790077}, {"id": "1014730775", "price": 126.35, "amount": 0.02, "side": "buy", "timestamp": 1766187790732}, {"id": "1014730776", "price": 126.34, "amount": 0.09, "side": "sell", "timestamp": 1766187791682}, {"id": "1014730777", "price": 126.34, "amount": 1.46, "side": "sell", "timestamp": 1766187792679}, {"id": "1014730778", "price": 126.35, "amount": 29.68, "side": "buy", "timestamp": 1766187793231}, {"id": "1014730779", "price": 126.34, "amount": 0.07, "side": "sell", "timestamp": 1766187793363}, {"id": "1014730780", "price": 126.35, "amount": 0.57, "side": "buy", "timestamp": 1766187794565}, {"id": "1014730781", "price": 126.34, "amount": 0.08, "side": "sell", "timestamp": 1766187794997}, {"id": "1014730782", "price": 126.35, "amount": 4.27, "side": "buy", "timestamp": 1766187795467}, {"id": "1014730822", "price": 126.32, "amount": 17.59, "side": "buy", "timestamp": 1766187822507}, {"id": "1014730823", "price": 126.32, "amount": 1.18, "side": "buy", "timestamp": 1766187823029}, {"id": "1014730824", "price": 126.31, "amount": 0.18, "side": "sell", "timestamp": 1766187824344}, {"id": "1014730825", "price": 126.31, "amount": 3.94, "side": "sell", "timestamp": 1766187824796}, {"id": "1014730826", "price": 126.32, "amount": 1.0, "side": "buy", "timestamp": 1766187825448}, {"id": "1014730827", "price": 126.31, "amount": 0.05, "side": "sell", "timestamp": 1766187826130}, {"id": "1014730828", "price": 126.32, "amount": 1.24, "side": "buy", "timestamp": 1766187826518}, {"id": "1014730829", "price": 126.32, "amount": 0.08, "side": "buy", "timestamp": 1766187826862}, {"id": "1014730830", "price": 126.31, "amount": 0.09, "side": "sell", "timestamp": 1766187827682}, {"id": "1014730831", "price": 126.32, "amount": 0.02, "side": "buy", "timestamp": 1766187827749}, {"id": "1014730832", "price": 126.31, "amount": 0.11, "side": "sell", "timestamp": 1766187827924}, {"id": "1014730833", "price": 126.31, "amount": 73.54, "side": "sell", "timestamp": 1766187828229}, {"id": "1014730834", "price": 126.32, "amount": 9.38, "side": "buy", "timestamp": 1766187829090}, {"id": "1014730835", "price": 126.32, "amount": 0.02, "side": "buy", "timestamp": 1766187829734}, {"id": "1014730836", "price": 126.31, "amount": 37.28, "side": "sell", "timestamp": 1766187830052}, {"id": "1014730837", "price": 126.31, "amount": 0.07, "side": "buy", "timestamp": 1766187830106}, {"id": "1014730838", "price": 126.3, "amount": 0.05, "side": "sell", "timestamp": 1766187830917}, {"id": "1014730839", "price": 126.31, "amount": 0.4, "side": "buy", "timestamp": 1766187830921}, {"id": "1014730840", "price": 126.31, "amount": 0.05, "side": "buy", "timestamp": 1766187831145}, {"id": "1014730841", "price": 126.3, "amount": 0.6, "side": "sell", "timestamp": 1766187832089}, {"id": "1014730842", "price": 126.31, "amount": 3.97, "side": "buy", "timestamp": 1766187832928}, {"id": "1014730843", "price": 126.3, "amount": 0.05, "side": "sell", "timestamp": 1766187833305}, {"id": "1014730844", "price": 126.31, "amount": 0.07, "side": "buy", "timestamp": 1766187833773}, {"id": "1014730845", "price": 126.3, "amount": 20.06, "side": "sell", "timestamp": 1766187833893}, {"id": "1014730846", "price": 126.3, "amount": 6.53, "side": "sell", "timestamp": 1766187834699}, {"id": "1014730847", "price": 126.31, "amount": 32.9, "side": "buy", "timestamp": 1766187835683}, {"id": "1014730848", "price": 126.3, "amount": 3.94, "side": "sell", "timestamp": 1766187836801}, {"id": "1014730849", "price": 126.3, "amount": 0.97, "side": "sell", "timestamp": 1766187837307}, {"id": "1014730850", "price": 126.31, "amount": 0.06, "side": "buy", "timestamp": 1766187837484}, {"id": "1014730851", "price": 126.31, "amount": 0.01, "side": "buy", "timestamp": 1766187838228}, {"id": "1014730852", "price": 126.3, "amount": 0.12, "side": "sell", "timestamp": 1766187838340}, {"id": "1014730853", "price": 126.31, "amount": 1.71, "side": "buy", "timestamp": 1766187838459}, {"id": "1014730854", "price": 126.3, "amount": 0.08, "side": "sell", "timestamp": 1766187841354}, {"id": "1014730855", "price": 126.31, "amount": 0.03, "side": "buy", "timestamp": 1766187841788}, {"id": "1014730856", "price": 126.3, "amount": 0.06, "side": "sell", "timestamp": 1766187842341}, {"id": "1014730857", "price": 126.31, "amount": 0.02, "side": "buy", "timestamp": 1766187843368}, {"id": "1014730858", "price": 126.3, "amount": 0.2, "side": "sell", "timestamp": 1766187843420}, {"id": "1014730859", "price": 126.31, "amount": 268.82, "side": "buy", "timestamp": 1766187844302}, {"id": "1014730860", "price": 126.31, "amount": 0.1, "side": "sell", "timestamp": 1766187844718}, {"id": "1014730861", "price": 126.32, "amount": 0.05, "side": "buy", "timestamp": 1766187845305}, {"id": "1014730862", "price": 126.32, "amount": 0.09, "side": "buy", "timestamp": 1766187845456}, {"id": "1014730863", "price": 126.32, "amount": 0.13, "side": "buy", "timestamp": 1766187845690}, {"id": "1014730864", "price": 126.32, "amount": 0.07, "side": "buy", "timestamp": 1766187845966}, {"id": "1014730865", "price": 126.32, "amount": 42.16, "side": "buy", "timestamp": 1766187846951}, {"id": "1014730866", "price": 126.31, "amount": 0.63, "side": "sell", "timestamp": 1766187849458}, {"id": "1014730867", "price": 126.32, "amount": 1.82, "side": "buy", "timestamp": 1766187849460}, {"id": "1014730868", "price": 126.31, "amount": 0.07, "side": "sell", "timestamp": 1766187849470}, {"id": "1014730869", "price": 126.32, "amount": 0.15, "side": "buy", "timestamp": 1766187849497}, {"id": "1014730870", "price": 126.32, "amount": 0.28, "side": "buy", "timestamp": 1766187849947}, {"id": "1014730871", "price": 126.32, "amount": 0.26, "side": "buy", "timestamp": 1766187850070}, {"id": "1014730916", "price": 126.32, "amount": 0.11, "side": "sell", "timestamp": 1766187886823}, {"id": "1014730917", "price": 126.33, "amount": 0.05, "side": "buy", "timestamp": 1766187887053}, {"id": "1014730918", "price": 126.33, "amount": 7.94, "side": "buy", "timestamp": 1766187887439}, {"id": "1014730919", "price": 126.32, "amount": 28.72, "side": "sell", "timestamp": 1766187887653}, {"id": "1014730920", "price": 126.32, "amount": 1.13, "side": "buy", "timestamp": 1766187888111}, {"id": "1014730921", "price": 126.32, "amount": 0.22, "side": "buy", "timestamp": 1766187888758}, {"id": "1014730922", "price": 126.32, "amount": 25.48, "side": "buy", "timestamp": 1766187889151}, {"id": "1014730923", "price": 126.32, "amount": 0.59, "side": "buy", "timestamp": 1766187889506}, {"id": "1014730924", "price": 126.31, "amount": 3.24, "side": "sell", "timestamp": 1766187890189}, {"id": "1014730925", "price": 126.32, "amount": 15.0, "side": "buy", "timestamp": 1766187891820}, {"id": "1014730926", "price": 126.31, "amount": 1.29, "side": "sell", "timestamp": 1766187892206}, {"id": "1014730927", "price": 126.31, "amount": 27.8, "side": "sell", "timestamp": 1766187894357}, {"id": "1014730928", "price": 126.32, "amount": 0.05, "side": "buy", "timestamp": 1766187896800}, {"id": "1014730929", "price": 126.32, "amount": 0.7, "side": "buy", "timestamp": 1766187897129}, {"id": "1014730930", "price": 126.32, "amount": 0.28, "side": "buy", "timestamp": 1766187897352}, {"id": "1014730931", "price": 126.32, "amount": 0.05, "side": "buy", "timestamp": 1766187897569}, {"id": "1014730932", "price": 126.32, "amount": 0.01, "side": "buy", "timestamp": 1766187898036}, {"id": "1014730933", "price": 126.31, "amount": 0.05, "side": "sell", "timestamp": 1766187898369}, {"id": "1014730934", "price": 126.31, "amount": 0.09, "side": "sell", "timestamp": 1766187899066}, {"id": "1014730935", "price": 126.31, "amount": 0.09, "side": "sell", "timestamp": 1766187899672}, {"id": "1014730936", "price": 126.31, "amount": 1.58, "side": "sell", "timestamp": 1766187899924}, {"id": "1014730937", "price": 126.32, "amount": 575.03, "side": "buy", "timestamp": 1766187900051}, {"id": "1014730938", "price": 126.32, "amount": 80.56, "side": "sell", "timestamp": 1766187900245}, {"id": "1014730939", "price": 126.31, "amount": 292.21, "side": "sell", "timestamp": 1766187900523}, {"id": "1014730940", "price": 126.31, "amount": 69.97, "side": "buy", "timestamp": 1766187900580}, {"id": "1014730941", "price": 126.3, "amount": 0.18, "side": "sell", "timestamp": 1766187900902}, {"id": "1014730942", "price": 126.31, "amount": 0.31, "side": "buy", "timestamp": 1766187901015}, {"id": "1014730943", "price": 126.3, "amount": 52.54, "side": "sell", "timestamp": 1766187901161}, {"id": "1014730944", "price": 126.29, "amount": 0.06, "side": "sell", "timestamp": 1766187901479}, {"id": "1014730945", "price": 126.29, "amount": 153.28, "side": "sell", "timestamp": 1766187901629}, {"id": "1014730946", "price": 126.28, "amount": 143.65, "side": "sell", "timestamp": 1766187901642}, {"id": "1014730947", "price": 126.28, "amount": 0.02, "side": "buy", "timestamp": 1766187901681}, {"id": "1014730948", "price": 126.28, "amount": 0.07, "side": "buy", "timestamp": 1766187901824}, {"id": "1014730949", "price": 126.27, "amount": 5.45, "side": "sell", "timestamp": 1766187901951}, {"id": "1014730950", "price": 126.28, "amount": 0.07, "side": "buy", "timestamp": 1766187902001}, {"id": "1014730951", "price": 126.28, "amount": 8.85, "side": "buy", "timestamp": 1766187902243}, {"id": "1014730952", "price": 126.27, "amount": 0.11, "side": "sell", "timestamp": 1766187902839}, {"id": "1014730953", "price": 126.27, "amount": 0.19, "side": "sell", "timestamp": 1766187903045}, {"id": "1014730954", "price": 126.28, "amount": 0.06, "side": "buy", "timestamp": 1766187903410}, {"id": "1014730955", "price": 126.27, "amount": 0.21, "side": "sell", "timestamp": 1766187903485}, {"id": "1014730956", "price": 126.28, "amount": 5.64, "side": "buy", "timestamp": 1766187903887}, {"id": "1014730957", "price": 126.28, "amount": 0.03, "side": "buy", "timestamp": 1766187904045}, {"id": "1014730958", "price": 126.28, "amount": 236.68, "side": "buy", "timestamp": 1766187904620}, {"id": "1014730959", "price": 126.29, "amount": 264.14, "side": "buy", "timestamp": 1766187904620}, {"id": "1014730960", "price": 126.29, "amount": 11.0, "side": "sell", "timestamp": 1766187904674}, {"id": "1014730961", "price": 126.3, "amount": 0.04, "side": "buy", "timestamp": 1766187904770}, {"id": "1014730962", "price": 126.3, "amount": 101.73, "side": "buy", "timestamp": 1766187905026}, {"id": "1014730963", "price": 126.31, "amount": 151.87, "side": "buy", "timestamp": 1766187905052}, {"id": "1014730964", "price": 126.3, "amount": 0.43, "side": "sell", "timestamp": 1766187905375}, {"id": "1014730965", "price": 126.3, "amount": 2.05, "side": "sell", "timestamp": 1766187905884}, {"id": "1014731011", "price": 126.29, "amount": 0.06, "side": "sell", "timestamp": 1766187934338}, {"id": "1014731012", "price": 126.3, "amount": 138.59, "side": "buy", "timestamp": 1766187935017}, {"id": "1014731013", "price": 126.31, "amount": 142.63, "side": "buy", "timestamp": 1766187935230}, {"id": "1014731014", "price": 126.31, "amount": 0.24, "side": "sell", "timestamp": 1766187935605}, {"id": "1014731015", "price": 126.31, "amount": 0.09, "side": "sell", "timestamp": 1766187935942}, {"id": "1014731016", "price": 126.31, "amount": 0.1, "side": "sell", "timestamp": 1766187937457}, {"id": "1014731017", "price": 126.32, "amount": 0.27, "side": "buy", "timestamp": 1766187937633}, {"id": "1014731018", "price": 126.31, "amount": 0.63, "side": "sell", "timestamp": 1766187937699}, {"id": "1014731019", "price": 126.31, "amount": 10.0, "side": "sell", "timestamp": 1766187937893}, {"id": "1014731020", "price": 126.31, "amount": 0.65, "side": "sell", "timestamp": 1766187938061}, {"id": "1014731021", "price": 126.31, "amount": 1.95, "side": "sell", "timestamp": 1766187939582}, {"id": "1014731022", "price": 126.32, "amount": 0.23, "side": "buy", "timestamp": 1766187941935}, {"id": "1014731023", "price": 126.31, "amount": 2.13, "side": "sell", "timestamp": 1766187942552}, {"id": "1014731024", "price": 126.32, "amount": 2.38, "side": "buy", "timestamp": 1766187943153}, {"id": "1014731025", "price": 126.31, "amount": 0.88, "side": "sell", "timestamp": 1766187944682}, {"id": "1014731026", "price": 126.31, "amount": 0.05, "side": "sell", "timestamp": 1766187946240}, {"id": "1014731027", "price": 126.31, "amount": 0.33, "side": "sell", "timestamp": 1766187946354}, {"id": "1014731028", "price": 126.32, "amount": 0.63, "side": "buy", "timestamp": 1766187947314}, {"id": "1014731029", "price": 126.31, "amount": 3.4, "side": "sell", "timestamp": 1766187948627}, {"id": "1014731030", "price": 126.31, "amount": 11.72, "side": "sell", "timestamp": 1766187949178}, {"id": "1014731031", "price": 126.32, "amount": 0.06, "side": "buy", "timestamp": 1766187949532}, {"id": "1014731032", "price": 126.31, "amount": 0.12, "side": "sell", "timestamp": 1766187949662}, {"id": "1014731033", "price": 126.31, "amount": 1.18, "side": "sell", "timestamp": 1766187949881}, {"id": "1014731034", "price": 126.32, "amount": 141.27, "side": "buy", "timestamp": 1766187949941}, {"id": "1014731035", "price": 126.31, "amount": 0.07, "side": "sell", "timestamp": 1766187950776}, {"id": "1014731036", "price": 126.32, "amount": 0.08, "side": "buy", "timestamp": 1766187951030}, {"id": "1014731037", "price": 126.31, "amount": 0.05, "side": "sell", "timestamp": 1766187952352}, {"id": "1014731038", "price": 126.31, "amount": 0.29, "side": "sell", "timestamp": 1766187953749}, {"id": "1014731039", "price": 126.31, "amount": 0.06, "side": "sell", "timestamp": 1766187954183}, {"id": "1014731040", "price": 126.31, "amount": 0.08, "side": "sell", "timestamp": 1766187954865}, {"id": "1014731041", "price": 126.31, "amount": 4.05, "side": "sell", "timestamp": 1766187956534}, {"id": "1014731042", "price": 126.31, "amount": 7.51, "side": "sell", "timestamp": 1766187956717}, {"id": "1014731043", "price": 126.32, "amount": 1.18, "side": "buy", "timestamp": 1766187958565}, {"id": "1014731044", "price": 126.31, "amount": 0.21, "side": "sell", "timestamp": 1766187958781}, {"id": "1014731045", "price": 126.31, "amount": 0.13, "side": "sell", "timestamp": 1766187959381}, {"id": "1014731046", "price": 126.31, "amount": 0.07, "side": "sell", "timestamp": 1766187959724}, {"id": "1014731047", "price": 126.32, "amount": 32.85, "side": "buy", "timestamp": 1766187959740}, {"id": "1014731048", "price": 126.31, "amount": 7.78, "side": "sell", "timestamp": 1766187960088}, {"id": "1014731049", "price": 126.31, "amount": 0.05, "side": "sell", "timestamp": 1766187960205}, {"id": "1014731050", "price": 126.31, "amount": 0.09, "side": "sell", "timestamp": 1766187960374}, {"id": "1014731051", "price": 126.32, "amount": 0.64, "side": "buy", "timestamp": 1766187960765}, {"id": "1014731052", "price": 126.31, "amount": 0.1, "side": "sell", "timestamp": 1766187960766}, {"id": "1014731053", "price": 126.31, "amount": 0.23, "side": "sell", "timestamp": 1766187960905}, {"id": "1014731054", "price": 126.31, "amount": 0.08, "side": "sell", "timestamp": 1766187961071}, {"id": "1014731055", "price": 126.31, "amount": 0.11, "side": "sell", "timestamp": 1766187961178}, {"id": "1014731056", "price": 126.31, "amount": 0.12, "side": "sell", "timestamp": 1766187961620}, {"id": "1014731057", "price": 126.31, "amount": 0.06, "side": "sell", "timestamp": 1766187962365}, {"id": "1014731058", "price": 126.31, "amount": 0.38, "side": "sell", "timestamp": 1766187962526}, {"id": "1014731059", "price": 126.31, "amount": 0.05, "side": "sell", "timestamp": 1766187962644}, {"id": "1014731060", "price": 126.31, "amount": 109.66, "side": "sell", "timestamp": 1766187963626}, {"id": "1014731102", "price": 126.3, "amount": 1.4, "side": "sell", "timestamp": 1766187987676}, {"id": "1014731103", "price": 126.3, "amount": 0.05, "side": "sell", "timestamp": 1766187988514}, {"id": "1014731104", "price": 126.3, "amount": 11.17, "side": "sell", "timestamp": 1766187988708}, {"id": "1014731105", "price": 126.31, "amount": 0.05, "side": "buy", "timestamp": 1766187988979}, {"id": "1014731106", "price": 126.31, "amount": 0.05, "side": "buy", "timestamp": 1766187989891}, {"id": "1014731107", "price": 126.3, "amount": 0.05, "side": "sell", "timestamp": 1766187990136}, {"id": "1014731108", "price": 126.3, "amount": 163.24, "side": "sell", "timestamp": 1766187990716}, {"id": "1014731109", "price": 126.3, "amount": 107.29, "side": "buy", "timestamp": 1766187991042}, {"id": "1014731110", "price": 126.29, "amount": 0.27, "side": "sell", "timestamp": 1766187991163}, {"id": "1014731111", "price": 126.29, "amount": 0.05, "side": "sell", "timestamp": 1766187992975}, {"id": "1014731112", "price": 126.29, "amount": 0.23, "side": "sell", "timestamp": 1766187993575}, {"id": "1014731113", "price": 126.29, "amount": 0.12, "side": "sell", "timestamp": 1766187993676}, {"id": "1014731114", "price": 126.3, "amount": 0.21, "side": "buy", "timestamp": 1766187995658}, {"id": "1014731115", "price": 126.3, "amount": 0.08, "side": "buy", "timestamp": 1766187995895}, {"id": "1014731116", "price": 126.29, "amount": 0.05, "side": "sell", "timestamp": 1766187996767}, {"id": "1014731117", "price": 126.29, "amount": 12.1, "side": "sell", "timestamp": 1766187996934}, {"id": "1014731118", "price": 126.3, "amount": 8.7, "side": "buy", "timestamp": 1766187997782}, {"id": "1014731119", "price": 126.29, "amount": 0.07, "side": "sell", "timestamp": 1766187997896}, {"id": "1014731120", "price": 126.29, "amount": 0.05, "side": "sell", "timestamp": 1766187998360}, {"id": "1014731121", "price": 126.29, "amount": 0.08, "side": "sell", "timestamp": 1766187998478}, {"id": "1014731122", "price": 126.3, "amount": 0.3, "side": "buy", "timestamp": 1766187999341}, {"id": "1014731123", "price": 126.3, "amount": 1.63, "side": "buy", "timestamp": 1766187999680}, {"id": "1014731124", "price": 126.29, "amount": 0.32, "side": "sell", "timestamp": 1766187999790}, {"id": "1014731125", "price": 126.3, "amount": 50.0, "side": "buy", "timestamp": 1766187999801}, {"id": "1014731126", "price": 126.29, "amount": 1.7, "side": "sell", "timestamp": 1766187999824}, {"id": "1014731127", "price": 126.29, "amount": 3.94, "side": "sell", "timestamp": 1766188000567}, {"id": "1014731128", "price": 126.29, "amount": 1.58, "side": "sell", "timestamp": 1766188000964}, {"id": "1014731129", "price": 126.29, "amount": 0.06, "side": "sell", "timestamp": 1766188001352}, {"id": "1014731130", "price": 126.29, "amount": 0.05, "side": "sell", "timestamp": 1766188002335}, {"id": "1014731131", "price": 126.3, "amount": 0.04, "side": "buy", "timestamp": 1766188003146}, {"id": "1014731132", "price": 126.3, "amount": 0.15, "side": "buy", "timestamp": 1766188004697}, {"id": "1014731133", "price": 126.29, "amount": 0.9, "side": "sell", "timestamp": 1766188005310}, {"id": "1014731134", "price": 126.29, "amount": 0.12, "side": "sell", "timestamp": 1766188005787}, {"id": "1014731135", "price": 126.3, "amount": 0.05, "side": "buy", "timestamp": 1766188005893}, {"id": "1014731136", "price": 126.29, "amount": 0.1, "side": "sell", "timestamp": 1766188007670}, {"id": "1014731137", "price": 126.29, "amount": 5.85, "side": "sell", "timestamp": 1766188007903}, {"id": "1014731138", "price": 126.29, "amount": 0.05, "side": "sell", "timestamp": 1766188008366}, {"id": "1014731139", "price": 126.3, "amount": 0.46, "side": "buy", "timestamp": 1766188008465}, {"id": "1014731140", "price": 126.3, "amount": 348.57, "side": "buy", "timestamp": 1766188008933}, {"id": "1014731141", "price": 126.31, "amount": 172.69, "side": "buy", "timestamp": 1766188008933}, {"id": "1014731142", "price": 126.3, "amount": 0.79, "side": "sell", "timestamp": 1766188009496}, {"id": "1014731143", "price": 126.31, "amount": 0.16, "side": "buy", "timestamp": 1766188009571}, {"id": "1014731144", "price": 126.3, "amount": 2.51, "side": "sell", "timestamp": 1766188009662}, {"id": "1014731145", "price": 126.31, "amount": 3.97, "side": "buy", "timestamp": 1766188009688}, {"id": "1014731146", "price": 126.3, "amount": 304.92, "side": "sell", "timestamp": 1766188010297}, {"id": "1014731147", "price": 126.31, "amount": 8.76, "side": "buy", "timestamp": 1766188010391}, {"id": "1014731148", "price": 126.3, "amount": 0.05, "side": "sell", "timestamp": 1766188011893}, {"id": "1014731149", "price": 126.3, "amount": 0.79, "side": "sell", "timestamp": 1766188014277}, {"id": "1014731150", "price": 126.3, "amount": 3.94, "side": "sell", "timestamp": 1766188014470}, {"id": "1014731151", "price": 126.3, "amount": 2.0, "side": "sell", "timestamp": 1766188014837}, {"id": "1014731190", "price": 126.29, "amount": 1.15, "side": "sell", "timestamp": 1766188038226}, {"id": "1014731191", "price": 126.29, "amount": 0.11, "side": "sell", "timestamp": 1766188038738}, {"id": "1014731192", "price": 126.29, "amount": 0.05, "side": "sell", "timestamp": 1766188039086}, {"id": "1014731193", "price": 126.3, "amount": 32.94, "side": "buy", "timestamp": 1766188039251}, {"id": "1014731194", "price": 126.3, "amount": 0.2, "side": "buy", "timestamp": 1766188039530}, {"id": "1014731195", "price": 126.3, "amount": 4.69, "side": "buy", "timestamp": 1766188039941}, {"id": "1014731196", "price": 126.3, "amount": 76.29, "side": "buy", "timestamp": 1766188041378}, {"id": "1014731197", "price": 126.29, "amount": 0.2, "side": "sell", "timestamp": 1766188041997}, {"id": "1014731198", "price": 126.29, "amount": 1.93, "side": "sell", "timestamp": 1766188043206}, {"id": "1014731199", "price": 126.29, "amount": 1.1, "side": "sell", "timestamp": 1766188043429}, {"id": "1014731200", "price": 126.3, "amount": 0.06, "side": "buy", "timestamp": 1766188043638}, {"id": "1014731201", "price": 126.29, "amount": 0.09, "side": "sell", "timestamp": 1766188043675}, {"id": "1014731202", "price": 126.29, "amount": 0.88, "side": "sell", "timestamp": 1766188044629}, {"id": "1014731203", "price": 126.3, "amount": 0.05, "side": "buy", "timestamp": 1766188046895}, {"id": "1014731204", "price": 126.29, "amount": 1.69, "side": "sell", "timestamp": 1766188047237}, {"id": "1014731205", "price": 126.29, "amount": 8.02, "side": "sell", "timestamp": 1766188047393}, {"id": "1014731206", "price": 126.3, "amount": 1.58, "side": "buy", "timestamp": 1766188048028}, {"id": "1014731207", "price": 126.29, "amount": 0.1, "side": "sell", "timestamp": 1766188049270}, {"id": "1014731208", "price": 126.29, "amount": 0.05, "side": "sell", "timestamp": 1766188050204}, {"id": "1014731209", "price": 126.29, "amount": 0.05, "side": "sell", "timestamp": 1766188051187}, {"id": "1014731210", "price": 126.3, "amount": 0.05, "side": "buy", "timestamp": 1766188051660}, {"id": "1014731211", "price": 126.29, "amount": 0.25, "side": "sell", "timestamp": 1766188051733}, {"id": "1014731212", "price": 126.29, "amount": 3.95, "side": "sell", "timestamp": 1766188054362}, {"id": "1014731213", "price": 126.3, "amount": 0.09, "side": "buy", "timestamp": 1766188054915}, {"id": "1014731214", "price": 126.29, "amount": 0.36, "side": "sell", "timestamp": 1766188055529}, {"id": "1014731215", "price": 126.29, "amount": 0.09, "side": "sell", "timestamp": 1766188056027}, {"id": "1014731216", "price": 126.3, "amount": 33.74, "side": "buy", "timestamp": 1766188056153}, {"id": "1014731217", "price": 126.29, "amount": 0.5, "side": "sell", "timestamp": 1766188056191}, {"id": "1014731218", "price": 126.29, "amount": 0.24, "side": "sell", "timestamp": 1766188057873}, {"id": "1014731219", "price": 126.29, "amount": 1.38, "side": "sell", "timestamp": 1766188058949}, {"id": "1014731220", "price": 126.3, "amount": 25.54, "side": "buy", "timestamp": 1766188059343}, {"id": "1014731221", "price": 126.29, "amount": 0.39, "side": "sell", "timestamp": 1766188059703}, {"id": "1014731222", "price": 126.29, "amount": 0.07, "side": "sell", "timestamp": 1766188062041}, {"id": "1014731223", "price": 126.29, "amount": 1.0, "side": "sell", "timestamp": 1766188063170}, {"id": "1014731224", "price": 126.29, "amount": 0.05, "side": "sell", "timestamp": 1766188063346}, {"id": "1014731225", "price": 126.3, "amount": 0.4, "side": "buy", "timestamp": 1766188063383}, {"id": "1014731226", "price": 126.3, "amount": 31.79, "side": "buy", "timestamp": 1766188063617}, {"id": "1014731227", "price": 126.29, "amount": 21.47, "side": "sell", "timestamp": 1766188064311}, {"id": "1014731228", "price": 126.3, "amount": 502.99, "side": "buy", "timestamp": 1766188064865}, {"id": "1014731229", "price": 126.31, "amount": 442.01, "side": "buy", "timestamp": 1766188064866}, {"id": "1014731230", "price": 126.31, "amount": 427.23, "side": "buy", "timestamp": 1766188065176}, {"id": "1014731231", "price": 126.32, "amount": 10.97, "side": "buy", "timestamp": 1766188065176}, {"id": "1014731232", "price": 126.31, "amount": 2.37, "side": "sell", "timestamp": 1766188065559}, {"id": "1014731233", "price": 126.31, "amount": 0.89, "side": "sell", "timestamp": 1766188065903}, {"id": "1014731234", "price": 126.31, "amount": 0.08, "side": "sell", "timestamp": 1766188066165}, {"id": "1014731235", "price": 126.31, "amount": 4.2, "side": "sell", "timestamp": 1766188066603}, {"id": "1014731236", "price": 126.31, "amount": 4.05, "side": "sell", "timestamp": 1766188067156}, {"id": "1014731237", "price": 126.31, "amount": 0.91, "side": "sell", "timestamp": 1766188069032}, {"id": "1014731238", "price": 126.31, "amount": 2.47, "side": "sell", "timestamp": 1766188069165}, {"id": "1014731239", "price": 126.31, "amount": 0.75, "side": "sell", "timestamp": 1766188069305}, {"id": "1014731304", "price": 126.32, "amount": 0.68, "side": "sell", "timestamp": 1766188093421}, {"id": "1014731305", "price": 126.32, "amount": 0.07, "side": "sell", "timestamp": 1766188093536}, {"id": "1014731306", "price": 126.33, "amount": 13.69, "side": "buy", "timestamp": 1766188093908}, {"id": "1014731307", "price": 126.32, "amount": 0.21, "side": "sell", "timestamp": 1766188093942}, {"id": "1014731308", "price": 126.32, "amount": 0.04, "side": "sell", "timestamp": 1766188094240}, {"id": "1014731309", "price": 126.33, "amount": 0.4, "side": "buy", "timestamp": 1766188094878}, {"id": "1014731310", "price": 126.32, "amount": 0.04, "side": "sell", "timestamp": 1766188094900}, {"id": "1014731311", "price": 126.32, "amount": 149.52, "side": "sell", "timestamp": 1766188095319}, {"id": "1014731312", "price": 126.32, "amount": 3.72, "side": "sell", "timestamp": 1766188096010}, {"id": "1014731313", "price": 126.32, "amount": 15.8, "side": "sell", "timestamp": 1766188096426}, {"id": "1014731314", "price": 126.33, "amount": 2.01, "side": "buy", "timestamp": 1766188097777}, {"id": "1014731315", "price": 126.32, "amount": 6.82, "side": "sell", "timestamp": 1766188098440}, {"id": "1014731316", "price": 126.32, "amount": 1.04, "side": "sell", "timestamp": 1766188099490}, {"id": "1014731317", "price": 126.33, "amount": 0.23, "side": "buy", "timestamp": 1766188099797}, {"id": "1014731318", "price": 126.32, "amount": 0.13, "side": "sell", "timestamp": 1766188100496}, {"id": "1014731319", "price": 126.32, "amount": 2.76, "side": "sell", "timestamp": 1766188101338}, {"id": "1014731320", "price": 126.32, "amount": 0.15, "side": "sell", "timestamp": 1766188102177}, {"id": "1014731321", "price": 126.32, "amount": 41.0, "side": "sell", "timestamp": 1766188102320}, {"id": "1014731322", "price": 126.32, "amount": 1.7, "side": "sell", "timestamp": 1766188102583}, {"id": "1014731323", "price": 126.32, "amount": 11.47, "side": "sell", "timestamp": 1766188102708}, {"id": "1014731324", "price": 126.32, "amount": 2.13, "side": "sell", "timestamp": 1766188103124}, {"id": "1014731325", "price": 126.32, "amount": 0.28, "side": "sell", "timestamp": 1766188104086}, {"id": "1014731326", "price": 126.32, "amount": 0.39, "side": "sell", "timestamp": 1766188104190}, {"id": "1014731327", "price": 126.33, "amount": 0.99, "side": "buy", "timestamp": 1766188105293}, {"id": "1014731328", "price": 126.32, "amount": 0.68, "side": "sell", "timestamp": 1766188105391}, {"id": "1014731329", "price": 126.32, "amount": 0.89, "side": "sell", "timestamp": 1766188105674}, {"id": "1014731330", "price": 126.32, "amount": 0.27, "side": "sell", "timestamp": 1766188106372}, {"id": "1014731331", "price": 126.32, "amount": 57.58, "side": "sell", "timestamp": 1766188107263}, {"id": "1014731332", "price": 126.32, "amount": 0.05, "side": "sell", "timestamp": 1766188108355}, {"id": "1014731333", "price": 126.32, "amount": 0.44, "side": "sell", "timestamp": 1766188108547}, {"id": "1014731334", "price": 126.33, "amount": 0.23, "side": "buy", "timestamp": 1766188108690}, {"id": "1014731335", "price": 126.33, "amount": 0.08, "side": "buy", "timestamp": 1766188109086}, {"id": "1014731336", "price": 126.32, "amount": 0.05, "side": "sell", "timestamp": 1766188110129}, {"id": "1014731337", "price": 126.32, "amount": 24.28, "side": "sell", "timestamp": 1766188112600}, {"id": "1014731338", "price": 126.32, "amount": 0.26, "side": "sell", "timestamp": 1766188112781}, {"id": "1014731339", "price": 126.32, "amount": 0.12, "side": "sell", "timestamp": 1766188113055}, {"id": "1014731340", "price": 126.33, "amount": 0.21, "side": "buy", "timestamp": 1766188114254}, {"id": "1014731341", "price": 126.32, "amount": 18.0, "side": "sell", "timestamp": 1766188114886}, {"id": "1014731342", "price": 126.32, "amount": 1.77, "side": "sell", "timestamp": 1766188115214}, {"id": "1014731343", "price": 126.33, "amount": 23.95, "side": "buy", "timestamp": 1766188115375}, {"id": "1014731344", "price": 126.32, "amount": 0.09, "side": "sell", "timestamp": 1766188115682}, {"id": "1014731345", "price": 126.32, "amount": 0.19, "side": "sell", "timestamp": 1766188116292}, {"id": "1014731346", "price": 126.33, "amount": 269.82, "side": "buy", "timestamp": 1766188117513}, {"id": "1014731347", "price": 126.33, "amount": 1.65, "side": "sell", "timestamp": 1766188118281}, {"id": "1014731348", "price": 126.34, "amount": 5.54, "side": "buy", "timestamp": 1766188118663}, {"id": "1014731349", "price": 126.34, "amount": 0.06, "side": "buy", "timestamp": 1766188119107}, {"id": "1014731350", "price": 126.33, "amount": 3.75, "side": "sell", "timestamp": 1766188120478}, {"id": "1014731351", "price": 126.33, "amount": 4.84, "side": "sell", "timestamp": 1766188122117}, {"id": "1014731352", "price": 126.33, "amount": 0.14, "side": "sell", "timestamp": 1766188122506}, {"id": "1014731353", "price": 126.33, "amount": 0.6, "side": "sell", "timestamp": 1766188122718}, {"id": "1014731412", "price": 126.27, "amount": 4.28, "side": "sell", "timestamp": 1766188148652}, {"id": "1014731413", "price": 126.27, "amount": 5.43, "side": "sell", "timestamp": 1766188149662}, {"id": "1014731414", "price": 126.27, "amount": 0.72, "side": "sell", "timestamp": 1766188150712}, {"id": "1014731415", "price": 126.27, "amount": 238.3, "side": "sell", "timestamp": 1766188150939}, {"id": "1014731416", "price": 126.26, "amount": 22.52, "side": "sell", "timestamp": 1766188150945}, {"id": "1014731417", "price": 126.26, "amount": 2.76, "side": "sell", "timestamp": 1766188151125}, {"id": "1014731418", "price": 126.26, "amount": 0.1, "side": "sell", "timestamp": 1766188151679}, {"id": "1014731419", "price": 126.26, "amount": 0.28, "side": "sell", "timestamp": 1766188152053}, {"id": "1014731420", "price": 126.26, "amount": 0.17, "side": "sell", "timestamp": 1766188152971}, {"id": "1014731421", "price": 126.27, "amount": 0.79, "side": "buy", "timestamp": 1766188152986}, {"id": "1014731422", "price": 126.27, "amount": 0.54, "side": "buy", "timestamp": 1766188153109}, {"id": "1014731423", "price": 126.26, "amount": 0.17, "side": "sell", "timestamp": 1766188153897}, {"id": "1014731424", "price": 126.27, "amount": 0.32, "side": "buy", "timestamp": 1766188154618}, {"id": "1014731425", "price": 126.26, "amount": 0.96, "side": "sell", "timestamp": 1766188155814}, {"id": "1014731426", "price": 126.26, "amount": 3.71, "side": "sell", "timestamp": 1766188156490}, {"id": "1014731427", "price": 126.27, "amount": 0.39, "side": "buy", "timestamp": 1766188157396}, {"id": "1014731428", "price": 126.26, "amount": 10.98, "side": "sell", "timestamp": 1766188157528}, {"id": "1014731429", "price": 126.26, "amount": 0.19, "side": "sell", "timestamp": 1766188158390}, {"id": "1014731430", "price": 126.27, "amount": 18.78, "side": "buy", "timestamp": 1766188159005}, {"id": "1014731431", "price": 126.26, "amount": 0.12, "side": "sell", "timestamp": 1766188159760}, {"id": "1014731432", "price": 126.26, "amount": 3.53, "side": "sell", "timestamp": 1766188160843}, {"id": "1014731433", "price": 126.26, "amount": 3.94, "side": "sell", "timestamp": 1766188162591}, {"id": "1014731434", "price": 126.27, "amount": 0.32, "side": "buy", "timestamp": 1766188162621}, {"id": "1014731435", "price": 126.26, "amount": 11.54, "side": "sell", "timestamp": 1766188162667}, {"id": "1014731436", "price": 126.26, "amount": 0.12, "side": "sell", "timestamp": 1766188163124}, {"id": "1014731437", "price": 126.27, "amount": 0.04, "side": "buy", "timestamp": 1766188165326}, {"id": "1014731438", "price": 126.26, "amount": 0.23, "side": "sell", "timestamp": 1766188165571}, {"id": "1014731439", "price": 126.27, "amount": 5.53, "side": "buy", "timestamp": 1766188165578}, {"id": "1014731440", "price": 126.26, "amount": 109.27, "side": "sell", "timestamp": 1766188165781}, {"id": "1014731441", "price": 126.27, "amount": 3.97, "side": "buy", "timestamp": 1766188165810}, {"id": "1014731442", "price": 126.26, "amount": 0.94, "side": "sell", "timestamp": 1766188166227}, {"id": "1014731443", "price": 126.27, "amount": 0.25, "side": "buy", "timestamp": 1766188167350}, {"id": "1014731444", "price": 126.26, "amount": 2.24, "side": "sell", "timestamp": 1766188167832}, {"id": "1014731445", "price": 126.26, "amount": 3.99, "side": "sell", "timestamp": 1766188168075}, {"id": "1014731446", "price": 126.26, "amount": 0.98, "side": "sell", "timestamp": 1766188168684}, {"id": "1014731447", "price": 126.27, "amount": 1.97, "side": "buy", "timestamp": 1766188168921}, {"id": "1014731448", "price": 126.26, "amount": 0.45, "side": "sell", "timestamp": 1766188169130}, {"id": "1014731449", "price": 126.27, "amount": 300.89, "side": "buy", "timestamp": 1766188169776}, {"id": "1014731450", "price": 126.26, "amount": 0.05, "side": "sell", "timestamp": 1766188170133}, {"id": "1014731451", "price": 126.26, "amount": 2.76, "side": "sell", "timestamp": 1766188170392}, {"id": "1014731452", "price": 126.26, "amount": 7.92, "side": "sell", "timestamp": 1766188170892}, {"id": "1014731453", "price": 126.27, "amount": 0.93, "side": "buy", "timestamp": 1766188170900}, {"id": "1014731454", "price": 126.27, "amount": 0.05, "side": "buy", "timestamp": 1766188171682}, {"id": "1014731455", "price": 126.26, "amount": 0.24, "side": "sell", "timestamp": 1766188172425}, {"id": "1014731456", "price": 126.27, "amount": 2.52, "side": "buy", "timestamp": 1766188172652}, {"id": "1014731457", "price": 126.27, "amount": 5.0, "side": "buy", "timestamp": 1766188172827}, {"id": "1014731458", "price": 126.26, "amount": 0.12, "side": "sell", "timestamp": 1766188173039}, {"id": "1014731459", "price": 126.26, "amount": 0.26, "side": "sell", "timestamp": 1766188173322}, {"id": "1014731460", "price": 126.26, "amount": 3.96, "side": "sell", "timestamp": 1766188173514}, {"id": "1014731461", "price": 126.26, "amount": 0.68, "side": "sell", "timestamp": 1766188175092}, {"id": "1014731523", "price": 126.24, "amount": 18.0, "side": "sell", "timestamp": 1766188209150}, {"id": "1014731524", "price": 126.24, "amount": 3.94, "side": "sell", "timestamp": 1766188209758}, {"id": "1014731525", "price": 126.24, "amount": 4.24, "side": "sell", "timestamp": 1766188210728}, {"id": "1014731526", "price": 126.24, "amount": 5.76, "side": "sell", "timestamp": 1766188211058}, {"id": "1014731527", "price": 126.25, "amount": 3.97, "side": "buy", "timestamp": 1766188211555}, {"id": "1014731528", "price": 126.24, "amount": 11.19, "side": "sell", "timestamp": 1766188211705}, {"id": "1014731529", "price": 126.24, "amount": 19.34, "side": "sell", "timestamp": 1766188212252}, {"id": "1014731530", "price": 126.25, "amount": 1.45, "side": "buy", "timestamp": 1766188212756}, {"id": "1014731531", "price": 126.24, "amount": 0.17, "side": "sell", "timestamp": 1766188212760}, {"id": "1014731532", "price": 126.24, "amount": 0.05, "side": "sell", "timestamp": 1766188213104}, {"id": "1014731533", "price": 126.24, "amount": 0.49, "side": "sell", "timestamp": 1766188213769}, {"id": "1014731534", "price": 126.24, "amount": 0.17, "side": "sell", "timestamp": 1766188214077}, {"id": "1014731535", "price": 126.25, "amount": 0.02, "side": "buy", "timestamp": 1766188214205}, {"id": "1014731536", "price": 126.24, "amount": 0.33, "side": "sell", "timestamp": 1766188214898}, {"id": "1014731537", "price": 126.24, "amount": 1.14, "side": "sell", "timestamp": 1766188215039}, {"id": "1014731538", "price": 126.24, "amount": 3.68, "side": "sell", "timestamp": 1766188215275}, {"id": "1014731539", "price": 126.24, "amount": 1.92, "side": "sell", "timestamp": 1766188215513}, {"id": "1014731540", "price": 126.24, "amount": 0.24, "side": "sell", "timestamp": 1766188215679}, {"id": "1014731541", "price": 126.24, "amount": 0.11, "side": "sell", "timestamp": 1766188216865}, {"id": "1014731542", "price": 126.24, "amount": 1.59, "side": "sell", "timestamp": 1766188217237}, {"id": "1014731543", "price": 126.24, "amount": 6.85, "side": "sell", "timestamp": 1766188217488}, {"id": "1014731544", "price": 126.24, "amount": 0.17, "side": "sell", "timestamp": 1766188219481}, {"id": "1014731545", "price": 126.24, "amount": 1.8, "side": "sell", "timestamp": 1766188220315}, {"id": "1014731546", "price": 126.25, "amount": 0.3, "side": "buy", "timestamp": 1766188220328}, {"id": "1014731547", "price": 126.24, "amount": 268.31, "side": "sell", "timestamp": 1766188220435}, {"id": "1014731548", "price": 126.23, "amount": 19.04, "side": "sell", "timestamp": 1766188220532}, {"id": "1014731549", "price": 126.23, "amount": 1.45, "side": "buy", "timestamp": 1766188220579}, {"id": "1014731550", "price": 126.22, "amount": 12.09, "side": "sell", "timestamp": 1766188220597}, {"id": "1014731551", "price": 126.21, "amount": 53.55, "side": "sell", "timestamp": 1766188220609}, {"id": "1014731552", "price": 126.22, "amount": 1.46, "side": "buy", "timestamp": 1766188220762}, {"id": "1014731553", "price": 126.21, "amount": 0.23, "side": "sell", "timestamp": 1766188220856}, {"id": "1014731554", "price": 126.21, "amount": 0.12, "side": "sell", "timestamp": 1766188221267}, {"id": "1014731555", "price": 126.22, "amount": 2.92, "side": "buy", "timestamp": 1766188222153}, {"id": "1014731556", "price": 126.21, "amount": 15.4, "side": "sell", "timestamp": 1766188223001}, {"id": "1014731557", "price": 126.22, "amount": 3.97, "side": "buy", "timestamp": 1766188223103}, {"id": "1014731558", "price": 126.22, "amount": 0.09, "side": "buy", "timestamp": 1766188223679}, {"id": "1014731559", "price": 126.21, "amount": 447.39, "side": "sell", "timestamp": 1766188223683}, {"id": "1014731560", "price": 126.2, "amount": 69.13, "side": "sell", "timestamp": 1766188224810}, {"id": "1014731561", "price": 126.19, "amount": 9.38, "side": "sell", "timestamp": 1766188225047}, {"id": "1014731562", "price": 126.19, "amount": 0.07, "side": "sell", "timestamp": 1766188225312}, {"id": "1014731563", "price": 126.2, "amount": 6.66, "side": "buy", "timestamp": 1766188225700}, {"id": "1014731564", "price": 126.19, "amount": 0.23, "side": "sell", "timestamp": 1766188226146}, {"id": "1014731565", "price": 126.19, "amount": 0.73, "side": "sell", "timestamp": 1766188226377}, {"id": "1014731566", "price": 126.19, "amount": 0.05, "side": "sell", "timestamp": 1766188226490}, {"id": "1014731567", "price": 126.2, "amount": 3.98, "side": "buy", "timestamp": 1766188226746}, {"id": "1014731568", "price": 126.19, "amount": 0.33, "side": "sell", "timestamp": 1766188226851}, {"id": "1014731569", "price": 126.19, "amount": 8.89, "side": "sell", "timestamp": 1766188227053}, {"id": "1014731570", "price": 126.19, "amount": 0.35, "side": "sell", "timestamp": 1766188228081}, {"id": "1014731571", "price": 126.19, "amount": 0.05, "side": "sell", "timestamp": 1766188228332}, {"id": "1014731572", "price": 126.19, "amount": 5.0, "side": "sell", "timestamp": 1766188228544}, {"id": "1014731692", "price": 126.19, "amount": 0.44, "side": "sell", "timestamp": 1766188267999}, {"id": "1014731693", "price": 126.19, "amount": 80.51, "side": "sell", "timestamp": 1766188268234}, {"id": "1014731694", "price": 126.2, "amount": 15.84, "side": "buy", "timestamp": 1766188268368}, {"id": "1014731695", "price": 126.19, "amount": 4.68, "side": "sell", "timestamp": 1766188268793}, {"id": "1014731696", "price": 126.19, "amount": 80.49, "side": "sell", "timestamp": 1766188269161}, {"id": "1014731697", "price": 126.2, "amount": 0.89, "side": "buy", "timestamp": 1766188269239}, {"id": "1014731698", "price": 126.19, "amount": 0.01, "side": "sell", "timestamp": 1766188269929}, {"id": "1014731699", "price": 126.19, "amount": 0.52, "side": "sell", "timestamp": 1766188270493}, {"id": "1014731700", "price": 126.2, "amount": 0.39, "side": "buy", "timestamp": 1766188270844}, {"id": "1014731701", "price": 126.19, "amount": 2.76, "side": "sell", "timestamp": 1766188271229}, {"id": "1014731702", "price": 126.2, "amount": 7.92, "side": "buy", "timestamp": 1766188271232}, {"id": "1014731703", "price": 126.19, "amount": 0.54, "side": "sell", "timestamp": 1766188271601}, {"id": "1014731704", "price": 126.19, "amount": 0.35, "side": "sell", "timestamp": 1766188271735}, {"id": "1014731705", "price": 126.2, "amount": 0.09, "side": "buy", "timestamp": 1766188271742}, {"id": "1014731706", "price": 126.19, "amount": 0.13, "side": "sell", "timestamp": 1766188272446}, {"id": "1014731707", "price": 126.19, "amount": 0.46, "side": "sell", "timestamp": 1766188272695}, {"id": "1014731708", "price": 126.19, "amount": 0.4, "side": "sell", "timestamp": 1766188273512}, {"id": "1014731709", "price": 126.19, "amount": 0.29, "side": "sell", "timestamp": 1766188273676}, {"id": "1014731710", "price": 126.19, "amount": 15.89, "side": "sell", "timestamp": 1766188273829}, {"id": "1014731711", "price": 126.19, "amount": 0.43, "side": "sell", "timestamp": 1766188274737}, {"id": "1014731712", "price": 126.2, "amount": 2.67, "side": "buy", "timestamp": 1766188274795}, {"id": "1014731713", "price": 126.19, "amount": 0.14, "side": "sell", "timestamp": 1766188275027}, {"id": "1014731714", "price": 126.2, "amount": 1070.06, "side": "buy", "timestamp": 1766188275064}, {"id": "1014731715", "price": 126.21, "amount": 296.46, "side": "buy", "timestamp": 1766188275068}, {"id": "1014731716", "price": 126.21, "amount": 0.16, "side": "sell", "timestamp": 1766188275070}, {"id": "1014731717", "price": 126.22, "amount": 136.38, "side": "buy", "timestamp": 1766188275086}, {"id": "1014731718", "price": 126.23, "amount": 0.07, "side": "buy", "timestamp": 1766188275144}, {"id": "1014731719", "price": 126.22, "amount": 0.08, "side": "sell", "timestamp": 1766188275505}, {"id": "1014731720", "price": 126.22, "amount": 0.2, "side": "sell", "timestamp": 1766188275808}, {"id": "1014731721", "price": 126.22, "amount": 1.81, "side": "sell", "timestamp": 1766188275963}, {"id": "1014731722", "price": 126.22, "amount": 2.17, "side": "sell", "timestamp": 1766188276355}, {"id": "1014731723", "price": 126.22, "amount": 0.54, "side": "sell", "timestamp": 1766188276724}, {"id": "1014731724", "price": 126.22, "amount": 0.05, "side": "sell", "timestamp": 1766188276893}, {"id": "1014731725", "price": 126.23, "amount": 0.13, "side": "buy", "timestamp": 1766188277095}, {"id": "1014731726", "price": 126.22, "amount": 0.26, "side": "sell", "timestamp": 1766188277954}, {"id": "1014731727", "price": 126.22, "amount": 3.32, "side": "sell", "timestamp": 1766188278213}, {"id": "1014731728", "price": 126.23, "amount": 158.47, "side": "buy", "timestamp": 1766188278965}, {"id": "1014731729", "price": 126.22, "amount": 0.24, "side": "sell", "timestamp": 1766188279144}, {"id": "1014731730", "price": 126.22, "amount": 0.78, "side": "sell", "timestamp": 1766188279306}, {"id": "1014731731", "price": 126.22, "amount": 40.0, "side": "sell", "timestamp": 1766188279470}, {"id": "1014731732", "price": 126.22, "amount": 1.21, "side": "sell", "timestamp": 1766188279572}, {"id": "1014731733", "price": 126.23, "amount": 4.0, "side": "buy", "timestamp": 1766188279651}, {"id": "1014731734", "price": 126.22, "amount": 1.06, "side": "sell", "timestamp": 1766188279651}, {"id": "1014731735", "price": 126.23, "amount": 0.07, "side": "buy", "timestamp": 1766188279734}, {"id": "1014731736", "price": 126.23, "amount": 0.1, "side": "buy", "timestamp": 1766188279856}, {"id": "1014731737", "price": 126.23, "amount": 2.5, "side": "buy", "timestamp": 1766188280098}, {"id": "1014731738", "price": 126.22, "amount": 70.19, "side": "sell", "timestamp": 1766188280149}, {"id": "1014731739", "price": 126.23, "amount": 0.09, "side": "buy", "timestamp": 1766188280245}, {"id": "1014731740", "price": 126.22, "amount": 0.56, "side": "sell", "timestamp": 1766188281328}, {"id": "1014731741", "price": 126.23, "amount": 0.08, "side": "buy", "timestamp": 1766188281585}, {"id": "1014731849", "price": 126.22, "amount": 0.01, "side": "buy", "timestamp": 1766188315466}, {"id": "1014731850", "price": 126.22, "amount": 0.16, "side": "buy", "timestamp": 1766188316280}, {"id": "1014731851", "price": 126.22, "amount": 20.0, "side": "buy", "timestamp": 1766188316723}, {"id": "1014731852", "price": 126.22, "amount": 0.42, "side": "buy", "timestamp": 1766188317036}, {"id": "1014731853", "price": 126.21, "amount": 0.13, "side": "sell", "timestamp": 1766188317937}, {"id": "1014731854", "price": 126.21, "amount": 0.1, "side": "sell", "timestamp": 1766188318843}, {"id": "1014731855", "price": 126.21, "amount": 0.07, "side": "sell", "timestamp": 1766188319184}, {"id": "1014731856", "price": 126.22, "amount": 0.78, "side": "buy", "timestamp": 1766188319861}, {"id": "1014731857", "price": 126.22, "amount": 0.09, "side": "buy", "timestamp": 1766188320607}, {"id": "1014731858", "price": 126.21, "amount": 2.76, "side": "sell", "timestamp": 1766188321040}, {"id": "1014731859", "price": 126.22, "amount": 0.78, "side": "buy", "timestamp": 1766188321153}, {"id": "1014731860", "price": 126.21, "amount": 0.74, "side": "sell", "timestamp": 1766188321348}, {"id": "1014731861", "price": 126.21, "amount": 7.11, "side": "sell", "timestamp": 1766188321745}, {"id": "1014731862", "price": 126.21, "amount": 0.07, "side": "sell", "timestamp": 1766188322416}, {"id": "1014731863", "price": 126.22, "amount": 0.78, "side": "buy", "timestamp": 1766188322675}, {"id": "1014731864", "price": 126.21, "amount": 0.09, "side": "sell", "timestamp": 1766188323701}, {"id": "1014731865", "price": 126.22, "amount": 0.07, "side": "buy", "timestamp": 1766188323934}, {"id": "1014731866", "price": 126.22, "amount": 0.01, "side": "buy", "timestamp": 1766188324154}, {"id": "1014731867", "price": 126.21, "amount": 97.99, "side": "sell", "timestamp": 1766188324388}, {"id": "1014731868", "price": 126.22, "amount": 0.06, "side": "buy", "timestamp": 1766188324405}, {"id": "1014731869", "price": 126.22, "amount": 0.11, "side": "buy", "timestamp": 1766188324808}, {"id": "1014731870", "price": 126.21, "amount": 0.07, "side": "sell", "timestamp": 1766188324864}, {"id": "1014731871", "price": 126.22, "amount": 0.26, "side": "buy", "timestamp": 1766188325003}, {"id": "1014731872", "price": 126.21, "amount": 0.11, "side": "sell", "timestamp": 1766188325133}, {"id": "1014731873", "price": 126.22, "amount": 0.16, "side": "buy", "timestamp": 1766188325314}, {"id": "1014731874", "price": 126.22, "amount": 0.07, "side": "buy", "timestamp": 1766188325446}, {"id": "1014731875", "price": 126.22, "amount": 0.1, "side": "buy", "timestamp": 1766188325654}, {"id": "1014731876", "price": 126.22, "amount": 0.48, "side": "buy", "timestamp": 1766188325816}, {"id": "1014731877", "price": 126.21, "amount": 0.73, "side": "sell", "timestamp": 1766188326751}, {"id": "1014731878", "price": 126.21, "amount": 0.07, "side": "sell", "timestamp": 1766188327310}, {"id": "1014731879", "price": 126.21, "amount": 3.95, "side": "sell", "timestamp": 1766188327438}, {"id": "1014731880", "price": 126.22, "amount": 0.09, "side": "buy", "timestamp": 1766188328108}, {"id": "1014731881", "price": 126.22, "amount": 0.09, "side": "buy", "timestamp": 1766188329383}, {"id": "1014731882", "price": 126.21, "amount": 6.95, "side": "sell", "timestamp": 1766188329418}, {"id": "1014731883", "price": 126.22, "amount": 0.21, "side": "buy", "timestamp": 1766188329728}, {"id": "1014731884", "price": 126.22, "amount": 0.07, "side": "buy", "timestamp": 1766188329862}, {"id": "1014731885", "price": 126.21, "amount": 2.67, "side": "sell", "timestamp": 1766188329921}, {"id": "1014731886", "price": 126.22, "amount": 0.27, "side": "buy", "timestamp": 1766188329992}, {"id": "1014731887", "price": 126.21, "amount": 0.9, "side": "sell", "timestamp": 1766188330112}, {"id": "1014731888", "price": 126.22, "amount": 0.07, "side": "buy", "timestamp": 1766188330280}, {"id": "1014731889", "price": 126.22, "amount": 3.97, "side": "buy", "timestamp": 1766188330682}, {"id": "1014731890", "price": 126.21, "amount": 0.2, "side": "sell", "timestamp": 1766188331281}, {"id": "1014731891", "price": 126.21, "amount": 0.17, "side": "sell", "timestamp": 1766188331592}, {"id": "1014731892", "price": 126.22, "amount": 0.14, "side": "buy", "timestamp": 1766188331793}, {"id": "1014731893", "price": 126.21, "amount": 5.0, "side": "sell", "timestamp": 1766188332219}, {"id": "1014731894", "price": 126.21, "amount": 6.81, "side": "sell", "timestamp": 1766188332396}, {"id": "1014731895", "price": 126.22, "amount": 3.97, "side": "buy", "timestamp": 1766188332782}, {"id": "1014731896", "price": 126.22, "amount": 0.78, "side": "buy", "timestamp": 1766188333139}, {"id": "1014731897", "price": 126.21, "amount": 9.0, "side": "sell", "timestamp": 1766188333187}, {"id": "1014731898", "price": 126.22, "amount": 3.95, "side": "buy", "timestamp": 1766188333800}, {"id": "1014731972", "price": 126.2, "amount": 0.21, "side": "sell", "timestamp": 1766188367671}, {"id": "1014731973", "price": 126.2, "amount": 1.78, "side": "sell", "timestamp": 1766188368446}, {"id": "1014731974", "price": 126.21, "amount": 0.7, "side": "buy", "timestamp": 1766188368635}, {"id": "1014731975", "price": 126.2, "amount": 15.94, "side": "sell", "timestamp": 1766188368895}, {"id": "1014731976", "price": 126.21, "amount": 197.45, "side": "buy", "timestamp": 1766188369445}, {"id": "1014731977", "price": 126.21, "amount": 3.98, "side": "buy", "timestamp": 1766188369628}, {"id": "1014731978", "price": 126.21, "amount": 0.04, "side": "buy", "timestamp": 1766188369799}, {"id": "1014731979", "price": 126.21, "amount": 0.08, "side": "buy", "timestamp": 1766188369951}, {"id": "1014731980", "price": 126.2, "amount": 6.97, "side": "sell", "timestamp": 1766188370082}, {"id": "1014731981", "price": 126.21, "amount": 0.01, "side": "buy", "timestamp": 1766188370571}, {"id": "1014731982", "price": 126.21, "amount": 217.51, "side": "buy", "timestamp": 1766188370916}, {"id": "1014731983", "price": 126.21, "amount": 2.76, "side": "sell", "timestamp": 1766188370940}, {"id": "1014731984", "price": 126.21, "amount": 10.0, "side": "sell", "timestamp": 1766188372035}, {"id": "1014731985", "price": 126.21, "amount": 856.43, "side": "sell", "timestamp": 1766188372575}, {"id": "1014731986", "price": 126.2, "amount": 62.64, "side": "sell", "timestamp": 1766188372576}, {"id": "1014731987", "price": 126.2, "amount": 1.92, "side": "sell", "timestamp": 1766188372915}, {"id": "1014731988", "price": 126.21, "amount": 0.09, "side": "buy", "timestamp": 1766188373421}, {"id": "1014731989", "price": 126.2, "amount": 0.11, "side": "sell", "timestamp": 1766188373671}, {"id": "1014731990", "price": 126.21, "amount": 2.0, "side": "buy", "timestamp": 1766188373721}, {"id": "1014731991", "price": 126.2, "amount": 0.68, "side": "sell", "timestamp": 1766188374123}, {"id": "1014731992", "price": 126.2, "amount": 4.17, "side": "sell", "timestamp": 1766188375409}, {"id": "1014731993", "price": 126.2, "amount": 5.3, "side": "sell", "timestamp": 1766188375819}, {"id": "1014731994", "price": 126.21, "amount": 0.07, "side": "buy", "timestamp": 1766188375972}, {"id": "1014731995", "price": 126.2, "amount": 0.1, "side": "sell", "timestamp": 1766188376319}, {"id": "1014731996", "price": 126.21, "amount": 3.96, "side": "buy", "timestamp": 1766188377018}, {"id": "1014731997", "price": 126.2, "amount": 0.33, "side": "sell", "timestamp": 1766188377247}, {"id": "1014731998", "price": 126.21, "amount": 0.7, "side": "buy", "timestamp": 1766188377274}, {"id": "1014731999", "price": 126.21, "amount": 0.82, "side": "buy", "timestamp": 1766188377518}, {"id": "1014732000", "price": 126.2, "amount": 3.03, "side": "sell", "timestamp": 1766188378086}, {"id": "1014732001", "price": 126.2, "amount": 7.92, "side": "sell", "timestamp": 1766188378389}, {"id": "1014732002", "price": 126.21, "amount": 1.0, "side": "buy", "timestamp": 1766188378429}, {"id": "1014732003", "price": 126.2, "amount": 3.0, "side": "sell", "timestamp": 1766188378867}, {"id": "1014732004", "price": 126.21, "amount": 0.08, "side": "buy", "timestamp": 1766188379020}, {"id": "1014732005", "price": 126.2, "amount": 3.03, "side": "sell", "timestamp": 1766188379136}, {"id": "1014732006", "price": 126.2, "amount": 2.56, "side": "sell", "timestamp": 1766188379665}, {"id": "1014732007", "price": 126.21, "amount": 0.01, "side": "buy", "timestamp": 1766188379981}, {"id": "1014732008", "price": 126.2, "amount": 0.09, "side": "sell", "timestamp": 1766188380530}, {"id": "1014732009", "price": 126.2, "amount": 0.64, "side": "sell", "timestamp": 1766188380749}, {"id": "1014732010", "price": 126.21, "amount": 0.02, "side": "buy", "timestamp": 1766188380894}, {"id": "1014732011", "price": 126.2, "amount": 0.06, "side": "sell", "timestamp": 1766188381507}, {"id": "1014732012", "price": 126.2, "amount": 0.08, "side": "sell", "timestamp": 1766188381842}, {"id": "1014732013", "price": 126.2, "amount": 0.11, "side": "sell", "timestamp": 1766188382453}, {"id": "1014732014", "price": 126.2, "amount": 1.16, "side": "sell", "timestamp": 1766188382916}, {"id": "1014732015", "price": 126.21, "amount": 0.01, "side": "buy", "timestamp": 1766188383190}, {"id": "1014732016", "price": 126.2, "amount": 0.07, "side": "sell", "timestamp": 1766188383389}, {"id": "1014732017", "price": 126.2, "amount": 1.02, "side": "sell", "timestamp": 1766188383757}, {"id": "1014732018", "price": 126.21, "amount": 0.08, "side": "buy", "timestamp": 1766188384010}, {"id": "1014732019", "price": 126.21, "amount": 0.03, "side": "buy", "timestamp": 1766188384557}, {"id": "1014732020", "price": 126.2, "amount": 0.04, "side": "sell", "timestamp": 1766188385738}, {"id": "1014732021", "price": 126.21, "amount": 1.2, "side": "buy", "timestamp": 1766188386133}, {"id": "1014732119", "price": 126.21, "amount": 0.99, "side": "sell", "timestamp": 1766188424042}, {"id": "1014732120", "price": 126.21, "amount": 0.17, "side": "sell", "timestamp": 1766188424205}, {"id": "1014732121", "price": 126.22, "amount": 0.86, "side": "buy", "timestamp": 1766188424299}, {"id": "1014732122", "price": 126.21, "amount": 1.91, "side": "sell", "timestamp": 1766188424465}, {"id": "1014732123", "price": 126.21, "amount": 0.29, "side": "sell", "timestamp": 1766188424580}, {"id": "1014732124", "price": 126.21, "amount": 0.1, "side": "sell", "timestamp": 1766188424842}, {"id": "1014732125", "price": 126.21, "amount": 0.05, "side": "sell", "timestamp": 1766188424955}, {"id": "1014732126", "price": 126.22, "amount": 0.01, "side": "buy", "timestamp": 1766188424978}, {"id": "1014732127", "price": 126.21, "amount": 0.12, "side": "sell", "timestamp": 1766188425123}, {"id": "1014732128", "price": 126.21, "amount": 0.12, "side": "sell", "timestamp": 1766188425243}, {"id": "1014732129", "price": 126.21, "amount": 0.05, "side": "sell", "timestamp": 1766188425518}, {"id": "1014732130", "price": 126.22, "amount": 0.4, "side": "buy", "timestamp": 1766188426169}, {"id": "1014732131", "price": 126.21, "amount": 0.05, "side": "sell", "timestamp": 1766188427311}, {"id": "1014732132", "price": 126.22, "amount": 0.02, "side": "buy", "timestamp": 1766188427474}, {"id": "1014732133", "price": 126.22, "amount": 0.05, "side": "buy", "timestamp": 1766188427713}, {"id": "1014732134", "price": 126.22, "amount": 306.43, "side": "buy", "timestamp": 1766188428422}, {"id": "1014732135", "price": 126.22, "amount": 0.11, "side": "sell", "timestamp": 1766188428788}, {"id": "1014732136", "price": 126.22, "amount": 0.2, "side": "sell", "timestamp": 1766188429041}, {"id": "1014732137", "price": 126.22, "amount": 0.05, "side": "sell", "timestamp": 1766188429198}, {"id": "1014732138", "price": 126.22, "amount": 1.07, "side": "sell", "timestamp": 1766188429588}, {"id": "1014732139", "price": 126.22, "amount": 0.1, "side": "sell", "timestamp": 1766188429834}, {"id": "1014732140", "price": 126.22, "amount": 0.05, "side": "sell", "timestamp": 1766188429964}, {"id": "1014732141", "price": 126.22, "amount": 0.12, "side": "sell", "timestamp": 1766188430130}, {"id": "1014732142", "price": 126.22, "amount": 0.06, "side": "sell", "timestamp": 1766188430242}, {"id": "1014732143", "price": 126.22, "amount": 0.05, "side": "sell", "timestamp": 1766188430519}, {"id": "1014732144", "price": 126.23, "amount": 0.01, "side": "buy", "timestamp": 1766188430550}, {"id": "1014732145", "price": 126.22, "amount": 4.75, "side": "sell", "timestamp": 1766188432490}, {"id": "1014732146", "price": 126.23, "amount": 0.09, "side": "buy", "timestamp": 1766188433299}, {"id": "1014732147", "price": 126.22, "amount": 0.2, "side": "sell", "timestamp": 1766188434033}, {"id": "1014732148", "price": 126.22, "amount": 0.05, "side": "sell", "timestamp": 1766188434189}, {"id": "1014732149", "price": 126.23, "amount": 0.15, "side": "buy", "timestamp": 1766188434552}, {"id": "1014732150", "price": 126.22, "amount": 0.29, "side": "sell", "timestamp": 1766188434589}, {"id": "1014732151", "price": 126.23, "amount": 0.39, "side": "buy", "timestamp": 1766188434680}, {"id": "1014732152", "price": 126.22, "amount": 0.1, "side": "sell", "timestamp": 1766188434835}, {"id": "1014732153", "price": 126.22, "amount": 0.08, "side": "sell", "timestamp": 1766188434965}, {"id": "1014732154", "price": 126.22, "amount": 0.11, "side": "sell", "timestamp": 1766188435132}, {"id": "1014732155", "price": 126.22, "amount": 0.06, "side": "sell", "timestamp": 1766188435242}, {"id": "1014732156", "price": 126.22, "amount": 0.42, "side": "sell", "timestamp": 1766188435495}, {"id": "1014732157", "price": 126.23, "amount": 11.75, "side": "buy", "timestamp": 1766188435720}, {"id": "1014732158", "price": 126.22, "amount": 0.1, "side": "sell", "timestamp": 1766188436234}, {"id": "1014732159", "price": 126.23, "amount": 0.94, "side": "buy", "timestamp": 1766188436472}, {"id": "1014732160", "price": 126.22, "amount": 0.33, "side": "sell", "timestamp": 1766188436548}, {"id": "1014732161", "price": 126.22, "amount": 0.13, "side": "sell", "timestamp": 1766188438153}, {"id": "1014732162", "price": 126.22, "amount": 1.31, "side": "sell", "timestamp": 1766188438859}, {"id": "1014732163", "price": 126.22, "amount": 0.2, "side": "sell", "timestamp": 1766188439036}, {"id": "1014732164", "price": 126.22, "amount": 0.08, "side": "sell", "timestamp": 1766188439192}, {"id": "1014732165", "price": 126.23, "amount": 3.37, "side": "buy", "timestamp": 1766188439533}, {"id": "1014732166", "price": 126.22, "amount": 254.44, "side": "sell", "timestamp": 1766188439583}, {"id": "1014732167", "price": 126.21, "amount": 0.09, "side": "sell", "timestamp": 1766188439671}, {"id": "1014732168", "price": 126.22, "amount": 3.0, "side": "buy", "timestamp": 1766188439765}, {"id": "1014732363", "price": 126.13, "amount": 0.07, "side": "sell", "timestamp": 1766188478903}, {"id": "1014732364", "price": 126.13, "amount": 0.1, "side": "sell", "timestamp": 1766188479016}, {"id": "1014732365", "price": 126.13, "amount": 0.05, "side": "sell", "timestamp": 1766188479173}, {"id": "1014732366", "price": 126.13, "amount": 0.05, "side": "sell", "timestamp": 1766188479277}, {"id": "1014732367", "price": 126.14, "amount": 3.97, "side": "buy", "timestamp": 1766188479323}, {"id": "1014732368", "price": 126.14, "amount": 0.09, "side": "buy", "timestamp": 1766188479439}, {"id": "1014732369", "price": 126.13, "amount": 0.29, "side": "sell", "timestamp": 1766188479540}, {"id": "1014732370", "price": 126.13, "amount": 0.25, "side": "sell", "timestamp": 1766188479900}, {"id": "1014732371", "price": 126.13, "amount": 7.17, "side": "sell", "timestamp": 1766188480001}, {"id": "1014732372", "price": 126.13, "amount": 0.05, "side": "sell", "timestamp": 1766188480337}, {"id": "1014732373", "price": 126.13, "amount": 0.05, "side": "sell", "timestamp": 1766188480448}, {"id": "1014732374", "price": 126.13, "amount": 0.05, "side": "sell", "timestamp": 1766188480609}, {"id": "1014732375", "price": 126.14, "amount": 0.05, "side": "buy", "timestamp": 1766188480638}, {"id": "1014732376", "price": 126.13, "amount": 0.05, "side": "sell", "timestamp": 1766188480836}, {"id": "1014732377", "price": 126.14, "amount": 117.57, "side": "buy", "timestamp": 1766188482058}, {"id": "1014732378", "price": 126.13, "amount": 3.01, "side": "sell", "timestamp": 1766188482178}, {"id": "1014732379", "price": 126.13, "amount": 3.29, "side": "sell", "timestamp": 1766188483205}, {"id": "1014732380", "price": 126.13, "amount": 0.05, "side": "sell", "timestamp": 1766188483481}, {"id": "1014732381", "price": 126.14, "amount": 15.85, "side": "buy", "timestamp": 1766188483737}, {"id": "1014732382", "price": 126.13, "amount": 37.17, "side": "sell", "timestamp": 1766188483894}, {"id": "1014732383", "price": 126.13, "amount": 0.12, "side": "sell", "timestamp": 1766188484033}, {"id": "1014732384", "price": 126.13, "amount": 0.05, "side": "sell", "timestamp": 1766188484173}, {"id": "1014732385", "price": 126.13, "amount": 0.29, "side": "sell", "timestamp": 1766188484543}, {"id": "1014732386", "price": 126.13, "amount": 0.3, "side": "sell", "timestamp": 1766188484903}, {"id": "1014732387", "price": 126.13, "amount": 12.22, "side": "sell", "timestamp": 1766188485054}, {"id": "1014732388", "price": 126.13, "amount": 0.05, "side": "sell", "timestamp": 1766188485341}, {"id": "1014732389", "price": 126.14, "amount": 0.02, "side": "buy", "timestamp": 1766188485402}, {"id": "1014732390", "price": 126.13, "amount": 0.05, "side": "sell", "timestamp": 1766188485450}, {"id": "1014732391", "price": 126.13, "amount": 0.05, "side": "sell", "timestamp": 1766188485616}, {"id": "1014732392", "price": 126.13, "amount": 5.44, "side": "sell", "timestamp": 1766188486269}, {"id": "1014732393", "price": 126.13, "amount": 3.17, "side": "sell", "timestamp": 1766188486491}, {"id": "1014732394", "price": 126.14, "amount": 79.6, "side": "buy", "timestamp": 1766188487040}, {"id": "1014732395", "price": 126.14, "amount": 0.03, "side": "buy", "timestamp": 1766188487772}, {"id": "1014732396", "price": 126.14, "amount": 0.01, "side": "buy", "timestamp": 1766188488192}, {"id": "1014732397", "price": 126.13, "amount": 0.16, "side": "sell", "timestamp": 1766188488490}, {"id": "1014732398", "price": 126.14, "amount": 5.0, "side": "buy", "timestamp": 1766188488621}, {"id": "1014732399", "price": 126.13, "amount": 0.07, "side": "sell", "timestamp": 1766188488906}, {"id": "1014732400", "price": 126.13, "amount": 0.05, "side": "sell", "timestamp": 1766188489019}, {"id": "1014732401", "price": 126.13, "amount": 0.05, "side": "sell", "timestamp": 1766188489179}, {"id": "1014732402", "price": 126.13, "amount": 0.29, "side": "sell", "timestamp": 1766188489535}, {"id": "1014732403", "price": 126.14, "amount": 0.29, "side": "buy", "timestamp": 1766188489794}, {"id": "1014732404", "price": 126.13, "amount": 0.33, "side": "sell", "timestamp": 1766188489895}, {"id": "1014732405", "price": 126.14, "amount": 0.07, "side": "buy", "timestamp": 1766188489988}, {"id": "1014732406", "price": 126.13, "amount": 0.05, "side": "sell", "timestamp": 1766188490442}, {"id": "1014732407", "price": 126.13, "amount": 0.05, "side": "sell", "timestamp": 1766188490616}, {"id": "1014732408", "price": 126.13, "amount": 0.07, "side": "sell", "timestamp": 1766188491174}, {"id": "1014732409", "price": 126.14, "amount": 5.0, "side": "buy", "timestamp": 1766188491667}, {"id": "1014732410", "price": 126.13, "amount": 2.76, "side": "sell", "timestamp": 1766188491694}, {"id": "1014732411", "price": 126.14, "amount": 0.02, "side": "buy", "timestamp": 1766188491722}, {"id": "1014732412", "price": 126.13, "amount": 23.95, "side": "sell", "timestamp": 1766188492050}, {"id": "1014732567", "price": 126.18, "amount": 0.14, "side": "buy", "timestamp": 1766188537289}, {"id": "1014732568", "price": 126.18, "amount": 0.6, "side": "buy", "timestamp": 1766188537787}, {"id": "1014732569", "price": 126.17, "amount": 15.05, "side": "sell", "timestamp": 1766188538228}, {"id": "1014732570", "price": 126.18, "amount": 0.96, "side": "buy", "timestamp": 1766188538552}, {"id": "1014732571", "price": 126.17, "amount": 0.12, "side": "sell", "timestamp": 1766188538586}, {"id": "1014732572", "price": 126.17, "amount": 0.09, "side": "sell", "timestamp": 1766188538800}, {"id": "1014732573", "price": 126.17, "amount": 0.05, "side": "sell", "timestamp": 1766188538956}, {"id": "1014732574", "price": 126.18, "amount": 0.01, "side": "buy", "timestamp": 1766188539074}, {"id": "1014732575", "price": 126.17, "amount": 0.17, "side": "sell", "timestamp": 1766188539140}, {"id": "1014732576", "price": 126.17, "amount": 0.74, "side": "sell", "timestamp": 1766188539324}, {"id": "1014732577", "price": 126.18, "amount": 0.02, "side": "buy", "timestamp": 1766188539437}, {"id": "1014732578", "price": 126.18, "amount": 3.71, "side": "buy", "timestamp": 1766188539675}, {"id": "1014732579", "price": 126.17, "amount": 0.05, "side": "sell", "timestamp": 1766188539738}, {"id": "1014732580", "price": 126.18, "amount": 0.06, "side": "buy", "timestamp": 1766188539796}, {"id": "1014732581", "price": 126.17, "amount": 0.2, "side": "sell", "timestamp": 1766188539815}, {"id": "1014732582", "price": 126.18, "amount": 458.37, "side": "buy", "timestamp": 1766188539831}, {"id": "1014732583", "price": 126.19, "amount": 888.03, "side": "buy", "timestamp": 1766188539831}, {"id": "1014732584", "price": 126.19, "amount": 0.08, "side": "sell", "timestamp": 1766188539885}, {"id": "1014732585", "price": 126.2, "amount": 1.17, "side": "buy", "timestamp": 1766188539934}, {"id": "1014732586", "price": 126.19, "amount": 0.05, "side": "sell", "timestamp": 1766188540046}, {"id": "1014732587", "price": 126.19, "amount": 4.23, "side": "sell", "timestamp": 1766188540147}, {"id": "1014732588", "price": 126.2, "amount": 0.05, "side": "buy", "timestamp": 1766188540228}, {"id": "1014732589", "price": 126.19, "amount": 0.81, "side": "sell", "timestamp": 1766188540233}, {"id": "1014732590", "price": 126.19, "amount": 32.66, "side": "sell", "timestamp": 1766188540359}, {"id": "1014732591", "price": 126.2, "amount": 50.0, "side": "buy", "timestamp": 1766188540487}, {"id": "1014732592", "price": 126.2, "amount": 2.0, "side": "buy", "timestamp": 1766188541040}, {"id": "1014732593", "price": 126.2, "amount": 1.03, "side": "buy", "timestamp": 1766188541157}, {"id": "1014732594", "price": 126.19, "amount": 3.95, "side": "sell", "timestamp": 1766188541344}, {"id": "1014732595", "price": 126.2, "amount": 0.04, "side": "buy", "timestamp": 1766188541797}, {"id": "1014732596", "price": 126.19, "amount": 0.05, "side": "sell", "timestamp": 1766188541893}, {"id": "1014732597", "price": 126.19, "amount": 6.64, "side": "sell", "timestamp": 1766188542268}, {"id": "1014732598", "price": 126.2, "amount": 0.72, "side": "buy", "timestamp": 1766188542939}, {"id": "1014732599", "price": 126.19, "amount": 0.05, "side": "sell", "timestamp": 1766188543225}, {"id": "1014732600", "price": 126.2, "amount": 15.16, "side": "buy", "timestamp": 1766188543482}, {"id": "1014732601", "price": 126.19, "amount": 0.12, "side": "sell", "timestamp": 1766188543585}, {"id": "1014732602", "price": 126.19, "amount": 0.05, "side": "sell", "timestamp": 1766188543794}, {"id": "1014732603", "price": 126.19, "amount": 0.06, "side": "sell", "timestamp": 1766188543952}, {"id": "1014732604", "price": 126.2, "amount": 0.15, "side": "buy", "timestamp": 1766188544145}, {"id": "1014732605", "price": 126.19, "amount": 0.05, "side": "sell", "timestamp": 1766188544408}, {"id": "1014732606", "price": 126.2, "amount": 3.97, "side": "buy", "timestamp": 1766188544630}, {"id": "1014732607", "price": 126.19, "amount": 2.95, "side": "sell", "timestamp": 1766188544696}, {"id": "1014732608", "price": 126.2, "amount": 0.51, "side": "buy", "timestamp": 1766188544723}, {"id": "1014732609", "price": 126.19, "amount": 0.05, "side": "sell", "timestamp": 1766188544741}, {"id": "1014732610", "price": 126.2, "amount": 0.19, "side": "buy", "timestamp": 1766188544783}, {"id": "1014732611", "price": 126.19, "amount": 0.2, "side": "sell", "timestamp": 1766188544787}, {"id": "1014732612", "price": 126.2, "amount": 0.57, "side": "buy", "timestamp": 1766188544843}, {"id": "1014732613", "price": 126.19, "amount": 0.05, "side": "sell", "timestamp": 1766188545053}, {"id": "1014732614", "price": 126.19, "amount": 0.05, "side": "sell", "timestamp": 1766188545201}, {"id": "1014732615", "price": 126.19, "amount": 0.34, "side": "sell", "timestamp": 1766188545326}, {"id": "1014732616", "price": 126.2, "amount": 0.01, "side": "buy", "timestamp": 1766188546472}, {"id": "1014732731", "price": 126.17, "amount": 3.97, "side": "buy", "timestamp": 1766188581358}, {"id": "1014732732", "price": 126.16, "amount": 0.37, "side": "sell", "timestamp": 1766188581848}, {"id": "1014732733", "price": 126.17, "amount": 2.03, "side": "buy", "timestamp": 1766188582135}, {"id": "1014732734", "price": 126.17, "amount": 0.48, "side": "buy", "timestamp": 1766188583146}, {"id": "1014732735", "price": 126.16, "amount": 0.79, "side": "sell", "timestamp": 1766188583168}, {"id": "1014732736", "price": 126.16, "amount": 0.04, "side": "sell", "timestamp": 1766188583637}, {"id": "1014732737", "price": 126.17, "amount": 0.09, "side": "buy", "timestamp": 1766188583678}, {"id": "1014732738", "price": 126.16, "amount": 0.04, "side": "sell", "timestamp": 1766188583798}, {"id": "1014732739", "price": 126.16, "amount": 10.36, "side": "sell", "timestamp": 1766188584284}, {"id": "1014732740", "price": 126.16, "amount": 0.17, "side": "sell", "timestamp": 1766188584783}, {"id": "1014732741", "price": 126.17, "amount": 16.61, "side": "buy", "timestamp": 1766188584801}, {"id": "1014732742", "price": 126.16, "amount": 0.16, "side": "sell", "timestamp": 1766188585161}, {"id": "1014732743", "price": 126.16, "amount": 20.79, "side": "sell", "timestamp": 1766188585377}, {"id": "1014732744", "price": 126.16, "amount": 0.07, "side": "sell", "timestamp": 1766188585483}, {"id": "1014732745", "price": 126.17, "amount": 0.84, "side": "buy", "timestamp": 1766188586931}, {"id": "1014732746", "price": 126.16, "amount": 472.85, "side": "sell", "timestamp": 1766188588488}, {"id": "1014732747", "price": 126.17, "amount": 301.12, "side": "buy", "timestamp": 1766188589092}, {"id": "1014732748", "price": 126.18, "amount": 73.47, "side": "buy", "timestamp": 1766188589135}, {"id": "1014732749", "price": 126.19, "amount": 703.79, "side": "buy", "timestamp": 1766188589137}, {"id": "1014732750", "price": 126.19, "amount": 0.16, "side": "sell", "timestamp": 1766188589164}, {"id": "1014732751", "price": 126.2, "amount": 735.11, "side": "buy", "timestamp": 1766188589208}, {"id": "1014732752", "price": 126.21, "amount": 129.89, "side": "buy", "timestamp": 1766188589208}, {"id": "1014732753", "price": 126.2, "amount": 0.16, "side": "sell", "timestamp": 1766188589215}, {"id": "1014732754", "price": 126.21, "amount": 428.47, "side": "buy", "timestamp": 1766188589445}, {"id": "1014732755", "price": 126.21, "amount": 0.08, "side": "buy", "timestamp": 1766188590423}, {"id": "1014732756", "price": 126.21, "amount": 0.02, "side": "buy", "timestamp": 1766188590568}, {"id": "1014732757", "price": 126.2, "amount": 1.06, "side": "sell", "timestamp": 1766188591014}, {"id": "1014732758", "price": 126.2, "amount": 148.08, "side": "sell", "timestamp": 1766188591220}, {"id": "1014732759", "price": 126.2, "amount": 0.01, "side": "buy", "timestamp": 1766188591315}, {"id": "1014732760", "price": 126.2, "amount": 0.01, "side": "buy", "timestamp": 1766188591528}, {"id": "1014732761", "price": 126.19, "amount": 0.09, "side": "sell", "timestamp": 1766188591542}, {"id": "1014732762", "price": 126.19, "amount": 1.52, "side": "sell", "timestamp": 1766188591914}, {"id": "1014732763", "price": 126.19, "amount": 0.24, "side": "sell", "timestamp": 1766188592188}, {"id": "1014732764", "price": 126.19, "amount": 12.26, "side": "sell", "timestamp": 1766188592733}, {"id": "1014732765", "price": 126.19, "amount": 0.81, "side": "sell", "timestamp": 1766188594004}, {"id": "1014732766", "price": 126.2, "amount": 0.83, "side": "buy", "timestamp": 1766188594741}, {"id": "1014732767", "price": 126.2, "amount": 2.41, "side": "buy", "timestamp": 1766188594924}, {"id": "1014732768", "price": 126.2, "amount": 0.12, "side": "buy", "timestamp": 1766188595069}, {"id": "1014732769", "price": 126.19, "amount": 0.25, "side": "sell", "timestamp": 1766188595106}, {"id": "1014732770", "price": 126.2, "amount": 0.08, "side": "buy", "timestamp": 1766188595312}, {"id": "1014732771", "price": 126.19, "amount": 0.08, "side": "sell", "timestamp": 1766188595765}, {"id": "1014732772", "price": 126.2, "amount": 5.02, "side": "buy", "timestamp": 1766188595799}, {"id": "1014732773", "price": 126.19, "amount": 10.2, "side": "sell", "timestamp": 1766188596729}, {"id": "1014732774", "price": 126.19, "amount": 0.24, "side": "sell", "timestamp": 1766188598035}, {"id": "1014732775", "price": 126.2, "amount": 0.16, "side": "buy", "timestamp": 1766188598048}, {"id": "1014732776", "price": 126.2, "amount": 0.1, "side": "buy", "timestamp": 1766188598204}, {"id": "1014732777", "price": 126.19, "amount": 0.24, "side": "sell", "timestamp": 1766188598456}, {"id": "1014732778", "price": 126.19, "amount": 29.64, "side": "sell", "timestamp": 1766188598893}, {"id": "1014732779", "price": 126.2, "amount": 0.59, "side": "buy", "timestamp": 1766188599369}, {"id": "1014732780", "price": 126.19, "amount": 0.63, "side": "sell", "timestamp": 1766188599785}, {"id": "1014732843", "price": 126.23, "amount": 94.52, "side": "buy", "timestamp": 1766188637396}, {"id": "1014732844", "price": 126.23, "amount": 0.01, "side": "buy", "timestamp": 1766188637802}, {"id": "1014732845", "price": 126.23, "amount": 316.85, "side": "buy", "timestamp": 1766188638175}, {"id": "1014732846", "price": 126.22, "amount": 0.23, "side": "sell", "timestamp": 1766188639496}, {"id": "1014732847", "price": 126.23, "amount": 0.37, "side": "buy", "timestamp": 1766188639707}, {"id": "1014732848", "price": 126.23, "amount": 0.93, "side": "buy", "timestamp": 1766188639922}, {"id": "1014732849", "price": 126.22, "amount": 1.58, "side": "sell", "timestamp": 1766188640183}, {"id": "1014732850", "price": 126.23, "amount": 0.01, "side": "buy", "timestamp": 1766188640844}, {"id": "1014732851", "price": 126.23, "amount": 0.02, "side": "buy", "timestamp": 1766188641554}, {"id": "1014732852", "price": 126.23, "amount": 0.05, "side": "buy", "timestamp": 1766188641894}, {"id": "1014732853", "price": 126.22, "amount": 15.85, "side": "sell", "timestamp": 1766188642260}, {"id": "1014732854", "price": 126.22, "amount": 0.08, "side": "sell", "timestamp": 1766188642587}, {"id": "1014732855", "price": 126.23, "amount": 0.5, "side": "buy", "timestamp": 1766188643304}, {"id": "1014732856", "price": 126.23, "amount": 3.45, "side": "buy", "timestamp": 1766188644174}, {"id": "1014732857", "price": 126.23, "amount": 0.01, "side": "buy", "timestamp": 1766188644316}, {"id": "1014732858", "price": 126.22, "amount": 3.95, "side": "sell", "timestamp": 1766188644399}, {"id": "1014732859", "price": 126.22, "amount": 1.67, "side": "sell", "timestamp": 1766188644708}, {"id": "1014732860", "price": 126.23, "amount": 0.43, "side": "buy", "timestamp": 1766188644712}, {"id": "1014732861", "price": 126.23, "amount": 0.89, "side": "buy", "timestamp": 1766188644889}, {"id": "1014732862", "price": 126.23, "amount": 0.05, "side": "buy", "timestamp": 1766188645010}, {"id": "1014732863", "price": 126.23, "amount": 9.14, "side": "buy", "timestamp": 1766188645515}, {"id": "1014732864", "price": 126.23, "amount": 0.04, "side": "buy", "timestamp": 1766188646275}, {"id": "1014732865", "price": 126.23, "amount": 23.71, "side": "buy", "timestamp": 1766188646579}, {"id": "1014732866", "price": 126.22, "amount": 0.4, "side": "sell", "timestamp": 1766188647417}, {"id": "1014732867", "price": 126.23, "amount": 7.92, "side": "buy", "timestamp": 1766188647928}, {"id": "1014732868", "price": 126.22, "amount": 0.17, "side": "sell", "timestamp": 1766188648106}, {"id": "1014732869", "price": 126.22, "amount": 0.1, "side": "sell", "timestamp": 1766188648771}, {"id": "1014732870", "price": 126.22, "amount": 1.65, "side": "sell", "timestamp": 1766188648949}, {"id": "1014732871", "price": 126.22, "amount": 0.29, "side": "sell", "timestamp": 1766188649089}, {"id": "1014732872", "price": 126.22, "amount": 0.32, "side": "sell", "timestamp": 1766188649202}, {"id": "1014732873", "price": 126.22, "amount": 0.05, "side": "sell", "timestamp": 1766188649413}, {"id": "1014732874", "price": 126.23, "amount": 0.06, "side": "buy", "timestamp": 1766188649552}, {"id": "1014732875", "price": 126.22, "amount": 0.05, "side": "sell", "timestamp": 1766188649556}, {"id": "1014732876", "price": 126.23, "amount": 3.97, "side": "buy", "timestamp": 1766188649563}, {"id": "1014732877", "price": 126.22, "amount": 0.21, "side": "sell", "timestamp": 1766188649574}, {"id": "1014732878", "price": 126.23, "amount": 0.18, "side": "buy", "timestamp": 1766188649724}, {"id": "1014732879", "price": 126.22, "amount": 0.05, "side": "sell", "timestamp": 1766188649726}, {"id": "1014732880", "price": 126.23, "amount": 1.04, "side": "buy", "timestamp": 1766188649751}, {"id": "1014732881", "price": 126.22, "amount": 0.05, "side": "sell", "timestamp": 1766188649976}, {"id": "1014732882", "price": 126.23, "amount": 305.23, "side": "buy", "timestamp": 1766188650001}, {"id": "1014732883", "price": 126.22, "amount": 12.32, "side": "sell", "timestamp": 1766188650181}, {"id": "1014732884", "price": 126.22, "amount": 2.8, "side": "sell", "timestamp": 1766188650812}, {"id": "1014732885", "price": 126.23, "amount": 2.1, "side": "buy", "timestamp": 1766188651482}, {"id": "1014732886", "price": 126.22, "amount": 0.16, "side": "sell", "timestamp": 1766188651692}, {"id": "1014732887", "price": 126.23, "amount": 0.05, "side": "buy", "timestamp": 1766188652062}, {"id": "1014732888", "price": 126.22, "amount": 0.06, "side": "sell", "timestamp": 1766188652160}, {"id": "1014732889", "price": 126.23, "amount": 0.17, "side": "buy", "timestamp": 1766188652231}, {"id": "1014732890", "price": 126.22, "amount": 0.06, "side": "sell", "timestamp": 1766188652263}, {"id": "1014732891", "price": 126.23, "amount": 0.01, "side": "buy", "timestamp": 1766188652274}, {"id": "1014732892", "price": 126.22, "amount": 0.16, "side": "sell", "timestamp": 1766188653111}, {"id": "1014733017", "price": 126.22, "amount": 0.52, "side": "buy", "timestamp": 1766188685178}, {"id": "1014733018", "price": 126.22, "amount": 0.17, "side": "buy", "timestamp": 1766188685341}, {"id": "1014733019", "price": 126.22, "amount": 0.07, "side": "buy", "timestamp": 1766188685479}, {"id": "1014733020", "price": 126.21, "amount": 7.92, "side": "sell", "timestamp": 1766188685830}, {"id": "1014733021", "price": 126.22, "amount": 0.47, "side": "buy", "timestamp": 1766188686007}, {"id": "1014733022", "price": 126.22, "amount": 1.48, "side": "buy", "timestamp": 1766188686811}, {"id": "1014733023", "price": 126.21, "amount": 0.71, "side": "sell", "timestamp": 1766188686882}, {"id": "1014733024", "price": 126.21, "amount": 3.75, "side": "sell", "timestamp": 1766188687163}, {"id": "1014733025", "price": 126.22, "amount": 0.07, "side": "buy", "timestamp": 1766188687895}, {"id": "1014733026", "price": 126.21, "amount": 0.07, "side": "sell", "timestamp": 1766188688122}, {"id": "1014733027", "price": 126.21, "amount": 1.17, "side": "sell", "timestamp": 1766188689080}, {"id": "1014733028", "price": 126.21, "amount": 0.25, "side": "sell", "timestamp": 1766188689236}, {"id": "1014733029", "price": 126.22, "amount": 0.09, "side": "buy", "timestamp": 1766188689396}, {"id": "1014733030", "price": 126.22, "amount": 0.22, "side": "buy", "timestamp": 1766188689743}, {"id": "1014733031", "price": 126.22, "amount": 0.46, "side": "buy", "timestamp": 1766188690006}, {"id": "1014733032", "price": 126.21, "amount": 2.76, "side": "sell", "timestamp": 1766188691390}, {"id": "1014733033", "price": 126.21, "amount": 0.09, "side": "sell", "timestamp": 1766188691668}, {"id": "1014733034", "price": 126.22, "amount": 1.03, "side": "buy", "timestamp": 1766188692219}, {"id": "1014733035", "price": 126.22, "amount": 0.02, "side": "buy", "timestamp": 1766188692643}, {"id": "1014733036", "price": 126.21, "amount": 1.65, "side": "sell", "timestamp": 1766188692670}, {"id": "1014733037", "price": 126.22, "amount": 0.23, "side": "buy", "timestamp": 1766188692851}, {"id": "1014733038", "price": 126.21, "amount": 0.07, "side": "sell", "timestamp": 1766188693113}, {"id": "1014733039", "price": 126.22, "amount": 0.15, "side": "buy", "timestamp": 1766188693529}, {"id": "1014733040", "price": 126.22, "amount": 0.45, "side": "buy", "timestamp": 1766188693898}, {"id": "1014733041", "price": 126.21, "amount": 0.29, "side": "sell", "timestamp": 1766188694089}, {"id": "1014733042", "price": 126.21, "amount": 0.25, "side": "sell", "timestamp": 1766188694244}, {"id": "1014733043", "price": 126.22, "amount": 0.17, "side": "buy", "timestamp": 1766188694672}, {"id": "1014733044", "price": 126.22, "amount": 0.14, "side": "buy", "timestamp": 1766188694871}, {"id": "1014733045", "price": 126.21, "amount": 59.48, "side": "sell", "timestamp": 1766188695128}, {"id": "1014733046", "price": 126.21, "amount": 0.01, "side": "sell", "timestamp": 1766188695916}, {"id": "1014733047", "price": 126.22, "amount": 0.01, "side": "buy", "timestamp": 1766188696772}, {"id": "1014733048", "price": 126.21, "amount": 9.71, "side": "sell", "timestamp": 1766188696825}, {"id": "1014733049", "price": 126.22, "amount": 305.22, "side": "buy", "timestamp": 1766188697289}, {"id": "1014733050", "price": 126.22, "amount": 0.08, "side": "sell", "timestamp": 1766188697337}, {"id": "1014733051", "price": 126.23, "amount": 0.08, "side": "buy", "timestamp": 1766188697345}, {"id": "1014733052", "price": 126.23, "amount": 6.33, "side": "buy", "timestamp": 1766188697602}, {"id": "1014733053", "price": 126.22, "amount": 0.07, "side": "sell", "timestamp": 1766188698111}, {"id": "1014733054", "price": 126.22, "amount": 0.29, "side": "sell", "timestamp": 1766188699084}, {"id": "1014733055", "price": 126.22, "amount": 0.28, "side": "sell", "timestamp": 1766188699239}, {"id": "1014733056", "price": 126.23, "amount": 0.14, "side": "buy", "timestamp": 1766188699880}, {"id": "1014733057", "price": 126.22, "amount": 42.25, "side": "sell", "timestamp": 1766188700040}, {"id": "1014733058", "price": 126.23, "amount": 0.01, "side": "buy", "timestamp": 1766188700987}, {"id": "1014733059", "price": 126.23, "amount": 1.0, "side": "buy", "timestamp": 1766188701299}, {"id": "1014733060", "price": 126.22, "amount": 0.04, "side": "sell", "timestamp": 1766188703121}, {"id": "1014733061", "price": 126.22, "amount": 0.26, "side": "sell", "timestamp": 1766188704087}, {"id": "1014733062", "price": 126.22, "amount": 0.17, "side": "sell", "timestamp": 1766188704291}, {"id": "1014733063", "price": 126.23, "amount": 0.14, "side": "buy", "timestamp": 1766188704842}, {"id": "1014733064", "price": 126.23, "amount": 1.22, "side": "buy", "timestamp": 1766188705901}, {"id": "1014733065", "price": 126.22, "amount": 0.51, "side": "sell", "timestamp": 1766188705943}, {"id": "1014733066", "price": 126.22, "amount": 0.26, "side": "sell", "timestamp": 1766188706581}, {"id": "1014733121", "price": 126.2, "amount": 6.92, "side": "buy", "timestamp": 1766188732811}, {"id": "1014733122", "price": 126.2, "amount": 0.01, "side": "buy", "timestamp": 1766188734566}, {"id": "1014733123", "price": 126.2, "amount": 15.81, "side": "buy", "timestamp": 1766188734944}, {"id": "1014733124", "price": 126.19, "amount": 0.23, "side": "sell", "timestamp": 1766188737011}, {"id": "1014733125", "price": 126.2, "amount": 0.9, "side": "buy", "timestamp": 1766188737267}, {"id": "1014733126", "price": 126.2, "amount": 5.62, "side": "buy", "timestamp": 1766188737897}, {"id": "1014733127", "price": 126.19, "amount": 34.65, "side": "sell", "timestamp": 1766188738893}, {"id": "1014733128", "price": 126.19, "amount": 0.8, "side": "sell", "timestamp": 1766188739014}, {"id": "1014733129", "price": 126.2, "amount": 26.17, "side": "buy", "timestamp": 1766188740605}, {"id": "1014733130", "price": 126.2, "amount": 0.11, "side": "buy", "timestamp": 1766188741127}, {"id": "1014733131", "price": 126.2, "amount": 3.11, "side": "buy", "timestamp": 1766188743496}, {"id": "1014733132", "price": 126.19, "amount": 0.04, "side": "sell", "timestamp": 1766188744603}, {"id": "1014733133", "price": 126.2, "amount": 0.01, "side": "buy", "timestamp": 1766188744887}, {"id": "1014733134", "price": 126.19, "amount": 40.0, "side": "sell", "timestamp": 1766188745214}, {"id": "1014733135", "price": 126.19, "amount": 6.52, "side": "sell", "timestamp": 1766188745924}, {"id": "1014733136", "price": 126.19, "amount": 15.85, "side": "sell", "timestamp": 1766188746695}, {"id": "1014733137", "price": 126.19, "amount": 2.52, "side": "sell", "timestamp": 1766188747201}, {"id": "1014733138", "price": 126.2, "amount": 11.71, "side": "buy", "timestamp": 1766188747548}, {"id": "1014733139", "price": 126.2, "amount": 0.01, "side": "buy", "timestamp": 1766188747826}, {"id": "1014733140", "price": 126.2, "amount": 773.64, "side": "buy", "timestamp": 1766188748061}, {"id": "1014733141", "price": 126.21, "amount": 0.39, "side": "buy", "timestamp": 1766188749167}, {"id": "1014733142", "price": 126.2, "amount": 1.67, "side": "sell", "timestamp": 1766188749636}, {"id": "1014733143", "price": 126.21, "amount": 0.11, "side": "buy", "timestamp": 1766188749756}, {"id": "1014733144", "price": 126.21, "amount": 0.61, "side": "buy", "timestamp": 1766188750004}, {"id": "1014733145", "price": 126.2, "amount": 2.37, "side": "sell", "timestamp": 1766188750361}, {"id": "1014733146", "price": 126.2, "amount": 3.95, "side": "sell", "timestamp": 1766188750559}, {"id": "1014733147", "price": 126.21, "amount": 0.56, "side": "buy", "timestamp": 1766188751529}, {"id": "1014733148", "price": 126.2, "amount": 0.32, "side": "sell", "timestamp": 1766188751655}, {"id": "1014733149", "price": 126.21, "amount": 537.33, "side": "buy", "timestamp": 1766188752725}, {"id": "1014733150", "price": 126.22, "amount": 100.23, "side": "buy", "timestamp": 1766188752737}, {"id": "1014733151", "price": 126.22, "amount": 1.13, "side": "sell", "timestamp": 1766188752859}, {"id": "1014733152", "price": 126.23, "amount": 0.83, "side": "buy", "timestamp": 1766188753000}, {"id": "1014733153", "price": 126.23, "amount": 80.0, "side": "buy", "timestamp": 1766188753140}, {"id": "1014733154", "price": 126.23, "amount": 1.44, "side": "buy", "timestamp": 1766188753285}, {"id": "1014733155", "price": 126.22, "amount": 6.33, "side": "sell", "timestamp": 1766188753640}, {"id": "1014733156", "price": 126.23, "amount": 0.01, "side": "buy", "timestamp": 1766188753686}, {"id": "1014733157", "price": 126.23, "amount": 3.98, "side": "buy", "timestamp": 1766188753808}, {"id": "1014733158", "price": 126.22, "amount": 2.0, "side": "sell", "timestamp": 1766188754178}, {"id": "1014733159", "price": 126.23, "amount": 0.01, "side": "buy", "timestamp": 1766188754647}, {"id": "1014733160", "price": 126.22, "amount": 4.0, "side": "sell", "timestamp": 1766188754978}, {"id": "1014733161", "price": 126.23, "amount": 0.02, "side": "buy", "timestamp": 1766188755147}, {"id": "1014733162", "price": 126.23, "amount": 106.57, "side": "buy", "timestamp": 1766188755452}, {"id": "1014733163", "price": 126.22, "amount": 0.14, "side": "sell", "timestamp": 1766188755945}, {"id": "1014733164", "price": 126.23, "amount": 69.91, "side": "buy", "timestamp": 1766188756749}, {"id": "1014733165", "price": 126.23, "amount": 0.12, "side": "buy", "timestamp": 1766188758009}, {"id": "1014733166", "price": 126.23, "amount": 3.33, "side": "buy", "timestamp": 1766188758714}, {"id": "1014733167", "price": 126.23, "amount": 0.4, "side": "buy", "timestamp": 1766188759385}, {"id": "1014733168", "price": 126.23, "amount": 6.12, "side": "buy", "timestamp": 1766188760416}, {"id": "1014733169", "price": 126.23, "amount": 0.74, "side": "buy", "timestamp": 1766188760658}, {"id": "1014733170", "price": 126.23, "amount": 0.04, "side": "buy", "timestamp": 1766188761625}]