[{"symbol": "ADAUSDT", "bids": [[0.4235, 6668.0], [0.4234, 177469.0], [0.4233, 224202.0], [0.4232, 175133.0], [0.4231, 201241.0], [0.423, 172138.0], [0.4229, 391225.0], [0.4228, 206664.0], [0.4227, 129650.0], [0.4226, 121124.0], [0.4225, 137067.0], [0.4224, 109443.0], [0.4223, 246260.0], [0.4222, 296864.0], [0.4221, 112279.0], [0.422, 247274.0], [0.4219, 174856.0], [0.4218, 98175.0], [0.4217, 113019.0], [0.4216, 66196.0]], "asks": [[0.4236, 90058.0], [0.4237, 165342.0], [0.4238, 189258.0], [0.4239, 227170.0], [0.424, 139791.0], [0.4241, 194773.0], [0.4242, 168252.0], [0.4243, 171609.0], [0.4244, 261293.0], [0.4245, 216599.0], [0.4246, 125657.0], [0.4247, 133283.0], [0.4248, 136425.0], [0.4249, 120711.0], [0.425, 118594.0], [0.4251, 250034.0], [0.4252, 161720.0], [0.4253, 168211.0], [0.4254, 128982.0], [0.4255, 52872.0]], "timestamp": "2025-12-12T08:49:31.829972+00:00"}, {"symbol": "ADAUSDT", "bids": [[0.4239, 25486.0], [0.4238, 113759.0], [0.4237, 208887.0], [0.4236, 183297.0], [0.4235, 146827.0], [0.4234, 146874.0], [0.4233, 309870.0], [0.4232, 319941.0], [0.4231, 194269.0], [0.423, 148255.0], [0.4229, 205541.0], [0.4228, 124736.0], [0.4227, 117407.0], [0.4226, 96052.0], [0.4225, 215453.0], [0.4224, 122721.0], [0.4223, 240858.0], [0.4222, 118252.0], [0.4221, 107574.0], [0.422, 266388.0]], "asks": [[0.424, 78838.0], [0.4241, 142412.0], [0.4242, 223589.0], [0.4243, 150399.0], [0.4244, 159909.0], [0.4245, 189193.0], [0.4246, 175041.0], [0.4247, 227972.0], [0.4248, 177962.0], [0.4249, 207704.0], [0.425, 170955.0], [0.4251, 161996.0], [0.4252, 100646.0], [0.4253, 85870.0], [0.4254, 127709.0], [0.4255, 159053.0], [0.4256, 71401.0], [0.4257, 121633.0], [0.4258, 226946.0], [0.4259, 142926.0]], "timestamp": "2025-12-12T08:50:25.231719+00:00"}, {"symbol": "ADAUSDT", "bids": [[0.4236, 35911.0], [0.4235, 77454.0], [0.4234, 223215.0], [0.4233, 197632.0], [0.4232, 197613.0], [0.4231, 250075.0], [0.423, 167358.0], [0.4229, 262538.0], [0.4228, 139567.0], [0.4227, 169420.0], [0.4226, 156782.0], [0.4225, 161548.0], [0.4224, 148352.0], [0.4223, 370121.0], [0.4222, 106213.0], [0.4221, 128797.0], [0.422, 288128.0], [0.4219, 134196.0], [0.4218, 154255.0], [0.4217, 150100.0]], "asks": [[0.4237, 42683.0], [0.4238, 173088.0], [0.4239, 208261.0], [0.424, 254096.0], [0.4241, 190301.0], [0.4242, 233602.0], [0.4243, 360335.0], [0.4244, 178926.0], [0.4245, 187099.0], [0.4246, 186029.0], [0.4247, 121533.0], [0.4248, 131627.0], [0.4249, 254513.0], [0.425, 98302.0], [0.4251, 112307.0], [0.4252, 127661.0], [0.4253, 80605.0], [0.4254, 119150.0], [0.4255, 47668.0], [0.4256, 58452.0]], "timestamp": "2025-12-12T08:51:18.251489+00:00"}, {"symbol": "ADAUSDT", "bids": [[0.4236, 23132.0], [0.4235, 123158.0], [0.4234, 214563.0], [0.4233, 153616.0], [0.4232, 188467.0], [0.4231, 224033.0], [0.423, 256946.0], [0.4229, 296904.0], [0.4228, 148034.0], [0.4227, 217129.0], [0.4226, 169132.0], [0.4225, 252986.0], [0.4224, 235664.0], [0.4223, 214191.0], [0.4222, 129854.0], [0.4221, 95076.0], [0.422, 171063.0], [0.4219, 195047.0], [0.4218, 161361.0], [0.4217, 150100.0]], "asks": [[0.4237, 78193.0], [0.4238, 144134.0], [0.4239, 211342.0], [0.424, 174793.0], [0.4241, 171764.0], [0.4242, 342649.0], [0.4243, 179237.0], [0.4244, 167000.0], [0.4245, 125400.0], [0.4246, 294049.0], [0.4247, 184050.0], [0.4248, 138632.0], [0.4249, 147304.0], [0.425, 200316.0], [0.4251, 85896.0], [0.4252, 104651.0], [0.4253, 85575.0], [0.4254, 90918.0], [0.4255, 35960.0], [0.4256, 58466.0]], "timestamp": "2025-12-12T08:52:11.397667+00:00"}, {"symbol": "ADAUSDT", "bids": [[0.4238, 32571.0], [0.4237, 177273.0], [0.4236, 218690.0], [0.4235, 195179.0], [0.4234, 178994.0], [0.4233, 209396.0], [0.4232, 198658.0], [0.4231, 184698.0], [0.423, 323671.0], [0.4229, 230374.0], [0.4228, 248716.0], [0.4227, 160403.0], [0.4226, 137260.0], [0.4225, 215923.0], [0.4224, 91317.0], [0.4223, 290669.0], [0.4222, 100290.0], [0.4221, 116138.0], [0.422, 134810.0], [0.4219, 104784.0]], "asks": [[0.4239, 61241.0], [0.424, 139800.0], [0.4241, 199589.0], [0.4242, 199202.0], [0.4243, 155498.0], [0.4244, 271403.0], [0.4245, 150887.0], [0.4246, 303642.0], [0.4247, 165017.0], [0.4248, 167265.0], [0.4249, 139447.0], [0.425, 112539.0], [0.4251, 129797.0], [0.4252, 119349.0], [0.4253, 198876.0], [0.4254, 92677.0], [0.4255, 47683.0], [0.4256, 58466.0], [0.4257, 145209.0], [0.4258, 197785.0]], "timestamp": "2025-12-12T08:53:04.448024+00:00"}, {"symbol": "ADAUSDT", "bids": [[0.4238, 54220.0], [0.4237, 99268.0], [0.4236, 212271.0], [0.4235, 195033.0], [0.4234, 182861.0], [0.4233, 279043.0], [0.4232, 175885.0], [0.4231, 217762.0], [0.423, 240799.0], [0.4229, 242537.0], [0.4228, 127005.0], [0.4227, 237634.0], [0.4226, 285143.0], [0.4225, 213800.0], [0.4224, 91317.0], [0.4223, 197932.0], [0.4222, 106145.0], [0.4221, 112760.0], [0.422, 203548.0], [0.4219, 104784.0]], "asks": [[0.4239, 68544.0], [0.424, 120743.0], [0.4241, 216393.0], [0.4242, 190318.0], [0.4243, 145265.0], [0.4244, 252343.0], [0.4245, 142523.0], [0.4246, 270024.0], [0.4247, 107013.0], [0.4248, 213393.0], [0.4249, 172495.0], [0.425, 153971.0], [0.4251, 266499.0], [0.4252, 113252.0], [0.4253, 85478.0], [0.4254, 92691.0], [0.4255, 35946.0], [0.4256, 58466.0], [0.4257, 121719.0], [0.4258, 189910.0]], "timestamp": "2025-12-12T08:53:57.484830+00:00"}, {"symbol": "ADAUSDT", "bids": [[0.4238, 54948.0], [0.4237, 164672.0], [0.4236, 242857.0], [0.4235, 165333.0], [0.4234, 224689.0], [0.4233, 350140.0], [0.4232, 266049.0], [0.4231, 171012.0], [0.423, 175466.0], [0.4229, 379987.0], [0.4228, 193121.0], [0.4227, 107327.0], [0.4226, 79727.0], [0.4225, 220920.0], [0.4224, 126654.0], [0.4223, 212249.0], [0.4222, 168810.0], [0.4221, 187137.0], [0.422, 203506.0], [0.4219, 108740.0]], "asks": [[0.4239, 36891.0], [0.424, 137051.0], [0.4241, 183532.0], [0.4242, 197646.0], [0.4243, 174443.0], [0.4244, 293837.0], [0.4245, 234643.0], [0.4246, 203475.0], [0.4247, 154133.0], [0.4248, 180095.0], [0.4249, 205824.0], [0.425, 143923.0], [0.4251, 126136.0], [0.4252, 105942.0], [0.4253, 93929.0], [0.4254, 205875.0], [0.4255, 46940.0], [0.4256, 107634.0], [0.4257, 114961.0], [0.4258, 189940.0]], "timestamp": "2025-12-12T08:54:51.040673+00:00"}, {"symbol": "ADAUSDT", "bids": [[0.4235, 39811.0], [0.4234, 122789.0], [0.4233, 252555.0], [0.4232, 146416.0], [0.4231, 192119.0], [0.423, 225109.0], [0.4229, 165461.0], [0.4228, 233454.0], [0.4227, 216472.0], [0.4226, 321298.0], [0.4225, 180983.0], [0.4224, 295652.0], [0.4223, 236938.0], [0.4222, 145074.0], [0.4221, 124330.0], [0.422, 291054.0], [0.4219, 103994.0], [0.4218, 159059.0], [0.4217, 136255.0], [0.4216, 85363.0]], "asks": [[0.4236, 39434.0], [0.4237, 147182.0], [0.4238, 228682.0], [0.4239, 176853.0], [0.424, 185529.0], [0.4241, 321797.0], [0.4242, 173203.0], [0.4243, 153018.0], [0.4244, 244863.0], [0.4245, 215454.0], [0.4246, 174660.0], [0.4247, 170987.0], [0.4248, 115863.0], [0.4249, 103641.0], [0.425, 118802.0], [0.4251, 199193.0], [0.4252, 109899.0], [0.4253, 98303.0], [0.4254, 87780.0], [0.4255, 64005.0]], "timestamp": "2025-12-12T08:55:44.836306+00:00"}, {"symbol": "ADAUSDT", "bids": [[0.4234, 51995.0], [0.4233, 143125.0], [0.4232, 194530.0], [0.4231, 219138.0], [0.423, 197764.0], [0.4229, 156595.0], [0.4228, 214828.0], [0.4227, 207315.0], [0.4226, 238928.0], [0.4225, 203887.0], [0.4224, 216647.0], [0.4223, 134654.0], [0.4222, 120127.0], [0.4221, 257465.0], [0.422, 322505.0], [0.4219, 268493.0], [0.4218, 161696.0], [0.4217, 123009.0], [0.4216, 94996.0], [0.4215, 266080.0]], "asks": [[0.4235, 20456.0], [0.4236, 135860.0], [0.4237, 160100.0], [0.4238, 157562.0], [0.4239, 235841.0], [0.424, 206581.0], [0.4241, 284280.0], [0.4242, 266087.0], [0.4243, 173876.0], [0.4244, 142912.0], [0.4245, 211924.0], [0.4246, 206086.0], [0.4247, 137735.0], [0.4248, 129927.0], [0.4249, 104325.0], [0.425, 94792.0], [0.4251, 106189.0], [0.4252, 154458.0], [0.4253, 133686.0], [0.4254, 160104.0]], "timestamp": "2025-12-12T08:56:38.254993+00:00"}, {"symbol": "ADAUSDT", "bids": [[0.4233, 15344.0], [0.4232, 73453.0], [0.4231, 254144.0], [0.423, 183331.0], [0.4229, 208367.0], [0.4228, 171172.0], [0.4227, 269392.0], [0.4226, 147754.0], [0.4225, 265483.0], [0.4224, 256991.0], [0.4223, 181794.0], [0.4222, 237176.0], [0.4221, 153691.0], [0.422, 281257.0], [0.4219, 210985.0], [0.4218, 166741.0], [0.4217, 147407.0], [0.4216, 71282.0], [0.4215, 266323.0], [0.4214, 149892.0]], "asks": [[0.4234, 62606.0], [0.4235, 140344.0], [0.4236, 231663.0], [0.4237, 207664.0], [0.4238, 168131.0], [0.4239, 243821.0], [0.424, 254334.0], [0.4241, 269536.0], [0.4242, 182122.0], [0.4243, 210408.0], [0.4244, 125099.0], [0.4245, 202215.0], [0.4246, 199840.0], [0.4247, 132544.0], [0.4248, 118877.0], [0.4249, 125358.0], [0.425, 85081.0], [0.4251, 79081.0], [0.4252, 119913.0], [0.4253, 94071.0]], "timestamp": "2025-12-12T08:57:31.401344+00:00"}, {"symbol": "ADAUSDT", "bids": [[0.4233, 81167.0], [0.4232, 99652.0], [0.4231, 255475.0], [0.423, 227806.0], [0.4229, 196446.0], [0.4228, 219967.0], [0.4227, 273190.0], [0.4226, 205372.0], [0.4225, 193511.0], [0.4224, 245924.0], [0.4223, 181795.0], [0.4222, 225447.0], [0.4221, 149460.0], [0.422, 280517.0], [0.4219, 210985.0], [0.4218, 166741.0], [0.4217, 147407.0], [0.4216, 71266.0], [0.4215, 264419.0], [0.4214, 150135.0]], "asks": [[0.4234, 43197.0], [0.4235, 110509.0], [0.4236, 218212.0], [0.4237, 216338.0], [0.4238, 156964.0], [0.4239, 155619.0], [0.424, 332565.0], [0.4241, 270480.0], [0.4242, 199275.0], [0.4243, 221119.0], [0.4244, 116271.0], [0.4245, 203247.0], [0.4246, 205612.0], [0.4247, 132709.0], [0.4248, 118877.0], [0.4249, 121923.0], [0.425, 110968.0], [0.4251, 79338.0], [0.4252, 120165.0], [0.4253, 94275.0]], "timestamp": "2025-12-12T08:58:24.649377+00:00"}, {"symbol": "ADAUSDT", "bids": [[0.4233, 95820.0], [0.4232, 131791.0], [0.4231, 411631.0], [0.423, 167170.0], [0.4229, 161777.0], [0.4228, 167872.0], [0.4227, 256222.0], [0.4226, 273514.0], [0.4225, 283957.0], [0.4224, 244583.0], [0.4223, 164871.0], [0.4222, 243274.0], [0.4221, 160048.0], [0.422, 263169.0], [0.4219, 211189.0], [0.4218, 166741.0], [0.4217, 144301.0], [0.4216, 73895.0], [0.4215, 272833.0], [0.4214, 146361.0]], "asks": [[0.4234, 72878.0], [0.4235, 128917.0], [0.4236, 203741.0], [0.4237, 191898.0], [0.4238, 188907.0], [0.4239, 184299.0], [0.424, 346217.0], [0.4241, 196876.0], [0.4242, 186349.0], [0.4243, 196441.0], [0.4244, 162724.0], [0.4245, 211002.0], [0.4246, 120995.0], [0.4247, 252548.0], [0.4248, 118982.0], [0.4249, 121923.0], [0.425, 77412.0], [0.4251, 91948.0], [0.4252, 184239.0], [0.4253, 94071.0]], "timestamp": "2025-12-12T08:59:17.694716+00:00"}, {"symbol": "ADAUSDT", "bids": [[0.4236, 80726.0], [0.4235, 112133.0], [0.4234, 193596.0], [0.4233, 198448.0], [0.4232, 203170.0], [0.4231, 235220.0], [0.423, 148436.0], [0.4229, 153547.0], [0.4228, 246772.0], [0.4227, 156945.0], [0.4226, 177743.0], [0.4225, 250067.0], [0.4224, 58916.0], [0.4223, 112947.0], [0.4222, 52408.0], [0.4221, 144700.0], [0.422, 87645.0], [0.4219, 99555.0], [0.4218, 338720.0], [0.4217, 133008.0]], "asks": [[0.4237, 30849.0], [0.4238, 108256.0], [0.4239, 133758.0], [0.424, 163621.0], [0.4241, 148592.0], [0.4242, 210714.0], [0.4243, 215432.0], [0.4244, 121923.0], [0.4245, 212557.0], [0.4246, 124168.0], [0.4247, 251095.0], [0.4248, 123328.0], [0.4249, 88115.0], [0.425, 80492.0], [0.4251, 118935.0], [0.4252, 183975.0], [0.4253, 106647.0], [0.4254, 171945.0], [0.4255, 83954.0], [0.4256, 48242.0]], "timestamp": "2025-12-12T09:00:10.450398+00:00"}, {"symbol": "ADAUSDT", "bids": [[0.4235, 32699.0], [0.4234, 118672.0], [0.4233, 206551.0], [0.4232, 181945.0], [0.4231, 210275.0], [0.423, 317478.0], [0.4229, 264642.0], [0.4228, 269449.0], [0.4227, 215168.0], [0.4226, 178467.0], [0.4225, 306398.0], [0.4224, 113430.0], [0.4223, 195502.0], [0.4222, 82153.0], [0.4221, 144630.0], [0.422, 112233.0], [0.4219, 117635.0], [0.4218, 233052.0], [0.4217, 149606.0], [0.4216, 77625.0]], "asks": [[0.4236, 72199.0], [0.4237, 168702.0], [0.4238, 211855.0], [0.4239, 179661.0], [0.424, 216339.0], [0.4241, 258478.0], [0.4242, 298324.0], [0.4243, 256231.0], [0.4244, 159696.0], [0.4245, 201098.0], [0.4246, 157419.0], [0.4247, 159416.0], [0.4248, 152868.0], [0.4249, 229412.0], [0.425, 122536.0], [0.4251, 116855.0], [0.4252, 195437.0], [0.4253, 118275.0], [0.4254, 97854.0], [0.4255, 91452.0]], "timestamp": "2025-12-12T09:01:03.888444+00:00"}, {"symbol": "ADAUSDT", "bids": [[0.4235, 35437.0], [0.4234, 123871.0], [0.4233, 204964.0], [0.4232, 229002.0], [0.4231, 205036.0], [0.423, 274911.0], [0.4229, 200603.0], [0.4228, 337602.0], [0.4227, 183642.0], [0.4226, 195572.0], [0.4225, 325832.0], [0.4224, 84532.0], [0.4223, 112499.0], [0.4222, 104769.0], [0.4221, 256428.0], [0.422, 106914.0], [0.4219, 126150.0], [0.4218, 233038.0], [0.4217, 155135.0], [0.4216, 64507.0]], "asks": [[0.4236, 49248.0], [0.4237, 120746.0], [0.4238, 203669.0], [0.4239, 174690.0], [0.424, 219497.0], [0.4241, 263898.0], [0.4242, 383505.0], [0.4243, 193633.0], [0.4244, 203868.0], [0.4245, 179528.0], [0.4246, 133423.0], [0.4247, 148715.0], [0.4248, 148770.0], [0.4249, 229019.0], [0.425, 91912.0], [0.4251, 106783.0], [0.4252, 166491.0], [0.4253, 148613.0], [0.4254, 98382.0], [0.4255, 101569.0]], "timestamp": "2025-12-12T09:01:57.132210+00:00"}, {"symbol": "ADAUSDT", "bids": [[0.4237, 81382.0], [0.4236, 161839.0], [0.4235, 231195.0], [0.4234, 170972.0], [0.4233, 188447.0], [0.4232, 186282.0], [0.4231, 260432.0], [0.423, 330854.0], [0.4229, 277689.0], [0.4228, 143120.0], [0.4227, 155048.0], [0.4226, 148055.0], [0.4225, 277311.0], [0.4224, 152491.0], [0.4223, 191009.0], [0.4222, 83193.0], [0.4221, 137744.0], [0.422, 101558.0], [0.4219, 111373.0], [0.4218, 269927.0]], "asks": [[0.4238, 37801.0], [0.4239, 94082.0], [0.424, 215284.0], [0.4241, 236404.0], [0.4242, 172649.0], [0.4243, 178856.0], [0.4244, 277801.0], [0.4245, 301367.0], [0.4246, 122284.0], [0.4247, 221237.0], [0.4248, 159239.0], [0.4249, 164808.0], [0.425, 148352.0], [0.4251, 240326.0], [0.4252, 178413.0], [0.4253, 147186.0], [0.4254, 103322.0], [0.4255, 116300.0], [0.4256, 51477.0], [0.4257, 90094.0]], "timestamp": "2025-12-12T09:02:50.707701+00:00"}, {"symbol": "ADAUSDT", "bids": [[0.4233, 41637.0], [0.4232, 94144.0], [0.4231, 152771.0], [0.423, 199905.0], [0.4229, 140059.0], [0.4228, 215652.0], [0.4227, 169183.0], [0.4226, 269622.0], [0.4225, 234857.0], [0.4224, 277288.0], [0.4223, 226372.0], [0.4222, 132221.0], [0.4221, 245531.0], [0.422, 115787.0], [0.4219, 157906.0], [0.4218, 372247.0], [0.4217, 169852.0], [0.4216, 74397.0], [0.4215, 244340.0], [0.4214, 125853.0]], "asks": [[0.4234, 69502.0], [0.4235, 160978.0], [0.4236, 177060.0], [0.4237, 134762.0], [0.4238, 139829.0], [0.4239, 225162.0], [0.424, 337288.0], [0.4241, 267360.0], [0.4242, 185169.0], [0.4243, 217998.0], [0.4244, 131260.0], [0.4245, 114670.0], [0.4246, 128692.0], [0.4247, 219114.0], [0.4248, 123143.0], [0.4249, 120276.0], [0.425, 81920.0], [0.4251, 131117.0], [0.4252, 179197.0], [0.4253, 75946.0]], "timestamp": "2025-12-12T09:03:44.043585+00:00"}, {"symbol": "ADAUSDT", "bids": [[0.4232, 36295.0], [0.4231, 109458.0], [0.423, 247736.0], [0.4229, 143312.0], [0.4228, 226237.0], [0.4227, 174739.0], [0.4226, 172375.0], [0.4225, 326288.0], [0.4224, 268986.0], [0.4223, 212653.0], [0.4222, 129092.0], [0.4221, 250935.0], [0.422, 133932.0], [0.4219, 253273.0], [0.4218, 248421.0], [0.4217, 163308.0], [0.4216, 64298.0], [0.4215, 183124.0], [0.4214, 128875.0], [0.4213, 221585.0]], "asks": [[0.4233, 17383.0], [0.4234, 76319.0], [0.4235, 199178.0], [0.4236, 149477.0], [0.4237, 134442.0], [0.4238, 204755.0], [0.4239, 299121.0], [0.424, 232686.0], [0.4241, 208730.0], [0.4242, 168666.0], [0.4243, 218279.0], [0.4244, 131321.0], [0.4245, 127460.0], [0.4246, 221420.0], [0.4247, 105706.0], [0.4248, 121781.0], [0.4249, 120262.0], [0.425, 106047.0], [0.4251, 130885.0], [0.4252, 179211.0]], "timestamp": "2025-12-12T09:04:37.698475+00:00"}, {"symbol": "ADAUSDT", "bids": [[0.4232, 44632.0], [0.4231, 97821.0], [0.423, 228762.0], [0.4229, 156228.0], [0.4228, 233707.0], [0.4227, 203217.0], [0.4226, 337007.0], [0.4225, 160170.0], [0.4224, 270934.0], [0.4223, 210503.0], [0.4222, 105389.0], [0.4221, 100483.0], [0.422, 129906.0], [0.4219, 233813.0], [0.4218, 224364.0], [0.4217, 145839.0], [0.4216, 185033.0], [0.4215, 202211.0], [0.4214, 132420.0], [0.4213, 221585.0]], "asks": [[0.4233, 52098.0], [0.4234, 132899.0], [0.4235, 253456.0], [0.4236, 172185.0], [0.4237, 137803.0], [0.4238, 166470.0], [0.4239, 344689.0], [0.424, 326446.0], [0.4241, 205804.0], [0.4242, 185542.0], [0.4243, 232123.0], [0.4244, 110243.0], [0.4245, 103879.0], [0.4246, 216015.0], [0.4247, 99482.0], [0.4248, 150677.0], [0.4249, 113787.0], [0.425, 66438.0], [0.4251, 113849.0], [0.4252, 135234.0]], "timestamp": "2025-12-12T09:05:30.847526+00:00"}, {"symbol": "ADAUSDT", "bids": [[0.4233, 71429.0], [0.4232, 116938.0], [0.4231, 190237.0], [0.423, 188219.0], [0.4229, 192238.0], [0.4228, 192132.0], [0.4227, 250827.0], [0.4226, 213774.0], [0.4225, 322450.0], [0.4224, 314539.0], [0.4223, 225538.0], [0.4222, 114000.0], [0.4221, 118463.0], [0.422, 185131.0], [0.4219, 225439.0], [0.4218, 198483.0], [0.4217, 112369.0], [0.4216, 116948.0], [0.4215, 262391.0], [0.4214, 151119.0]], "asks": [[0.4234, 51901.0], [0.4235, 180909.0], [0.4236, 155551.0], [0.4237, 120198.0], [0.4238, 165428.0], [0.4239, 372932.0], [0.424, 236377.0], [0.4241, 211888.0], [0.4242, 150528.0], [0.4243, 182769.0], [0.4244, 149108.0], [0.4245, 119938.0], [0.4246, 209204.0], [0.4247, 85372.0], [0.4248, 150649.0], [0.4249, 121021.0], [0.425, 89957.0], [0.4251, 133635.0], [0.4252, 134572.0], [0.4253, 80395.0]], "timestamp": "2025-12-12T09:06:24.809076+00:00"}, {"symbol": "ADAUSDT", "bids": [[0.4238, 22410.0], [0.4237, 76774.0], [0.4236, 276802.0], [0.4235, 934368.0], [0.4234, 105200.0], [0.4233, 203402.0], [0.4232, 180356.0], [0.4231, 224409.0], [0.423, 351464.0], [0.4229, 174584.0], [0.4228, 157380.0], [0.4227, 321494.0], [0.4226, 82152.0], [0.4225, 142423.0], [0.4224, 457431.0], [0.4223, 77986.0], [0.4222, 59730.0], [0.4221, 108381.0], [0.422, 196125.0], [0.4219, 104097.0]], "asks": [[0.4239, 88047.0], [0.424, 181832.0], [0.4241, 195508.0], [0.4242, 164836.0], [0.4243, 301456.0], [0.4244, 249215.0], [0.4245, 202014.0], [0.4246, 208460.0], [0.4247, 249103.0], [0.4248, 134656.0], [0.4249, 141542.0], [0.425, 118557.0], [0.4251, 234272.0], [0.4252, 95422.0], [0.4253, 83149.0], [0.4254, 179585.0], [0.4255, 140932.0], [0.4256, 94438.0], [0.4257, 77637.0], [0.4258, 232931.0]], "timestamp": "2025-12-12T09:07:18.296796+00:00"}, {"symbol": "ADAUSDT", "bids": [[0.4237, 84278.0], [0.4236, 254851.0], [0.4235, 912585.0], [0.4234, 106085.0], [0.4233, 182976.0], [0.4232, 180552.0], [0.4231, 217076.0], [0.423, 354211.0], [0.4229, 247027.0], [0.4228, 174316.0], [0.4227, 348519.0], [0.4226, 70655.0], [0.4225, 141455.0], [0.4224, 363538.0], [0.4223, 191122.0], [0.4222, 58350.0], [0.4221, 123125.0], [0.422, 175843.0], [0.4219, 127794.0], [0.4218, 136507.0]], "asks": [[0.4238, 42827.0], [0.4239, 161689.0], [0.424, 183377.0], [0.4241, 199711.0], [0.4242, 158749.0], [0.4243, 302737.0], [0.4244, 230160.0], [0.4245, 178165.0], [0.4246, 211031.0], [0.4247, 188907.0], [0.4248, 123239.0], [0.4249, 127076.0], [0.425, 204131.0], [0.4251, 154778.0], [0.4252, 76887.0], [0.4253, 83149.0], [0.4254, 150536.0], [0.4255, 162706.0], [0.4256, 94438.0], [0.4257, 77637.0]], "timestamp": "2025-12-12T09:08:11.203930+00:00"}, {"symbol": "ADAUSDT", "bids": [[0.423, 42612.0], [0.4229, 183012.0], [0.4228, 128841.0], [0.4227, 129736.0], [0.4226, 166864.0], [0.4225, 215917.0], [0.4224, 238531.0], [0.4223, 229328.0], [0.4222, 184232.0], [0.4221, 212719.0], [0.422, 120018.0], [0.4219, 278152.0], [0.4218, 288966.0], [0.4217, 179864.0], [0.4216, 222329.0], [0.4215, 149084.0], [0.4214, 153810.0], [0.4213, 261060.0], [0.4212, 239825.0], [0.4211, 168911.0]], "asks": [[0.4231, 62083.0], [0.4232, 105397.0], [0.4233, 217253.0], [0.4234, 198393.0], [0.4235, 189522.0], [0.4236, 203910.0], [0.4237, 311061.0], [0.4238, 157841.0], [0.4239, 184333.0], [0.424, 167619.0], [0.4241, 297740.0], [0.4242, 140151.0], [0.4243, 139351.0], [0.4244, 231079.0], [0.4245, 91233.0], [0.4246, 89053.0], [0.4247, 108402.0], [0.4248, 119891.0], [0.4249, 115719.0], [0.425, 67547.0]], "timestamp": "2025-12-12T09:09:04.059913+00:00"}, {"symbol": "ADAUSDT", "bids": [[0.4227, 27117.0], [0.4226, 76525.0], [0.4225, 231392.0], [0.4224, 97595.0], [0.4223, 252005.0], [0.4222, 124805.0], [0.4221, 164789.0], [0.422, 262150.0], [0.4219, 206504.0], [0.4218, 167336.0], [0.4217, 227765.0], [0.4216, 173114.0], [0.4215, 392412.0], [0.4214, 120516.0], [0.4213, 138204.0], [0.4212, 261873.0], [0.4211, 105541.0], [0.421, 223981.0], [0.4209, 96342.0], [0.4208, 201763.0]], "asks": [[0.4228, 63838.0], [0.4229, 132507.0], [0.423, 219903.0], [0.4231, 204704.0], [0.4232, 139726.0], [0.4233, 239967.0], [0.4234, 222853.0], [0.4235, 337757.0], [0.4236, 216182.0], [0.4237, 215180.0], [0.4238, 91585.0], [0.4239, 96873.0], [0.424, 107444.0], [0.4241, 172209.0], [0.4242, 205886.0], [0.4243, 113328.0], [0.4244, 126531.0], [0.4245, 93529.0], [0.4246, 82396.0], [0.4247, 103773.0]], "timestamp": "2025-12-12T09:09:57.694792+00:00"}, {"symbol": "ADAUSDT", "bids": [[0.4229, 20378.0], [0.4228, 119490.0], [0.4227, 252226.0], [0.4226, 160520.0], [0.4225, 166333.0], [0.4224, 117299.0], [0.4223, 312560.0], [0.4222, 292254.0], [0.4221, 167927.0], [0.422, 132126.0], [0.4219, 147029.0], [0.4218, 144956.0], [0.4217, 252791.0], [0.4216, 204596.0], [0.4215, 225729.0], [0.4214, 120516.0], [0.4213, 138201.0], [0.4212, 256324.0], [0.4211, 108828.0], [0.421, 224182.0]], "asks": [[0.423, 81886.0], [0.4231, 179891.0], [0.4232, 193346.0], [0.4233, 204338.0], [0.4234, 209110.0], [0.4235, 274060.0], [0.4236, 221707.0], [0.4237, 217143.0], [0.4238, 98928.0], [0.4239, 155165.0], [0.424, 173771.0], [0.4241, 153654.0], [0.4242, 200086.0], [0.4243, 103791.0], [0.4244, 141325.0], [0.4245, 114424.0], [0.4246, 99815.0], [0.4247, 98818.0], [0.4248, 149894.0], [0.4249, 166394.0]], "timestamp": "2025-12-12T09:10:51.067871+00:00"}, {"symbol": "ADAUSDT", "bids": [[0.423, 21472.0], [0.4229, 133550.0], [0.4228, 209984.0], [0.4227, 220055.0], [0.4226, 610010.0], [0.4225, 190021.0], [0.4224, 145000.0], [0.4223, 324251.0], [0.4222, 252330.0], [0.4221, 187469.0], [0.422, 114849.0], [0.4219, 178823.0], [0.4218, 224937.0], [0.4217, 196547.0], [0.4216, 102722.0], [0.4215, 213122.0], [0.4214, 106651.0], [0.4213, 132751.0], [0.4212, 256310.0], [0.4211, 109029.0]], "asks": [[0.4231, 51834.0], [0.4232, 522851.0], [0.4233, 187471.0], [0.4234, 154348.0], [0.4235, 169427.0], [0.4236, 285799.0], [0.4237, 216815.0], [0.4238, 280633.0], [0.4239, 197880.0], [0.424, 206187.0], [0.4241, 186134.0], [0.4242, 213862.0], [0.4243, 102105.0], [0.4244, 141339.0], [0.4245, 130330.0], [0.4246, 117222.0], [0.4247, 115201.0], [0.4248, 158299.0], [0.4249, 153349.0], [0.425, 114292.0]], "timestamp": "2025-12-12T09:11:44.658330+00:00"}, {"symbol": "ADAUSDT", "bids": [[0.423, 67137.0], [0.4229, 115332.0], [0.4228, 313385.0], [0.4227, 614720.0], [0.4226, 217962.0], [0.4225, 277661.0], [0.4224, 347168.0], [0.4223, 189098.0], [0.4222, 186653.0], [0.4221, 127785.0], [0.422, 132111.0], [0.4219, 129999.0], [0.4218, 245468.0], [0.4217, 279589.0], [0.4216, 86235.0], [0.4215, 99253.0], [0.4214, 112383.0], [0.4213, 132751.0], [0.4212, 256282.0], [0.4211, 112417.0]], "asks": [[0.4231, 21335.0], [0.4232, 173587.0], [0.4233, 594000.0], [0.4234, 162509.0], [0.4235, 132882.0], [0.4236, 234347.0], [0.4237, 200190.0], [0.4238, 133922.0], [0.4239, 304363.0], [0.424, 173341.0], [0.4241, 184647.0], [0.4242, 112031.0], [0.4243, 103418.0], [0.4244, 254931.0], [0.4245, 161216.0], [0.4246, 118276.0], [0.4247, 107256.0], [0.4248, 151167.0], [0.4249, 153349.0], [0.425, 114292.0]], "timestamp": "2025-12-12T09:12:38.368973+00:00"}, {"symbol": "ADAUSDT", "bids": [[0.4233, 50813.0], [0.4232, 133837.0], [0.4231, 183170.0], [0.423, 298819.0], [0.4229, 604885.0], [0.4228, 171888.0], [0.4227, 178274.0], [0.4226, 390166.0], [0.4225, 255863.0], [0.4224, 161464.0], [0.4223, 165594.0], [0.4222, 155953.0], [0.4221, 111954.0], [0.422, 209457.0], [0.4219, 132087.0], [0.4218, 305761.0], [0.4217, 168897.0], [0.4216, 63682.0], [0.4215, 124364.0], [0.4214, 110717.0]], "asks": [[0.4234, 45282.0], [0.4235, 548776.0], [0.4236, 230587.0], [0.4237, 148212.0], [0.4238, 163832.0], [0.4239, 207485.0], [0.424, 172665.0], [0.4241, 367384.0], [0.4242, 188002.0], [0.4243, 150663.0], [0.4244, 171380.0], [0.4245, 159246.0], [0.4246, 230974.0], [0.4247, 150194.0], [0.4248, 162127.0], [0.4249, 190645.0], [0.425, 103093.0], [0.4251, 75738.0], [0.4252, 84149.0], [0.4253, 184547.0]], "timestamp": "2025-12-12T09:13:31.251009+00:00"}, {"symbol": "ADAUSDT", "bids": [[0.4238, 64434.0], [0.4237, 107833.0], [0.4236, 226350.0], [0.4235, 237099.0], [0.4234, 370889.0], [0.4233, 196653.0], [0.4232, 266609.0], [0.4231, 227137.0], [0.423, 214813.0], [0.4229, 261570.0], [0.4228, 129535.0], [0.4227, 96247.0], [0.4226, 99107.0], [0.4225, 124025.0], [0.4224, 182764.0], [0.4223, 140356.0], [0.4222, 281962.0], [0.4221, 120313.0], [0.422, 86093.0], [0.4219, 173592.0]], "asks": [[0.4239, 47789.0], [0.424, 101852.0], [0.4241, 203216.0], [0.4242, 131144.0], [0.4243, 183025.0], [0.4244, 330242.0], [0.4245, 251365.0], [0.4246, 152036.0], [0.4247, 160136.0], [0.4248, 102617.0], [0.4249, 158394.0], [0.425, 186250.0], [0.4251, 139208.0], [0.4252, 187348.0], [0.4253, 142226.0], [0.4254, 224217.0], [0.4255, 81834.0], [0.4256, 138268.0], [0.4257, 79577.0], [0.4258, 151633.0]], "timestamp": "2025-12-12T09:14:24.416640+00:00"}, {"symbol": "ADAUSDT", "bids": [[0.4238, 74875.0], [0.4237, 119342.0], [0.4236, 192003.0], [0.4235, 443947.0], [0.4234, 168059.0], [0.4233, 229235.0], [0.4232, 248642.0], [0.4231, 234840.0], [0.423, 180398.0], [0.4229, 163271.0], [0.4228, 117970.0], [0.4227, 93588.0], [0.4226, 110094.0], [0.4225, 353862.0], [0.4224, 180156.0], [0.4223, 123971.0], [0.4222, 110030.0], [0.4221, 144661.0], [0.422, 197055.0], [0.4219, 120613.0]], "asks": [[0.4239, 69138.0], [0.424, 133171.0], [0.4241, 204853.0], [0.4242, 108819.0], [0.4243, 152191.0], [0.4244, 171288.0], [0.4245, 268767.0], [0.4246, 215362.0], [0.4247, 174447.0], [0.4248, 109468.0], [0.4249, 167665.0], [0.425, 214526.0], [0.4251, 163281.0], [0.4252, 205468.0], [0.4253, 104763.0], [0.4254, 205691.0], [0.4255, 71514.0], [0.4256, 71490.0], [0.4257, 116135.0], [0.4258, 164773.0]], "timestamp": "2025-12-12T09:15:17.378317+00:00"}, {"symbol": "ADAUSDT", "bids": [[0.4239, 51154.0], [0.4238, 145524.0], [0.4237, 221081.0], [0.4236, 398900.0], [0.4235, 153343.0], [0.4234, 177645.0], [0.4233, 325284.0], [0.4232, 269743.0], [0.4231, 136212.0], [0.423, 184389.0], [0.4229, 133060.0], [0.4228, 116707.0], [0.4227, 116000.0], [0.4226, 154457.0], [0.4225, 353998.0], [0.4224, 140860.0], [0.4223, 94540.0], [0.4222, 167996.0], [0.4221, 143645.0], [0.422, 199907.0]], "asks": [[0.424, 74994.0], [0.4241, 150443.0], [0.4242, 142741.0], [0.4243, 168383.0], [0.4244, 213673.0], [0.4245, 256880.0], [0.4246, 307606.0], [0.4247, 190656.0], [0.4248, 103030.0], [0.4249, 109972.0], [0.425, 184012.0], [0.4251, 147059.0], [0.4252, 211821.0], [0.4253, 105625.0], [0.4254, 206175.0], [0.4255, 71514.0], [0.4256, 71490.0], [0.4257, 116135.0], [0.4258, 141288.0], [0.4259, 84647.0]], "timestamp": "2025-12-12T09:16:10.138194+00:00"}, {"symbol": "ADAUSDT", "bids": [[0.424, 123532.0], [0.4239, 228268.0], [0.4238, 450665.0], [0.4237, 253909.0], [0.4236, 218712.0], [0.4235, 180289.0], [0.4234, 198291.0], [0.4233, 321950.0], [0.4232, 300855.0], [0.4231, 205244.0], [0.423, 295358.0], [0.4229, 90440.0], [0.4228, 115292.0], [0.4227, 89760.0], [0.4226, 89812.0], [0.4225, 206890.0], [0.4224, 232543.0], [0.4223, 106412.0], [0.4222, 206102.0], [0.4221, 138560.0]], "asks": [[0.4241, 12449.0], [0.4242, 72862.0], [0.4243, 178880.0], [0.4244, 127179.0], [0.4245, 128457.0], [0.4246, 137546.0], [0.4247, 225067.0], [0.4248, 137155.0], [0.4249, 216751.0], [0.425, 188198.0], [0.4251, 120174.0], [0.4252, 246804.0], [0.4253, 138179.0], [0.4254, 126392.0], [0.4255, 108086.0], [0.4256, 95527.0], [0.4257, 118159.0], [0.4258, 176470.0], [0.4259, 149193.0], [0.426, 204626.0]], "timestamp": "2025-12-12T09:17:03.612943+00:00"}, {"symbol": "ADAUSDT", "bids": [[0.4237, 86888.0], [0.4236, 215386.0], [0.4235, 205985.0], [0.4234, 181163.0], [0.4233, 174068.0], [0.4232, 374270.0], [0.4231, 154502.0], [0.423, 167116.0], [0.4229, 187538.0], [0.4228, 250972.0], [0.4227, 245792.0], [0.4226, 107993.0], [0.4225, 123272.0], [0.4224, 321882.0], [0.4223, 101290.0], [0.4222, 187968.0], [0.4221, 139600.0], [0.422, 219736.0], [0.4219, 146720.0], [0.4218, 206810.0]], "asks": [[0.4238, 9596.0], [0.4239, 80824.0], [0.424, 198772.0], [0.4241, 111705.0], [0.4242, 231096.0], [0.4243, 162171.0], [0.4244, 243925.0], [0.4245, 204932.0], [0.4246, 151449.0], [0.4247, 186773.0], [0.4248, 130714.0], [0.4249, 172273.0], [0.425, 110399.0], [0.4251, 63649.0], [0.4252, 240927.0], [0.4253, 91052.0], [0.4254, 86081.0], [0.4255, 81798.0], [0.4256, 94661.0], [0.4257, 114936.0]], "timestamp": "2025-12-12T09:17:56.939561+00:00"}, {"symbol": "ADAUSDT", "bids": [[0.4239, 37205.0], [0.4238, 101601.0], [0.4237, 145789.0], [0.4236, 335392.0], [0.4235, 182145.0], [0.4234, 227052.0], [0.4233, 188393.0], [0.4232, 261556.0], [0.4231, 139190.0], [0.423, 237672.0], [0.4229, 181046.0], [0.4228, 349722.0], [0.4227, 140517.0], [0.4226, 97767.0], [0.4225, 260897.0], [0.4224, 203223.0], [0.4223, 93250.0], [0.4222, 124123.0], [0.4221, 139586.0], [0.422, 196046.0]], "asks": [[0.424, 28217.0], [0.4241, 150311.0], [0.4242, 218806.0], [0.4243, 142127.0], [0.4244, 138059.0], [0.4245, 230692.0], [0.4246, 172773.0], [0.4247, 301432.0], [0.4248, 148819.0], [0.4249, 169926.0], [0.425, 116099.0], [0.4251, 56040.0], [0.4252, 143747.0], [0.4253, 208904.0], [0.4254, 86639.0], [0.4255, 63680.0], [0.4256, 94661.0], [0.4257, 87307.0], [0.4258, 152997.0], [0.4259, 176351.0]], "timestamp": "2025-12-12T09:18:50.108970+00:00"}, {"symbol": "ADAUSDT", "bids": [[0.4244, 25713.0], [0.4243, 131317.0], [0.4242, 274018.0], [0.4241, 226550.0], [0.424, 255864.0], [0.4239, 246012.0], [0.4238, 257249.0], [0.4237, 180746.0], [0.4236, 320516.0], [0.4235, 150198.0], [0.4234, 172176.0], [0.4233, 237135.0], [0.4232, 268144.0], [0.4231, 192257.0], [0.423, 181095.0], [0.4229, 195838.0], [0.4228, 196534.0], [0.4227, 67396.0], [0.4226, 114239.0], [0.4225, 198421.0]], "asks": [[0.4245, 34039.0], [0.4246, 113395.0], [0.4247, 162472.0], [0.4248, 175444.0], [0.4249, 126386.0], [0.425, 114541.0], [0.4251, 205847.0], [0.4252, 172660.0], [0.4253, 221795.0], [0.4254, 132456.0], [0.4255, 149751.0], [0.4256, 171202.0], [0.4257, 100914.0], [0.4258, 212748.0], [0.4259, 62005.0], [0.426, 70278.0], [0.4261, 96744.0], [0.4262, 103228.0], [0.4263, 97873.0], [0.4264, 98487.0]], "timestamp": "2025-12-12T09:19:43.263530+00:00"}, {"symbol": "ADAUSDT", "bids": [[0.4238, 36193.0], [0.4237, 110806.0], [0.4236, 180236.0], [0.4235, 147972.0], [0.4234, 267075.0], [0.4233, 205557.0], [0.4232, 324020.0], [0.4231, 121376.0], [0.423, 205928.0], [0.4229, 292950.0], [0.4228, 186027.0], [0.4227, 96493.0], [0.4226, 114993.0], [0.4225, 96972.0], [0.4224, 140232.0], [0.4223, 384872.0], [0.4222, 68264.0], [0.4221, 133330.0], [0.422, 227727.0], [0.4219, 217146.0]], "asks": [[0.4239, 38349.0], [0.424, 125150.0], [0.4241, 223719.0], [0.4242, 169583.0], [0.4243, 176705.0], [0.4244, 175134.0], [0.4245, 296696.0], [0.4246, 159250.0], [0.4247, 145208.0], [0.4248, 128512.0], [0.4249, 126131.0], [0.425, 137826.0], [0.4251, 182203.0], [0.4252, 92787.0], [0.4253, 90178.0], [0.4254, 78045.0], [0.4255, 69769.0], [0.4256, 117726.0], [0.4257, 91055.0], [0.4258, 228910.0]], "timestamp": "2025-12-12T09:20:37.200125+00:00"}, {"symbol": "ADAUSDT", "bids": [[0.4237, 55058.0], [0.4236, 232370.0], [0.4235, 174241.0], [0.4234, 182021.0], [0.4233, 186843.0], [0.4232, 331046.0], [0.4231, 252043.0], [0.423, 262983.0], [0.4229, 299194.0], [0.4228, 178924.0], [0.4227, 181242.0], [0.4226, 125359.0], [0.4225, 210515.0], [0.4224, 123457.0], [0.4223, 251562.0], [0.4222, 71087.0], [0.4221, 125967.0], [0.422, 187880.0], [0.4219, 193449.0], [0.4218, 249015.0]], "asks": [[0.4238, 29101.0], [0.4239, 92915.0], [0.424, 192453.0], [0.4241, 188347.0], [0.4242, 187160.0], [0.4243, 170642.0], [0.4244, 175414.0], [0.4245, 308523.0], [0.4246, 158370.0], [0.4247, 142163.0], [0.4248, 140262.0], [0.4249, 152944.0], [0.425, 148147.0], [0.4251, 83788.0], [0.4252, 199247.0], [0.4253, 76505.0], [0.4254, 74830.0], [0.4255, 69769.0], [0.4256, 117740.0], [0.4257, 91055.0]], "timestamp": "2025-12-12T09:21:29.934842+00:00"}, {"symbol": "ADAUSDT", "bids": [[0.4227, 40713.0], [0.4226, 107786.0], [0.4225, 257292.0], [0.4224, 119718.0], [0.4223, 216829.0], [0.4222, 262563.0], [0.4221, 226405.0], [0.422, 229655.0], [0.4219, 207954.0], [0.4218, 260786.0], [0.4217, 239132.0], [0.4216, 121228.0], [0.4215, 190581.0], [0.4214, 336164.0], [0.4213, 93205.0], [0.4212, 93012.0], [0.4211, 196551.0], [0.421, 185564.0], [0.4209, 218594.0], [0.4208, 227957.0]], "asks": [[0.4228, 69143.0], [0.4229, 105630.0], [0.423, 188966.0], [0.4231, 171435.0], [0.4232, 130237.0], [0.4233, 269394.0], [0.4234, 155640.0], [0.4235, 234753.0], [0.4236, 166479.0], [0.4237, 128992.0], [0.4238, 128113.0], [0.4239, 112957.0], [0.424, 83150.0], [0.4241, 89525.0], [0.4242, 79671.0], [0.4243, 205981.0], [0.4244, 122867.0], [0.4245, 63512.0], [0.4246, 97718.0], [0.4247, 115642.0]], "timestamp": "2025-12-12T09:22:23.307425+00:00"}, {"symbol": "ADAUSDT", "bids": [[0.4226, 42464.0], [0.4225, 102977.0], [0.4224, 166010.0], [0.4223, 145430.0], [0.4222, 156265.0], [0.4221, 208491.0], [0.422, 236128.0], [0.4219, 295142.0], [0.4218, 192351.0], [0.4217, 232997.0], [0.4216, 174825.0], [0.4215, 244531.0], [0.4214, 302527.0], [0.4213, 229283.0], [0.4212, 93540.0], [0.4211, 195525.0], [0.421, 183795.0], [0.4209, 220377.0], [0.4208, 202493.0], [0.4207, 101197.0]], "asks": [[0.4227, 95530.0], [0.4228, 109800.0], [0.4229, 241279.0], [0.423, 135736.0], [0.4231, 159674.0], [0.4232, 235225.0], [0.4233, 122840.0], [0.4234, 158616.0], [0.4235, 308426.0], [0.4236, 172258.0], [0.4237, 109832.0], [0.4238, 94957.0], [0.4239, 86794.0], [0.424, 98280.0], [0.4241, 215179.0], [0.4242, 95599.0], [0.4243, 99020.0], [0.4244, 86634.0], [0.4245, 72824.0], [0.4246, 102914.0]], "timestamp": "2025-12-12T09:23:16.435533+00:00"}, {"symbol": "ADAUSDT", "bids": [[0.4227, 42889.0], [0.4226, 78935.0], [0.4225, 237555.0], [0.4224, 162320.0], [0.4223, 139146.0], [0.4222, 226218.0], [0.4221, 259796.0], [0.422, 244442.0], [0.4219, 206040.0], [0.4218, 230820.0], [0.4217, 158650.0], [0.4216, 100879.0], [0.4215, 179686.0], [0.4214, 332641.0], [0.4213, 197524.0], [0.4212, 85048.0], [0.4211, 189470.0], [0.421, 141154.0], [0.4209, 275286.0], [0.4208, 160899.0]], "asks": [[0.4228, 45644.0], [0.4229, 155674.0], [0.423, 140742.0], [0.4231, 121619.0], [0.4232, 234164.0], [0.4233, 198243.0], [0.4234, 153854.0], [0.4235, 158625.0], [0.4236, 149868.0], [0.4237, 123624.0], [0.4238, 110850.0], [0.4239, 101814.0], [0.424, 213320.0], [0.4241, 97680.0], [0.4242, 68551.0], [0.4243, 136119.0], [0.4244, 114155.0], [0.4245, 116842.0], [0.4246, 118639.0], [0.4247, 72704.0]], "timestamp": "2025-12-12T09:24:10.192351+00:00"}, {"symbol": "ADAUSDT", "bids": [[0.4225, 66635.0], [0.4224, 82966.0], [0.4223, 273215.0], [0.4222, 133294.0], [0.4221, 199246.0], [0.422, 293586.0], [0.4219, 257612.0], [0.4218, 257029.0], [0.4217, 192959.0], [0.4216, 95192.0], [0.4215, 228180.0], [0.4214, 330030.0], [0.4213, 197610.0], [0.4212, 89985.0], [0.4211, 186084.0], [0.421, 146256.0], [0.4209, 278743.0], [0.4208, 186249.0], [0.4207, 113979.0], [0.4206, 200562.0]], "asks": [[0.4226, 20718.0], [0.4227, 83726.0], [0.4228, 164106.0], [0.4229, 191971.0], [0.423, 113471.0], [0.4231, 243395.0], [0.4232, 159482.0], [0.4233, 219017.0], [0.4234, 128637.0], [0.4235, 134785.0], [0.4236, 188495.0], [0.4237, 145676.0], [0.4238, 184901.0], [0.4239, 80644.0], [0.424, 74901.0], [0.4241, 147302.0], [0.4242, 109407.0], [0.4243, 124855.0], [0.4244, 79562.0], [0.4245, 64470.0]], "timestamp": "2025-12-12T09:25:04.798360+00:00"}, {"symbol": "ADAUSDT", "bids": [[0.4227, 137353.0], [0.4226, 100766.0], [0.4225, 278778.0], [0.4224, 163585.0], [0.4223, 183246.0], [0.4222, 263958.0], [0.4221, 231471.0], [0.422, 288987.0], [0.4219, 178615.0], [0.4218, 247501.0], [0.4217, 105685.0], [0.4216, 89496.0], [0.4215, 168323.0], [0.4214, 303907.0], [0.4213, 191558.0], [0.4212, 79404.0], [0.4211, 186084.0], [0.421, 140872.0], [0.4209, 278743.0], [0.4208, 160899.0]], "asks": [[0.4228, 39098.0], [0.4229, 155592.0], [0.423, 120646.0], [0.4231, 107275.0], [0.4232, 217486.0], [0.4233, 147187.0], [0.4234, 121896.0], [0.4235, 204902.0], [0.4236, 228597.0], [0.4237, 176764.0], [0.4238, 164017.0], [0.4239, 97492.0], [0.424, 191097.0], [0.4241, 105929.0], [0.4242, 91699.0], [0.4243, 155355.0], [0.4244, 82696.0], [0.4245, 66866.0], [0.4246, 80150.0], [0.4247, 79430.0]], "timestamp": "2025-12-12T09:25:58.021302+00:00"}, {"symbol": "ADAUSDT", "bids": [[0.4221, 64360.0], [0.422, 148365.0], [0.4219, 244584.0], [0.4218, 146557.0], [0.4217, 212909.0], [0.4216, 246743.0], [0.4215, 211860.0], [0.4214, 198604.0], [0.4213, 236475.0], [0.4212, 183055.0], [0.4211, 205831.0], [0.421, 125081.0], [0.4209, 200421.0], [0.4208, 294468.0], [0.4207, 199302.0], [0.4206, 117491.0], [0.4205, 161050.0], [0.4204, 141989.0], [0.4203, 217819.0], [0.4202, 209994.0]], "asks": [[0.4222, 36441.0], [0.4223, 183062.0], [0.4224, 238614.0], [0.4225, 190392.0], [0.4226, 133033.0], [0.4227, 256717.0], [0.4228, 211606.0], [0.4229, 217779.0], [0.423, 92003.0], [0.4231, 180979.0], [0.4232, 252749.0], [0.4233, 94037.0], [0.4234, 92080.0], [0.4235, 240346.0], [0.4236, 75236.0], [0.4237, 101159.0], [0.4238, 146911.0], [0.4239, 143351.0], [0.424, 89350.0], [0.4241, 68849.0]], "timestamp": "2025-12-12T09:26:51.701366+00:00"}, {"symbol": "ADAUSDT", "bids": [[0.4221, 28431.0], [0.422, 92952.0], [0.4219, 224173.0], [0.4218, 191864.0], [0.4217, 273169.0], [0.4216, 251181.0], [0.4215, 290152.0], [0.4214, 173471.0], [0.4213, 181832.0], [0.4212, 153490.0], [0.4211, 170493.0], [0.421, 293720.0], [0.4209, 185204.0], [0.4208, 202255.0], [0.4207, 217357.0], [0.4206, 207972.0], [0.4205, 141858.0], [0.4204, 143285.0], [0.4203, 133176.0], [0.4202, 194747.0]], "asks": [[0.4222, 75699.0], [0.4223, 141184.0], [0.4224, 233976.0], [0.4225, 203673.0], [0.4226, 132954.0], [0.4227, 183962.0], [0.4228, 314048.0], [0.4229, 231426.0], [0.423, 174483.0], [0.4231, 109706.0], [0.4232, 198343.0], [0.4233, 117840.0], [0.4234, 132020.0], [0.4235, 246984.0], [0.4236, 89443.0], [0.4237, 84545.0], [0.4238, 143824.0], [0.4239, 87109.0], [0.424, 93931.0], [0.4241, 113117.0]], "timestamp": "2025-12-12T09:27:44.723325+00:00"}, {"symbol": "ADAUSDT", "bids": [[0.4216, 53696.0], [0.4215, 107297.0], [0.4214, 228539.0], [0.4213, 123171.0], [0.4212, 221062.0], [0.4211, 166649.0], [0.421, 296741.0], [0.4209, 205511.0], [0.4208, 176906.0], [0.4207, 162512.0], [0.4206, 155306.0], [0.4205, 189248.0], [0.4204, 117837.0], [0.4203, 240562.0], [0.4202, 142103.0], [0.4201, 384975.0], [0.42, 297583.0], [0.4199, 164261.0], [0.4198, 157043.0], [0.4197, 167233.0]], "asks": [[0.4217, 37852.0], [0.4218, 161607.0], [0.4219, 288200.0], [0.422, 191097.0], [0.4221, 202346.0], [0.4222, 156366.0], [0.4223, 185572.0], [0.4224, 422175.0], [0.4225, 236791.0], [0.4226, 153585.0], [0.4227, 120473.0], [0.4228, 174830.0], [0.4229, 137733.0], [0.423, 119438.0], [0.4231, 120741.0], [0.4232, 224550.0], [0.4233, 74615.0], [0.4234, 91918.0], [0.4235, 167812.0], [0.4236, 86596.0]], "timestamp": "2025-12-12T09:28:37.789268+00:00"}, {"symbol": "ADAUSDT", "bids": [[0.4216, 13630.0], [0.4215, 62614.0], [0.4214, 190278.0], [0.4213, 209032.0], [0.4212, 147823.0], [0.4211, 210986.0], [0.421, 174597.0], [0.4209, 259750.0], [0.4208, 204969.0], [0.4207, 132917.0], [0.4206, 177414.0], [0.4205, 101167.0], [0.4204, 158195.0], [0.4203, 264920.0], [0.4202, 194684.0], [0.4201, 271898.0], [0.42, 331323.0], [0.4199, 156879.0], [0.4198, 173269.0], [0.4197, 152203.0]], "asks": [[0.4217, 89344.0], [0.4218, 167844.0], [0.4219, 318842.0], [0.422, 255288.0], [0.4221, 193017.0], [0.4222, 193714.0], [0.4223, 284532.0], [0.4224, 321912.0], [0.4225, 149805.0], [0.4226, 152315.0], [0.4227, 135939.0], [0.4228, 171589.0], [0.4229, 134236.0], [0.423, 212174.0], [0.4231, 141684.0], [0.4232, 118503.0], [0.4233, 98142.0], [0.4234, 163360.0], [0.4235, 124142.0], [0.4236, 84900.0]], "timestamp": "2025-12-12T09:29:30.913254+00:00"}, {"symbol": "ADAUSDT", "bids": [[0.4213, 50977.0], [0.4212, 95592.0], [0.4211, 157907.0], [0.421, 328064.0], [0.4209, 223102.0], [0.4208, 193480.0], [0.4207, 228295.0], [0.4206, 150356.0], [0.4205, 187539.0], [0.4204, 163696.0], [0.4203, 302994.0], [0.4202, 175236.0], [0.4201, 247326.0], [0.42, 341658.0], [0.4199, 216436.0], [0.4198, 259214.0], [0.4197, 193479.0], [0.4196, 337421.0], [0.4195, 99226.0], [0.4194, 246661.0]], "asks": [[0.4214, 66233.0], [0.4215, 152592.0], [0.4216, 259975.0], [0.4217, 226266.0], [0.4218, 169067.0], [0.4219, 185499.0], [0.422, 337768.0], [0.4221, 222094.0], [0.4222, 243369.0], [0.4223, 143314.0], [0.4224, 172116.0], [0.4225, 113101.0], [0.4226, 99573.0], [0.4227, 72683.0], [0.4228, 159498.0], [0.4229, 206153.0], [0.423, 194605.0], [0.4231, 106049.0], [0.4232, 129309.0], [0.4233, 134982.0]], "timestamp": "2025-12-12T09:30:23.555075+00:00"}, {"symbol": "ADAUSDT", "bids": [[0.4218, 17822.0], [0.4217, 162109.0], [0.4216, 255734.0], [0.4215, 202764.0], [0.4214, 172285.0], [0.4213, 347579.0], [0.4212, 195068.0], [0.4211, 302069.0], [0.421, 167204.0], [0.4209, 210083.0], [0.4208, 192018.0], [0.4207, 139859.0], [0.4206, 194001.0], [0.4205, 259692.0], [0.4204, 86224.0], [0.4203, 117981.0], [0.4202, 94805.0], [0.4201, 264712.0], [0.42, 351219.0], [0.4199, 128493.0]], "asks": [[0.4219, 86610.0], [0.422, 147569.0], [0.4221, 336717.0], [0.4222, 240613.0], [0.4223, 149000.0], [0.4224, 170792.0], [0.4225, 241935.0], [0.4226, 141737.0], [0.4227, 180572.0], [0.4228, 314165.0], [0.4229, 240655.0], [0.423, 118540.0], [0.4231, 105890.0], [0.4232, 144308.0], [0.4233, 264667.0], [0.4234, 156236.0], [0.4235, 125606.0], [0.4236, 105662.0], [0.4237, 145310.0], [0.4238, 91447.0]], "timestamp": "2025-12-12T09:31:16.489013+00:00"}, {"symbol": "ADAUSDT", "bids": [[0.4217, 63810.0], [0.4216, 98998.0], [0.4215, 289725.0], [0.4214, 182263.0], [0.4213, 159973.0], [0.4212, 238885.0], [0.4211, 326994.0], [0.421, 233397.0], [0.4209, 239809.0], [0.4208, 219234.0], [0.4207, 176191.0], [0.4206, 167309.0], [0.4205, 233899.0], [0.4204, 95595.0], [0.4203, 117428.0], [0.4202, 111354.0], [0.4201, 272487.0], [0.42, 353002.0], [0.4199, 112568.0], [0.4198, 208485.0]], "asks": [[0.4218, 48283.0], [0.4219, 184732.0], [0.422, 216741.0], [0.4221, 309863.0], [0.4222, 162853.0], [0.4223, 201649.0], [0.4224, 346809.0], [0.4225, 194991.0], [0.4226, 200586.0], [0.4227, 146294.0], [0.4228, 212441.0], [0.4229, 116640.0], [0.423, 208393.0], [0.4231, 104517.0], [0.4232, 82471.0], [0.4233, 164251.0], [0.4234, 154230.0], [0.4235, 150636.0], [0.4236, 119048.0], [0.4237, 133560.0]], "timestamp": "2025-12-12T09:32:09.866285+00:00"}, {"symbol": "ADAUSDT", "bids": [[0.4219, 78084.0], [0.4218, 108993.0], [0.4217, 203294.0], [0.4216, 148920.0], [0.4215, 332099.0], [0.4214, 165060.0], [0.4213, 185245.0], [0.4212, 173219.0], [0.4211, 278040.0], [0.421, 166599.0], [0.4209, 281473.0], [0.4208, 151548.0], [0.4207, 179554.0], [0.4206, 140325.0], [0.4205, 245806.0], [0.4204, 185025.0], [0.4203, 150512.0], [0.4202, 213854.0], [0.4201, 235314.0], [0.42, 337892.0]], "asks": [[0.422, 39551.0], [0.4221, 144775.0], [0.4222, 289003.0], [0.4223, 114199.0], [0.4224, 154084.0], [0.4225, 254803.0], [0.4226, 155328.0], [0.4227, 199568.0], [0.4228, 261819.0], [0.4229, 160080.0], [0.423, 117700.0], [0.4231, 167629.0], [0.4232, 251199.0], [0.4233, 120196.0], [0.4234, 128128.0], [0.4235, 158683.0], [0.4236, 129367.0], [0.4237, 139098.0], [0.4238, 91496.0], [0.4239, 151822.0]], "timestamp": "2025-12-12T09:33:02.701834+00:00"}, {"symbol": "ADAUSDT", "bids": [[0.4219, 42002.0], [0.4218, 90253.0], [0.4217, 200201.0], [0.4216, 250710.0], [0.4215, 192272.0], [0.4214, 200661.0], [0.4213, 262481.0], [0.4212, 188426.0], [0.4211, 167415.0], [0.421, 169181.0], [0.4209, 261554.0], [0.4208, 165023.0], [0.4207, 308992.0], [0.4206, 124002.0], [0.4205, 130900.0], [0.4204, 184299.0], [0.4203, 150971.0], [0.4202, 196825.0], [0.4201, 153417.0], [0.42, 345459.0]], "asks": [[0.422, 50995.0], [0.4221, 129893.0], [0.4222, 301155.0], [0.4223, 122471.0], [0.4224, 145753.0], [0.4225, 260876.0], [0.4226, 161990.0], [0.4227, 243192.0], [0.4228, 187907.0], [0.4229, 159115.0], [0.423, 125866.0], [0.4231, 128322.0], [0.4232, 149961.0], [0.4233, 229100.0], [0.4234, 97820.0], [0.4235, 131525.0], [0.4236, 109062.0], [0.4237, 189816.0], [0.4238, 91496.0], [0.4239, 128229.0]], "timestamp": "2025-12-12T09:33:56.134216+00:00"}, {"symbol": "ADAUSDT", "bids": [[0.4221, 38178.0], [0.422, 109126.0], [0.4219, 174328.0], [0.4218, 207083.0], [0.4217, 314365.0], [0.4216, 236084.0], [0.4215, 217616.0], [0.4214, 239978.0], [0.4213, 218691.0], [0.4212, 236873.0], [0.4211, 121628.0], [0.421, 150086.0], [0.4209, 248682.0], [0.4208, 204212.0], [0.4207, 197187.0], [0.4206, 239154.0], [0.4205, 130858.0], [0.4204, 178401.0], [0.4203, 137965.0], [0.4202, 82004.0]], "asks": [[0.4222, 35929.0], [0.4223, 101146.0], [0.4224, 267089.0], [0.4225, 137583.0], [0.4226, 186700.0], [0.4227, 303070.0], [0.4228, 172086.0], [0.4229, 166160.0], [0.423, 132188.0], [0.4231, 169068.0], [0.4232, 196952.0], [0.4233, 162344.0], [0.4234, 213719.0], [0.4235, 129052.0], [0.4236, 113466.0], [0.4237, 170473.0], [0.4238, 115094.0], [0.4239, 155387.0], [0.424, 120666.0], [0.4241, 159711.0]], "timestamp": "2025-12-12T09:34:49.283466+00:00"}, {"symbol": "ADAUSDT", "bids": [[0.4219, 62053.0], [0.4218, 120312.0], [0.4217, 263063.0], [0.4216, 145106.0], [0.4215, 331820.0], [0.4214, 279637.0], [0.4213, 198486.0], [0.4212, 232127.0], [0.4211, 211395.0], [0.421, 208332.0], [0.4209, 257470.0], [0.4208, 153114.0], [0.4207, 300674.0], [0.4206, 225693.0], [0.4205, 122058.0], [0.4204, 136290.0], [0.4203, 174916.0], [0.4202, 195871.0], [0.4201, 169298.0], [0.42, 431007.0]], "asks": [[0.422, 23171.0], [0.4221, 143278.0], [0.4222, 325322.0], [0.4223, 205059.0], [0.4224, 189295.0], [0.4225, 170913.0], [0.4226, 164597.0], [0.4227, 217469.0], [0.4228, 216646.0], [0.4229, 298870.0], [0.423, 119374.0], [0.4231, 135321.0], [0.4232, 153038.0], [0.4233, 121295.0], [0.4234, 95431.0], [0.4235, 122682.0], [0.4236, 224635.0], [0.4237, 169003.0], [0.4238, 114400.0], [0.4239, 129569.0]], "timestamp": "2025-12-12T09:35:43.551611+00:00"}, {"symbol": "ADAUSDT", "bids": [[0.4218, 88599.0], [0.4217, 126116.0], [0.4216, 223767.0], [0.4215, 239697.0], [0.4214, 376580.0], [0.4213, 249547.0], [0.4212, 308360.0], [0.4211, 231823.0], [0.421, 232786.0], [0.4209, 320885.0], [0.4208, 137258.0], [0.4207, 181479.0], [0.4206, 246809.0], [0.4205, 249644.0], [0.4204, 139688.0], [0.4203, 153564.0], [0.4202, 81624.0], [0.4201, 191462.0], [0.42, 358108.0], [0.4199, 191040.0]], "asks": [[0.4219, 55554.0], [0.422, 147217.0], [0.4221, 310996.0], [0.4222, 234240.0], [0.4223, 200537.0], [0.4224, 198565.0], [0.4225, 276174.0], [0.4226, 213878.0], [0.4227, 148359.0], [0.4228, 215196.0], [0.4229, 192837.0], [0.423, 117215.0], [0.4231, 128006.0], [0.4232, 140513.0], [0.4233, 224859.0], [0.4234, 120715.0], [0.4235, 83055.0], [0.4236, 143240.0], [0.4237, 151450.0], [0.4238, 103833.0]], "timestamp": "2025-12-12T09:36:36.418273+00:00"}, {"symbol": "ADAUSDT", "bids": [[0.4219, 33507.0], [0.4218, 135787.0], [0.4217, 262465.0], [0.4216, 181514.0], [0.4215, 200375.0], [0.4214, 178941.0], [0.4213, 272163.0], [0.4212, 313446.0], [0.4211, 164235.0], [0.421, 233880.0], [0.4209, 253317.0], [0.4208, 137311.0], [0.4207, 132963.0], [0.4206, 182363.0], [0.4205, 318602.0], [0.4204, 123499.0], [0.4203, 188709.0], [0.4202, 202776.0], [0.4201, 182500.0], [0.42, 359530.0]], "asks": [[0.422, 85913.0], [0.4221, 189961.0], [0.4222, 276249.0], [0.4223, 182685.0], [0.4224, 225914.0], [0.4225, 288350.0], [0.4226, 215419.0], [0.4227, 155263.0], [0.4228, 176001.0], [0.4229, 135289.0], [0.423, 157547.0], [0.4231, 127608.0], [0.4232, 155049.0], [0.4233, 224831.0], [0.4234, 93497.0], [0.4235, 86648.0], [0.4236, 140406.0], [0.4237, 151464.0], [0.4238, 92406.0], [0.4239, 124980.0]], "timestamp": "2025-12-12T09:37:29.649011+00:00"}, {"symbol": "ADAUSDT", "bids": [[0.4218, 42289.0], [0.4217, 203362.0], [0.4216, 313214.0], [0.4215, 213922.0], [0.4214, 197029.0], [0.4213, 227162.0], [0.4212, 318476.0], [0.4211, 161847.0], [0.421, 307296.0], [0.4209, 286128.0], [0.4208, 134796.0], [0.4207, 198963.0], [0.4206, 349436.0], [0.4205, 193749.0], [0.4204, 123485.0], [0.4203, 122391.0], [0.4202, 69233.0], [0.4201, 187058.0], [0.42, 362925.0], [0.4199, 154455.0]], "asks": [[0.4219, 117927.0], [0.422, 174658.0], [0.4221, 212292.0], [0.4222, 203399.0], [0.4223, 200656.0], [0.4224, 286824.0], [0.4225, 221936.0], [0.4226, 183871.0], [0.4227, 183545.0], [0.4228, 197673.0], [0.4229, 193897.0], [0.423, 121286.0], [0.4231, 122463.0], [0.4232, 170758.0], [0.4233, 224831.0], [0.4234, 126293.0], [0.4235, 116650.0], [0.4236, 148432.0], [0.4237, 149194.0], [0.4238, 92406.0]], "timestamp": "2025-12-12T09:38:22.580616+00:00"}, {"symbol": "ADAUSDT", "bids": [[0.4213, 16946.0], [0.4212, 188141.0], [0.4211, 293294.0], [0.421, 170005.0], [0.4209, 219900.0], [0.4208, 193238.0], [0.4207, 263022.0], [0.4206, 217541.0], [0.4205, 283748.0], [0.4204, 150155.0], [0.4203, 172874.0], [0.4202, 82874.0], [0.4201, 163855.0], [0.42, 337482.0], [0.4199, 269484.0], [0.4198, 146220.0], [0.4197, 122071.0], [0.4196, 325504.0], [0.4195, 155024.0], [0.4194, 281852.0]], "asks": [[0.4214, 53850.0], [0.4215, 124421.0], [0.4216, 238116.0], [0.4217, 156145.0], [0.4218, 192151.0], [0.4219, 163336.0], [0.422, 215913.0], [0.4221, 315277.0], [0.4222, 157247.0], [0.4223, 125716.0], [0.4224, 131947.0], [0.4225, 131457.0], [0.4226, 191062.0], [0.4227, 219391.0], [0.4228, 156559.0], [0.4229, 131526.0], [0.423, 86715.0], [0.4231, 131264.0], [0.4232, 88605.0], [0.4233, 120841.0]], "timestamp": "2025-12-12T09:39:15.790427+00:00"}, {"symbol": "ADAUSDT", "bids": [[0.4214, 49438.0], [0.4213, 119377.0], [0.4212, 192121.0], [0.4211, 267875.0], [0.421, 145544.0], [0.4209, 275438.0], [0.4208, 223582.0], [0.4207, 189960.0], [0.4206, 281290.0], [0.4205, 89898.0], [0.4204, 103644.0], [0.4203, 98324.0], [0.4202, 90194.0], [0.4201, 241178.0], [0.42, 436584.0], [0.4199, 150582.0], [0.4198, 278086.0], [0.4197, 102663.0], [0.4196, 237552.0], [0.4195, 135045.0]], "asks": [[0.4215, 28579.0], [0.4216, 240265.0], [0.4217, 179353.0], [0.4218, 148515.0], [0.4219, 203641.0], [0.422, 230900.0], [0.4221, 290475.0], [0.4222, 158147.0], [0.4223, 146459.0], [0.4224, 138045.0], [0.4225, 128905.0], [0.4226, 208922.0], [0.4227, 209758.0], [0.4228, 155106.0], [0.4229, 157594.0], [0.423, 85997.0], [0.4231, 139267.0], [0.4232, 113532.0], [0.4233, 102126.0], [0.4234, 87047.0]], "timestamp": "2025-12-12T09:40:08.566291+00:00"}, {"symbol": "ADAUSDT", "bids": [[0.4214, 80891.0], [0.4213, 130709.0], [0.4212, 182585.0], [0.4211, 297465.0], [0.421, 243695.0], [0.4209, 147682.0], [0.4208, 103364.0], [0.4207, 166472.0], [0.4206, 242777.0], [0.4205, 116961.0], [0.4204, 118013.0], [0.4203, 135195.0], [0.4202, 99360.0], [0.4201, 304350.0], [0.42, 434376.0], [0.4199, 136695.0], [0.4198, 272647.0], [0.4197, 103429.0], [0.4196, 213726.0], [0.4195, 145130.0]], "asks": [[0.4215, 1178.0], [0.4216, 137723.0], [0.4217, 197862.0], [0.4218, 118634.0], [0.4219, 132690.0], [0.422, 307060.0], [0.4221, 232634.0], [0.4222, 171326.0], [0.4223, 211283.0], [0.4224, 161735.0], [0.4225, 112994.0], [0.4226, 158129.0], [0.4227, 135632.0], [0.4228, 285208.0], [0.4229, 159602.0], [0.423, 80556.0], [0.4231, 140105.0], [0.4232, 166003.0], [0.4233, 101674.0], [0.4234, 87123.0]], "timestamp": "2025-12-12T09:41:02.243785+00:00"}, {"symbol": "ADAUSDT", "bids": [[0.4215, 62017.0], [0.4214, 132016.0], [0.4213, 196363.0], [0.4212, 188621.0], [0.4211, 188863.0], [0.421, 194028.0], [0.4209, 403153.0], [0.4208, 169322.0], [0.4207, 145417.0], [0.4206, 254286.0], [0.4205, 84554.0], [0.4204, 83593.0], [0.4203, 130253.0], [0.4202, 110231.0], [0.4201, 366145.0], [0.42, 322426.0], [0.4199, 136681.0], [0.4198, 273653.0], [0.4197, 81579.0], [0.4196, 209131.0]], "asks": [[0.4216, 51275.0], [0.4217, 114277.0], [0.4218, 264954.0], [0.4219, 138034.0], [0.422, 158844.0], [0.4221, 239672.0], [0.4222, 249846.0], [0.4223, 175033.0], [0.4224, 210414.0], [0.4225, 180420.0], [0.4226, 182795.0], [0.4227, 236930.0], [0.4228, 122406.0], [0.4229, 188764.0], [0.423, 106613.0], [0.4231, 116457.0], [0.4232, 141175.0], [0.4233, 169087.0], [0.4234, 126573.0], [0.4235, 180948.0]], "timestamp": "2025-12-12T09:41:55.165523+00:00"}, {"symbol": "ADAUSDT", "bids": [[0.4216, 27697.0], [0.4215, 85286.0], [0.4214, 234983.0], [0.4213, 195879.0], [0.4212, 206912.0], [0.4211, 234626.0], [0.421, 208719.0], [0.4209, 351086.0], [0.4208, 220022.0], [0.4207, 288799.0], [0.4206, 263073.0], [0.4205, 92382.0], [0.4204, 123924.0], [0.4203, 250400.0], [0.4202, 94118.0], [0.4201, 285369.0], [0.42, 367658.0], [0.4199, 187819.0], [0.4198, 270187.0], [0.4197, 83310.0]], "asks": [[0.4217, 78163.0], [0.4218, 208827.0], [0.4219, 169379.0], [0.422, 179094.0], [0.4221, 244694.0], [0.4222, 169688.0], [0.4223, 202440.0], [0.4224, 159435.0], [0.4225, 181252.0], [0.4226, 237397.0], [0.4227, 125904.0], [0.4228, 164421.0], [0.4229, 229014.0], [0.423, 195579.0], [0.4231, 121455.0], [0.4232, 108803.0], [0.4233, 171728.0], [0.4234, 136293.0], [0.4235, 95470.0], [0.4236, 86286.0]], "timestamp": "2025-12-12T09:42:48.622108+00:00"}, {"symbol": "ADAUSDT", "bids": [[0.4216, 54312.0], [0.4215, 101632.0], [0.4214, 244425.0], [0.4213, 199063.0], [0.4212, 183685.0], [0.4211, 191726.0], [0.421, 273737.0], [0.4209, 269998.0], [0.4208, 156025.0], [0.4207, 253689.0], [0.4206, 251952.0], [0.4205, 88499.0], [0.4204, 99334.0], [0.4203, 239704.0], [0.4202, 107967.0], [0.4201, 257091.0], [0.42, 308714.0], [0.4199, 188613.0], [0.4198, 273578.0], [0.4197, 83324.0]], "asks": [[0.4217, 51904.0], [0.4218, 207510.0], [0.4219, 160475.0], [0.422, 170576.0], [0.4221, 278557.0], [0.4222, 171538.0], [0.4223, 163230.0], [0.4224, 239080.0], [0.4225, 175711.0], [0.4226, 182903.0], [0.4227, 84834.0], [0.4228, 153545.0], [0.4229, 188101.0], [0.423, 202182.0], [0.4231, 121455.0], [0.4232, 108815.0], [0.4233, 199266.0], [0.4234, 127267.0], [0.4235, 70706.0], [0.4236, 87702.0]], "timestamp": "2025-12-12T09:43:42.389689+00:00"}, {"symbol": "ADAUSDT", "bids": [[0.4213, 102048.0], [0.4212, 155435.0], [0.4211, 273579.0], [0.421, 181003.0], [0.4209, 272138.0], [0.4208, 196698.0], [0.4207, 363239.0], [0.4206, 240765.0], [0.4205, 90339.0], [0.4204, 105790.0], [0.4203, 155834.0], [0.4202, 155441.0], [0.4201, 371244.0], [0.42, 337357.0], [0.4199, 183249.0], [0.4198, 245431.0], [0.4197, 83341.0], [0.4196, 230542.0], [0.4195, 100108.0], [0.4194, 110105.0]], "asks": [[0.4214, 64998.0], [0.4215, 116420.0], [0.4216, 220981.0], [0.4217, 192131.0], [0.4218, 162163.0], [0.4219, 125244.0], [0.422, 265931.0], [0.4221, 221059.0], [0.4222, 289415.0], [0.4223, 181834.0], [0.4224, 154594.0], [0.4225, 164321.0], [0.4226, 142330.0], [0.4227, 206306.0], [0.4228, 88736.0], [0.4229, 142729.0], [0.423, 112835.0], [0.4231, 139552.0], [0.4232, 121417.0], [0.4233, 182562.0]], "timestamp": "2025-12-12T09:44:35.428763+00:00"}, {"symbol": "ADAUSDT", "bids": [[0.4214, 53996.0], [0.4213, 105152.0], [0.4212, 218474.0], [0.4211, 193152.0], [0.421, 161777.0], [0.4209, 247833.0], [0.4208, 248139.0], [0.4207, 206350.0], [0.4206, 176705.0], [0.4205, 119695.0], [0.4204, 96815.0], [0.4203, 216818.0], [0.4202, 151426.0], [0.4201, 347904.0], [0.42, 336766.0], [0.4199, 182483.0], [0.4198, 268478.0], [0.4197, 83341.0], [0.4196, 210113.0], [0.4195, 100296.0]], "asks": [[0.4215, 43190.0], [0.4216, 149894.0], [0.4217, 150273.0], [0.4218, 166437.0], [0.4219, 166979.0], [0.422, 294905.0], [0.4221, 196042.0], [0.4222, 270688.0], [0.4223, 196107.0], [0.4224, 149141.0], [0.4225, 157048.0], [0.4226, 169569.0], [0.4227, 83424.0], [0.4228, 134484.0], [0.4229, 223616.0], [0.423, 74907.0], [0.4231, 115970.0], [0.4232, 153750.0], [0.4233, 181236.0], [0.4234, 103329.0]], "timestamp": "2025-12-12T09:45:28.269312+00:00"}, {"symbol": "ADAUSDT", "bids": [[0.4212, 81785.0], [0.4211, 203145.0], [0.421, 282174.0], [0.4209, 244871.0], [0.4208, 166226.0], [0.4207, 366787.0], [0.4206, 188130.0], [0.4205, 102341.0], [0.4204, 112376.0], [0.4203, 245537.0], [0.4202, 131003.0], [0.4201, 348681.0], [0.42, 336248.0], [0.4199, 185749.0], [0.4198, 263127.0], [0.4197, 88808.0], [0.4196, 244177.0], [0.4195, 110417.0], [0.4194, 112968.0], [0.4193, 163966.0]], "asks": [[0.4213, 61836.0], [0.4214, 136632.0], [0.4215, 199617.0], [0.4216, 133435.0], [0.4217, 194782.0], [0.4218, 222662.0], [0.4219, 164068.0], [0.422, 231478.0], [0.4221, 253355.0], [0.4222, 183103.0], [0.4223, 164056.0], [0.4224, 154320.0], [0.4225, 156696.0], [0.4226, 153608.0], [0.4227, 185984.0], [0.4228, 90278.0], [0.4229, 112605.0], [0.423, 97363.0], [0.4231, 115956.0], [0.4232, 143106.0]], "timestamp": "2025-12-12T09:46:21.438649+00:00"}, {"symbol": "ADAUSDT", "bids": [[0.4218, 100486.0], [0.4217, 125345.0], [0.4216, 265767.0], [0.4215, 221752.0], [0.4214, 182991.0], [0.4213, 257076.0], [0.4212, 149078.0], [0.4211, 116885.0], [0.421, 163078.0], [0.4209, 223495.0], [0.4208, 142108.0], [0.4207, 180289.0], [0.4206, 354019.0], [0.4205, 75734.0], [0.4204, 135443.0], [0.4203, 247036.0], [0.4202, 154199.0], [0.4201, 223203.0], [0.42, 353191.0], [0.4199, 186090.0]], "asks": [[0.4219, 29320.0], [0.422, 175458.0], [0.4221, 131195.0], [0.4222, 164196.0], [0.4223, 115370.0], [0.4224, 273867.0], [0.4225, 210221.0], [0.4226, 182125.0], [0.4227, 146102.0], [0.4228, 143335.0], [0.4229, 141220.0], [0.423, 217484.0], [0.4231, 160028.0], [0.4232, 216687.0], [0.4233, 85214.0], [0.4234, 111217.0], [0.4235, 96170.0], [0.4236, 152814.0], [0.4237, 174102.0], [0.4238, 186457.0]], "timestamp": "2025-12-12T09:47:14.380822+00:00"}, {"symbol": "ADAUSDT", "bids": [[0.4221, 122823.0], [0.422, 546011.0], [0.4219, 484093.0], [0.4218, 181867.0], [0.4217, 176734.0], [0.4216, 244995.0], [0.4215, 219454.0], [0.4214, 170005.0], [0.4213, 296483.0], [0.4212, 108849.0], [0.4211, 75597.0], [0.421, 147700.0], [0.4209, 263768.0], [0.4208, 183233.0], [0.4207, 114942.0], [0.4206, 261758.0], [0.4205, 174608.0], [0.4204, 106284.0], [0.4203, 235818.0], [0.4202, 110399.0]], "asks": [[0.4222, 20062.0], [0.4223, 160869.0], [0.4224, 238391.0], [0.4225, 376833.0], [0.4226, 149803.0], [0.4227, 156627.0], [0.4228, 274791.0], [0.4229, 155370.0], [0.423, 284682.0], [0.4231, 196482.0], [0.4232, 110634.0], [0.4233, 153119.0], [0.4234, 248438.0], [0.4235, 133672.0], [0.4236, 98630.0], [0.4237, 193802.0], [0.4238, 138819.0], [0.4239, 179043.0], [0.424, 75985.0], [0.4241, 102001.0]], "timestamp": "2025-12-12T09:48:07.307197+00:00"}, {"symbol": "ADAUSDT", "bids": [[0.422, 46773.0], [0.4219, 112402.0], [0.4218, 230603.0], [0.4217, 173312.0], [0.4216, 213509.0], [0.4215, 228430.0], [0.4214, 269314.0], [0.4213, 177629.0], [0.4212, 107582.0], [0.4211, 127759.0], [0.421, 154486.0], [0.4209, 221792.0], [0.4208, 240724.0], [0.4207, 266291.0], [0.4206, 261795.0], [0.4205, 212176.0], [0.4204, 91894.0], [0.4203, 115467.0], [0.4202, 107996.0], [0.4201, 261624.0]], "asks": [[0.4221, 110348.0], [0.4222, 127785.0], [0.4223, 194243.0], [0.4224, 234459.0], [0.4225, 189776.0], [0.4226, 301019.0], [0.4227, 204532.0], [0.4228, 251948.0], [0.4229, 191707.0], [0.423, 220573.0], [0.4231, 164024.0], [0.4232, 96414.0], [0.4233, 77801.0], [0.4234, 145595.0], [0.4235, 291340.0], [0.4236, 98628.0], [0.4237, 175273.0], [0.4238, 148268.0], [0.4239, 178377.0], [0.424, 78981.0]], "timestamp": "2025-12-12T09:49:00.849854+00:00"}, {"symbol": "ADAUSDT", "bids": [[0.4228, 34597.0], [0.4227, 124246.0], [0.4226, 270559.0], [0.4225, 204168.0], [0.4224, 151429.0], [0.4223, 159153.0], [0.4222, 189233.0], [0.4221, 273446.0], [0.422, 195001.0], [0.4219, 160777.0], [0.4218, 375483.0], [0.4217, 74292.0], [0.4216, 121870.0], [0.4215, 86746.0], [0.4214, 233690.0], [0.4213, 106164.0], [0.4212, 112105.0], [0.4211, 115670.0], [0.421, 179103.0], [0.4209, 178930.0]], "asks": [[0.4229, 37301.0], [0.423, 259011.0], [0.4231, 149424.0], [0.4232, 153732.0], [0.4233, 167989.0], [0.4234, 321948.0], [0.4235, 169438.0], [0.4236, 222415.0], [0.4237, 190500.0], [0.4238, 185060.0], [0.4239, 258796.0], [0.424, 225452.0], [0.4241, 56828.0], [0.4242, 145475.0], [0.4243, 136295.0], [0.4244, 193423.0], [0.4245, 82016.0], [0.4246, 100487.0], [0.4247, 86813.0], [0.4248, 78199.0]], "timestamp": "2025-12-12T09:49:54.711531+00:00"}, {"symbol": "ADAUSDT", "bids": [[0.424, 68622.0], [0.4239, 112124.0], [0.4238, 238341.0], [0.4237, 172507.0], [0.4236, 210334.0], [0.4235, 175205.0], [0.4234, 157628.0], [0.4233, 183337.0], [0.4232, 134495.0], [0.4231, 84411.0], [0.423, 137021.0], [0.4229, 166752.0], [0.4228, 99420.0], [0.4227, 68671.0], [0.4226, 117444.0], [0.4225, 162249.0], [0.4224, 281799.0], [0.4223, 269852.0], [0.4222, 89918.0], [0.4221, 81309.0]], "asks": [[0.4241, 25638.0], [0.4242, 112040.0], [0.4243, 127423.0], [0.4244, 155430.0], [0.4245, 159209.0], [0.4246, 267819.0], [0.4247, 242841.0], [0.4248, 193130.0], [0.4249, 114645.0], [0.425, 152162.0], [0.4251, 172024.0], [0.4252, 86148.0], [0.4253, 164527.0], [0.4254, 213555.0], [0.4255, 146137.0], [0.4256, 148893.0], [0.4257, 99161.0], [0.4258, 106048.0], [0.4259, 210756.0], [0.426, 173354.0]], "timestamp": "2025-12-12T09:50:47.857653+00:00"}, {"symbol": "ADAUSDT", "bids": [[0.4247, 66101.0], [0.4246, 161757.0], [0.4245, 299681.0], [0.4244, 165550.0], [0.4243, 174436.0], [0.4242, 188169.0], [0.4241, 203797.0], [0.424, 240775.0], [0.4239, 144329.0], [0.4238, 189143.0], [0.4237, 179661.0], [0.4236, 467843.0], [0.4235, 162168.0], [0.4234, 144846.0], [0.4233, 93039.0], [0.4232, 91320.0], [0.4231, 74608.0], [0.423, 135945.0], [0.4229, 268740.0], [0.4228, 106549.0]], "asks": [[0.4248, 25742.0], [0.4249, 94503.0], [0.425, 136776.0], [0.4251, 107036.0], [0.4252, 204145.0], [0.4253, 200215.0], [0.4254, 146939.0], [0.4255, 167815.0], [0.4256, 120219.0], [0.4257, 191522.0], [0.4258, 172351.0], [0.4259, 269093.0], [0.426, 165889.0], [0.4261, 141461.0], [0.4262, 95838.0], [0.4263, 148398.0], [0.4264, 107079.0], [0.4265, 97971.0], [0.4266, 212257.0], [0.4267, 161581.0]], "timestamp": "2025-12-12T09:51:40.798752+00:00"}, {"symbol": "ADAUSDT", "bids": [[0.4239, 32143.0], [0.4238, 121979.0], [0.4237, 216076.0], [0.4236, 136255.0], [0.4235, 138555.0], [0.4234, 145545.0], [0.4233, 181762.0], [0.4232, 143891.0], [0.4231, 113940.0], [0.423, 260815.0], [0.4229, 104379.0], [0.4228, 97736.0], [0.4227, 66771.0], [0.4226, 138073.0], [0.4225, 195162.0], [0.4224, 191885.0], [0.4223, 255912.0], [0.4222, 120545.0], [0.4221, 101484.0], [0.422, 247738.0]], "asks": [[0.424, 21385.0], [0.4241, 100000.0], [0.4242, 208949.0], [0.4243, 163106.0], [0.4244, 200682.0], [0.4245, 304092.0], [0.4246, 177678.0], [0.4247, 204323.0], [0.4248, 140015.0], [0.4249, 110205.0], [0.425, 106069.0], [0.4251, 134335.0], [0.4252, 123290.0], [0.4253, 236229.0], [0.4254, 122265.0], [0.4255, 89496.0], [0.4256, 121925.0], [0.4257, 258992.0], [0.4258, 82120.0], [0.4259, 64388.0]], "timestamp": "2025-12-12T09:52:33.459846+00:00"}, {"symbol": "ADAUSDT", "bids": [[0.424, 50245.0], [0.4239, 206664.0], [0.4238, 221739.0], [0.4237, 153950.0], [0.4236, 121127.0], [0.4235, 112600.0], [0.4234, 163651.0], [0.4233, 156252.0], [0.4232, 127063.0], [0.4231, 110671.0], [0.423, 181197.0], [0.4229, 104399.0], [0.4228, 235203.0], [0.4227, 190748.0], [0.4226, 116994.0], [0.4225, 85183.0], [0.4224, 263164.0], [0.4223, 157160.0], [0.4222, 168697.0], [0.4221, 67230.0]], "asks": [[0.4241, 63493.0], [0.4242, 125969.0], [0.4243, 153622.0], [0.4244, 165845.0], [0.4245, 200765.0], [0.4246, 178416.0], [0.4247, 156729.0], [0.4248, 218513.0], [0.4249, 157970.0], [0.425, 187157.0], [0.4251, 114136.0], [0.4252, 80724.0], [0.4253, 115362.0], [0.4254, 235421.0], [0.4255, 79612.0], [0.4256, 127863.0], [0.4257, 199973.0], [0.4258, 86492.0], [0.4259, 76396.0], [0.426, 108680.0]], "timestamp": "2025-12-12T09:53:26.393103+00:00"}, {"symbol": "ADAUSDT", "bids": [[0.4238, 32550.0], [0.4237, 138711.0], [0.4236, 375636.0], [0.4235, 125918.0], [0.4234, 119290.0], [0.4233, 152497.0], [0.4232, 115571.0], [0.4231, 181972.0], [0.423, 160828.0], [0.4229, 95924.0], [0.4228, 248556.0], [0.4227, 83615.0], [0.4226, 172868.0], [0.4225, 231198.0], [0.4224, 263188.0], [0.4223, 185040.0], [0.4222, 203480.0], [0.4221, 82138.0], [0.422, 147498.0], [0.4219, 102145.0]], "asks": [[0.4239, 88672.0], [0.424, 141188.0], [0.4241, 221113.0], [0.4242, 141745.0], [0.4243, 217141.0], [0.4244, 232002.0], [0.4245, 144086.0], [0.4246, 183357.0], [0.4247, 215708.0], [0.4248, 139939.0], [0.4249, 125818.0], [0.425, 102520.0], [0.4251, 150804.0], [0.4252, 198577.0], [0.4253, 88858.0], [0.4254, 153750.0], [0.4255, 71048.0], [0.4256, 118357.0], [0.4257, 235370.0], [0.4258, 69887.0]], "timestamp": "2025-12-12T09:54:19.675746+00:00"}, {"symbol": "ADAUSDT", "bids": [[0.4245, 101356.0], [0.4244, 155024.0], [0.4243, 270395.0], [0.4242, 191043.0], [0.4241, 161930.0], [0.424, 185540.0], [0.4239, 352557.0], [0.4238, 139816.0], [0.4237, 106570.0], [0.4236, 114839.0], [0.4235, 122627.0], [0.4234, 268966.0], [0.4233, 97747.0], [0.4232, 95037.0], [0.4231, 112153.0], [0.423, 113762.0], [0.4229, 188826.0], [0.4228, 255464.0], [0.4227, 204202.0], [0.4226, 107944.0]], "asks": [[0.4246, 27559.0], [0.4247, 53718.0], [0.4248, 116475.0], [0.4249, 175424.0], [0.425, 114126.0], [0.4251, 163521.0], [0.4252, 179318.0], [0.4253, 284599.0], [0.4254, 170557.0], [0.4255, 94472.0], [0.4256, 162598.0], [0.4257, 264018.0], [0.4258, 68862.0], [0.4259, 177576.0], [0.426, 253771.0], [0.4261, 120362.0], [0.4262, 175370.0], [0.4263, 133800.0], [0.4264, 62811.0], [0.4265, 73274.0]], "timestamp": "2025-12-12T09:55:13.713550+00:00"}, {"symbol": "ADAUSDT", "bids": [[0.4249, 87177.0], [0.4248, 175672.0], [0.4247, 269123.0], [0.4246, 199549.0], [0.4245, 190982.0], [0.4244, 330170.0], [0.4243, 188220.0], [0.4242, 268811.0], [0.4241, 142463.0], [0.424, 206999.0], [0.4239, 122464.0], [0.4238, 121317.0], [0.4237, 207092.0], [0.4236, 107520.0], [0.4235, 112065.0], [0.4234, 103510.0], [0.4233, 230837.0], [0.4232, 199918.0], [0.4231, 107676.0], [0.423, 159175.0]], "asks": [[0.425, 26738.0], [0.4251, 149001.0], [0.4252, 165517.0], [0.4253, 121920.0], [0.4254, 176693.0], [0.4255, 219873.0], [0.4256, 206594.0], [0.4257, 174453.0], [0.4258, 135426.0], [0.4259, 161923.0], [0.426, 337463.0], [0.4261, 144359.0], [0.4262, 107351.0], [0.4263, 190759.0], [0.4264, 91932.0], [0.4265, 93708.0], [0.4266, 156747.0], [0.4267, 111830.0], [0.4268, 261962.0], [0.4269, 228238.0]], "timestamp": "2025-12-12T09:56:06.531546+00:00"}, {"symbol": "ADAUSDT", "bids": [[0.4251, 66075.0], [0.425, 116348.0], [0.4249, 157536.0], [0.4248, 213101.0], [0.4247, 196206.0], [0.4246, 161981.0], [0.4245, 225791.0], [0.4244, 345025.0], [0.4243, 221034.0], [0.4242, 172109.0], [0.4241, 80505.0], [0.424, 106313.0], [0.4239, 116485.0], [0.4238, 248142.0], [0.4237, 189945.0], [0.4236, 112532.0], [0.4235, 119931.0], [0.4234, 92399.0], [0.4233, 99073.0], [0.4232, 257813.0]], "asks": [[0.4252, 63667.0], [0.4253, 112823.0], [0.4254, 172678.0], [0.4255, 179172.0], [0.4256, 120182.0], [0.4257, 264940.0], [0.4258, 227272.0], [0.4259, 153387.0], [0.426, 255140.0], [0.4261, 163715.0], [0.4262, 157596.0], [0.4263, 177739.0], [0.4264, 225356.0], [0.4265, 101477.0], [0.4266, 177104.0], [0.4267, 80149.0], [0.4268, 179104.0], [0.4269, 161489.0], [0.427, 697324.0], [0.4271, 73803.0]], "timestamp": "2025-12-12T09:56:59.484079+00:00"}, {"symbol": "ADAUSDT", "bids": [[0.4257, 52026.0], [0.4256, 153913.0], [0.4255, 232516.0], [0.4254, 292577.0], [0.4253, 235172.0], [0.4252, 222742.0], [0.4251, 134258.0], [0.425, 264684.0], [0.4249, 319246.0], [0.4248, 172983.0], [0.4247, 161571.0], [0.4246, 116126.0], [0.4245, 122778.0], [0.4244, 246819.0], [0.4243, 99580.0], [0.4242, 115517.0], [0.4241, 137207.0], [0.424, 217480.0], [0.4239, 104699.0], [0.4238, 203438.0]], "asks": [[0.4258, 28412.0], [0.4259, 110345.0], [0.426, 226551.0], [0.4261, 174583.0], [0.4262, 94876.0], [0.4263, 204149.0], [0.4264, 275252.0], [0.4265, 99185.0], [0.4266, 140334.0], [0.4267, 168565.0], [0.4268, 190689.0], [0.4269, 191524.0], [0.427, 758310.0], [0.4271, 148673.0], [0.4272, 141964.0], [0.4273, 71567.0], [0.4274, 107315.0], [0.4275, 154748.0], [0.4276, 153903.0], [0.4277, 198570.0]], "timestamp": "2025-12-12T09:57:52.444115+00:00"}, {"symbol": "ADAUSDT", "bids": [[0.4259, 48850.0], [0.4258, 162226.0], [0.4257, 225995.0], [0.4256, 192010.0], [0.4255, 133166.0], [0.4254, 160627.0], [0.4253, 405458.0], [0.4252, 241445.0], [0.4251, 82539.0], [0.425, 106407.0], [0.4249, 111944.0], [0.4248, 198976.0], [0.4247, 273457.0], [0.4246, 229645.0], [0.4245, 108316.0], [0.4244, 213522.0], [0.4243, 111695.0], [0.4242, 109626.0], [0.4241, 59672.0], [0.424, 96940.0]], "asks": [[0.426, 30405.0], [0.4261, 115215.0], [0.4262, 165176.0], [0.4263, 261817.0], [0.4264, 117052.0], [0.4265, 122390.0], [0.4266, 276407.0], [0.4267, 275219.0], [0.4268, 168913.0], [0.4269, 218854.0], [0.427, 661744.0], [0.4271, 161164.0], [0.4272, 119965.0], [0.4273, 118462.0], [0.4274, 204733.0], [0.4275, 116080.0], [0.4276, 87886.0], [0.4277, 206055.0], [0.4278, 128699.0], [0.4279, 273893.0]], "timestamp": "2025-12-12T09:58:45.767198+00:00"}, {"symbol": "ADAUSDT", "bids": [[0.4263, 44928.0], [0.4262, 203269.0], [0.4261, 234589.0], [0.426, 191616.0], [0.4259, 155194.0], [0.4258, 297238.0], [0.4257, 137591.0], [0.4256, 179760.0], [0.4255, 105541.0], [0.4254, 128329.0], [0.4253, 174094.0], [0.4252, 252411.0], [0.4251, 90404.0], [0.425, 151424.0], [0.4249, 100739.0], [0.4248, 163189.0], [0.4247, 245676.0], [0.4246, 103397.0], [0.4245, 108997.0], [0.4244, 124703.0]], "asks": [[0.4264, 74034.0], [0.4265, 109199.0], [0.4266, 189083.0], [0.4267, 227836.0], [0.4268, 369280.0], [0.4269, 183546.0], [0.427, 744695.0], [0.4271, 259871.0], [0.4272, 197222.0], [0.4273, 110441.0], [0.4274, 182266.0], [0.4275, 91655.0], [0.4276, 92391.0], [0.4277, 274180.0], [0.4278, 81323.0], [0.4279, 246619.0], [0.428, 1053000.0], [0.4281, 106781.0], [0.4282, 129653.0], [0.4283, 91823.0]], "timestamp": "2025-12-12T09:59:38.807916+00:00"}, {"symbol": "ADAUSDT", "bids": [[0.4257, 60038.0], [0.4256, 176390.0], [0.4255, 246179.0], [0.4254, 146732.0], [0.4253, 149524.0], [0.4252, 302913.0], [0.4251, 121522.0], [0.425, 166809.0], [0.4249, 248313.0], [0.4248, 166301.0], [0.4247, 196359.0], [0.4246, 218819.0], [0.4245, 210904.0], [0.4244, 153383.0], [0.4243, 229823.0], [0.4242, 215874.0], [0.4241, 249186.0], [0.424, 149942.0], [0.4239, 109297.0], [0.4238, 187849.0]], "asks": [[0.4258, 41932.0], [0.4259, 108326.0], [0.426, 168795.0], [0.4261, 161760.0], [0.4262, 177188.0], [0.4263, 268460.0], [0.4264, 149944.0], [0.4265, 336467.0], [0.4266, 158807.0], [0.4267, 233323.0], [0.4268, 191994.0], [0.4269, 192684.0], [0.427, 619770.0], [0.4271, 151975.0], [0.4272, 216031.0], [0.4273, 54772.0], [0.4274, 124629.0], [0.4275, 44613.0], [0.4276, 92278.0], [0.4277, 133923.0]], "timestamp": "2025-12-12T10:00:31.755705+00:00"}, {"symbol": "ADAUSDT", "bids": [[0.4262, 82868.0], [0.4261, 157635.0], [0.426, 367478.0], [0.4259, 143827.0], [0.4258, 173370.0], [0.4257, 261781.0], [0.4256, 232673.0], [0.4255, 144790.0], [0.4254, 256519.0], [0.4253, 117852.0], [0.4252, 135859.0], [0.4251, 95842.0], [0.425, 143573.0], [0.4249, 239005.0], [0.4248, 173730.0], [0.4247, 223418.0], [0.4246, 149633.0], [0.4245, 172750.0], [0.4244, 139623.0], [0.4243, 130264.0]], "asks": [[0.4263, 68144.0], [0.4264, 102389.0], [0.4265, 122979.0], [0.4266, 219287.0], [0.4267, 125740.0], [0.4268, 164607.0], [0.4269, 284584.0], [0.427, 684943.0], [0.4271, 252164.0], [0.4272, 163236.0], [0.4273, 158911.0], [0.4274, 276367.0], [0.4275, 51282.0], [0.4276, 96614.0], [0.4277, 139509.0], [0.4278, 74107.0], [0.4279, 232505.0], [0.428, 1095096.0], [0.4281, 170017.0], [0.4282, 222321.0]], "timestamp": "2025-12-12T10:01:25.917150+00:00"}, {"symbol": "ADAUSDT", "bids": [[0.426, 26767.0], [0.4259, 51764.0], [0.4258, 267944.0], [0.4257, 191318.0], [0.4256, 157667.0], [0.4255, 235662.0], [0.4254, 328113.0], [0.4253, 114201.0], [0.4252, 172246.0], [0.4251, 156525.0], [0.425, 224085.0], [0.4249, 314183.0], [0.4248, 272773.0], [0.4247, 106324.0], [0.4246, 155664.0], [0.4245, 131384.0], [0.4244, 188071.0], [0.4243, 143519.0], [0.4242, 165911.0], [0.4241, 218612.0]], "asks": [[0.4261, 99759.0], [0.4262, 137644.0], [0.4263, 217870.0], [0.4264, 172873.0], [0.4265, 216958.0], [0.4266, 268153.0], [0.4267, 285757.0], [0.4268, 171376.0], [0.4269, 252116.0], [0.427, 627612.0], [0.4271, 125409.0], [0.4272, 156752.0], [0.4273, 91520.0], [0.4274, 246818.0], [0.4275, 62293.0], [0.4276, 94091.0], [0.4277, 121412.0], [0.4278, 48956.0], [0.4279, 225844.0], [0.428, 1113641.0]], "timestamp": "2025-12-12T10:02:18.553748+00:00"}, {"symbol": "ADAUSDT", "bids": [[0.4257, 54468.0], [0.4256, 105348.0], [0.4255, 350420.0], [0.4254, 158652.0], [0.4253, 128112.0], [0.4252, 258228.0], [0.4251, 252095.0], [0.425, 280050.0], [0.4249, 260867.0], [0.4248, 193470.0], [0.4247, 122831.0], [0.4246, 267189.0], [0.4245, 221643.0], [0.4244, 258696.0], [0.4243, 132964.0], [0.4242, 176292.0], [0.4241, 196259.0], [0.424, 116468.0], [0.4239, 127101.0], [0.4238, 259649.0]], "asks": [[0.4258, 88623.0], [0.4259, 125672.0], [0.426, 125134.0], [0.4261, 251137.0], [0.4262, 107117.0], [0.4263, 134959.0], [0.4264, 225744.0], [0.4265, 225630.0], [0.4266, 207590.0], [0.4267, 261737.0], [0.4268, 164887.0], [0.4269, 204124.0], [0.427, 577936.0], [0.4271, 207183.0], [0.4272, 154657.0], [0.4273, 87950.0], [0.4274, 179941.0], [0.4275, 80825.0], [0.4276, 62202.0], [0.4277, 136504.0]], "timestamp": "2025-12-12T10:03:12.007227+00:00"}, {"symbol": "ADAUSDT", "bids": [[0.4262, 84614.0], [0.4261, 216400.0], [0.426, 382644.0], [0.4259, 198846.0], [0.4258, 270412.0], [0.4257, 159307.0], [0.4256, 229320.0], [0.4255, 255679.0], [0.4254, 248294.0], [0.4253, 138143.0], [0.4252, 264841.0], [0.4251, 125375.0], [0.425, 204255.0], [0.4249, 326845.0], [0.4248, 156603.0], [0.4247, 101097.0], [0.4246, 192090.0], [0.4245, 159001.0], [0.4244, 106128.0], [0.4243, 143009.0]], "asks": [[0.4263, 75204.0], [0.4264, 98500.0], [0.4265, 151871.0], [0.4266, 212739.0], [0.4267, 192512.0], [0.4268, 286672.0], [0.4269, 262790.0], [0.427, 733486.0], [0.4271, 208053.0], [0.4272, 193427.0], [0.4273, 73331.0], [0.4274, 141497.0], [0.4275, 103373.0], [0.4276, 176914.0], [0.4277, 134965.0], [0.4278, 84006.0], [0.4279, 276177.0], [0.428, 1090183.0], [0.4281, 149123.0], [0.4282, 137017.0]], "timestamp": "2025-12-12T10:04:04.760767+00:00"}, {"symbol": "ADAUSDT", "bids": [[0.426, 2520.0], [0.4259, 102881.0], [0.4258, 196967.0], [0.4257, 203503.0], [0.4256, 176549.0], [0.4255, 147936.0], [0.4254, 217765.0], [0.4253, 171423.0], [0.4252, 211214.0], [0.4251, 271670.0], [0.425, 203157.0], [0.4249, 207732.0], [0.4248, 168787.0], [0.4247, 277308.0], [0.4246, 191483.0], [0.4245, 123124.0], [0.4244, 263181.0], [0.4243, 110787.0], [0.4242, 182553.0], [0.4241, 171504.0]], "asks": [[0.4261, 99952.0], [0.4262, 142711.0], [0.4263, 196440.0], [0.4264, 205641.0], [0.4265, 184392.0], [0.4266, 273918.0], [0.4267, 241253.0], [0.4268, 175794.0], [0.4269, 239234.0], [0.427, 630035.0], [0.4271, 140727.0], [0.4272, 152430.0], [0.4273, 182392.0], [0.4274, 157300.0], [0.4275, 98749.0], [0.4276, 68859.0], [0.4277, 139201.0], [0.4278, 68133.0], [0.4279, 252710.0], [0.428, 1099402.0]], "timestamp": "2025-12-12T10:04:58.414665+00:00"}, {"symbol": "ADAUSDT", "bids": [[0.4262, 74048.0], [0.4261, 176903.0], [0.426, 224201.0], [0.4259, 219314.0], [0.4258, 185695.0], [0.4257, 142707.0], [0.4256, 237694.0], [0.4255, 135540.0], [0.4254, 235551.0], [0.4253, 213944.0], [0.4252, 166862.0], [0.4251, 65285.0], [0.425, 195559.0], [0.4249, 211548.0], [0.4248, 233630.0], [0.4247, 261873.0], [0.4246, 189273.0], [0.4245, 110621.0], [0.4244, 171042.0], [0.4243, 113310.0]], "asks": [[0.4263, 51699.0], [0.4264, 108215.0], [0.4265, 152976.0], [0.4266, 185029.0], [0.4267, 291705.0], [0.4268, 234612.0], [0.4269, 235884.0], [0.427, 660236.0], [0.4271, 185591.0], [0.4272, 195610.0], [0.4273, 128216.0], [0.4274, 123870.0], [0.4275, 161318.0], [0.4276, 181076.0], [0.4277, 149797.0], [0.4278, 97448.0], [0.4279, 274813.0], [0.428, 1089257.0], [0.4281, 149109.0], [0.4282, 143760.0]], "timestamp": "2025-12-12T10:05:51.548848+00:00"}, {"symbol": "ADAUSDT", "bids": [[0.4264, 18989.0], [0.4263, 95611.0], [0.4262, 198672.0], [0.4261, 286765.0], [0.426, 199627.0], [0.4259, 150320.0], [0.4258, 214141.0], [0.4257, 199857.0], [0.4256, 368650.0], [0.4255, 102316.0], [0.4254, 130762.0], [0.4253, 114402.0], [0.4252, 240664.0], [0.4251, 89531.0], [0.425, 179962.0], [0.4249, 219688.0], [0.4248, 205112.0], [0.4247, 144990.0], [0.4246, 209260.0], [0.4245, 137089.0]], "asks": [[0.4265, 81224.0], [0.4266, 142351.0], [0.4267, 230899.0], [0.4268, 151438.0], [0.4269, 329503.0], [0.427, 697188.0], [0.4271, 201287.0], [0.4272, 281463.0], [0.4273, 118957.0], [0.4274, 108995.0], [0.4275, 151042.0], [0.4276, 184942.0], [0.4277, 151437.0], [0.4278, 107052.0], [0.4279, 276179.0], [0.428, 1062636.0], [0.4281, 149095.0], [0.4282, 133341.0], [0.4283, 75482.0], [0.4284, 77483.0]], "timestamp": "2025-12-12T10:06:44.393246+00:00"}, {"symbol": "ADAUSDT", "bids": [[0.4265, 37447.0], [0.4264, 122869.0], [0.4263, 235221.0], [0.4262, 194921.0], [0.4261, 213259.0], [0.426, 202246.0], [0.4259, 158565.0], [0.4258, 334383.0], [0.4257, 129359.0], [0.4256, 269817.0], [0.4255, 101397.0], [0.4254, 150084.0], [0.4253, 211735.0], [0.4252, 269926.0], [0.4251, 122329.0], [0.425, 125769.0], [0.4249, 168536.0], [0.4248, 244384.0], [0.4247, 93111.0], [0.4246, 142758.0]], "asks": [[0.4266, 47060.0], [0.4267, 158877.0], [0.4268, 176591.0], [0.4269, 224486.0], [0.427, 719296.0], [0.4271, 160341.0], [0.4272, 241532.0], [0.4273, 235949.0], [0.4274, 203211.0], [0.4275, 176991.0], [0.4276, 75225.0], [0.4277, 120256.0], [0.4278, 74748.0], [0.4279, 368816.0], [0.428, 1063078.0], [0.4281, 150146.0], [0.4282, 155626.0], [0.4283, 116573.0], [0.4284, 93782.0], [0.4285, 97146.0]], "timestamp": "2025-12-12T10:07:37.636576+00:00"}, {"symbol": "ADAUSDT", "bids": [[0.4265, 93931.0], [0.4264, 183602.0], [0.4263, 260459.0], [0.4262, 183553.0], [0.4261, 192354.0], [0.426, 335270.0], [0.4259, 226720.0], [0.4258, 201292.0], [0.4257, 112816.0], [0.4256, 266152.0], [0.4255, 104759.0], [0.4254, 106020.0], [0.4253, 103751.0], [0.4252, 277954.0], [0.4251, 242519.0], [0.425, 167604.0], [0.4249, 212870.0], [0.4248, 204452.0], [0.4247, 96468.0], [0.4246, 119214.0]], "asks": [[0.4266, 7988.0], [0.4267, 120873.0], [0.4268, 170386.0], [0.4269, 231097.0], [0.427, 622560.0], [0.4271, 131738.0], [0.4272, 207036.0], [0.4273, 335494.0], [0.4274, 178111.0], [0.4275, 173574.0], [0.4276, 145841.0], [0.4277, 120371.0], [0.4278, 89132.0], [0.4279, 368816.0], [0.428, 1093260.0], [0.4281, 150229.0], [0.4282, 155640.0], [0.4283, 104813.0], [0.4284, 93768.0], [0.4285, 91281.0]], "timestamp": "2025-12-12T10:08:30.886069+00:00"}, {"symbol": "ADAUSDT", "bids": [[0.4266, 46101.0], [0.4265, 82316.0], [0.4264, 225501.0], [0.4263, 217501.0], [0.4262, 170370.0], [0.4261, 202887.0], [0.426, 275917.0], [0.4259, 219241.0], [0.4258, 181152.0], [0.4257, 113237.0], [0.4256, 266634.0], [0.4255, 96954.0], [0.4254, 141864.0], [0.4253, 231818.0], [0.4252, 292660.0], [0.4251, 130018.0], [0.425, 120411.0], [0.4249, 208552.0], [0.4248, 202659.0], [0.4247, 96468.0]], "asks": [[0.4267, 63211.0], [0.4268, 128686.0], [0.4269, 242918.0], [0.427, 672127.0], [0.4271, 128283.0], [0.4272, 201768.0], [0.4273, 249134.0], [0.4274, 316855.0], [0.4275, 183524.0], [0.4276, 107837.0], [0.4277, 124098.0], [0.4278, 91188.0], [0.4279, 433451.0], [0.428, 1085586.0], [0.4281, 85683.0], [0.4282, 161739.0], [0.4283, 104813.0], [0.4284, 93780.0], [0.4285, 91281.0], [0.4286, 101249.0]], "timestamp": "2025-12-12T10:09:24.340213+00:00"}, {"symbol": "ADAUSDT", "bids": [[0.4268, 78209.0], [0.4267, 132238.0], [0.4266, 202023.0], [0.4265, 173037.0], [0.4264, 176542.0], [0.4263, 254728.0], [0.4262, 176359.0], [0.4261, 224883.0], [0.426, 266210.0], [0.4259, 268609.0], [0.4258, 183736.0], [0.4257, 111373.0], [0.4256, 212578.0], [0.4255, 80256.0], [0.4254, 118966.0], [0.4253, 293892.0], [0.4252, 232339.0], [0.4251, 58900.0], [0.425, 187878.0], [0.4249, 133620.0]], "asks": [[0.4269, 29871.0], [0.427, 623533.0], [0.4271, 166046.0], [0.4272, 147688.0], [0.4273, 194121.0], [0.4274, 296396.0], [0.4275, 122935.0], [0.4276, 239653.0], [0.4277, 134254.0], [0.4278, 138616.0], [0.4279, 271174.0], [0.428, 1097490.0], [0.4281, 213436.0], [0.4282, 157399.0], [0.4283, 104120.0], [0.4284, 167793.0], [0.4285, 81033.0], [0.4286, 129310.0], [0.4287, 158683.0], [0.4288, 85155.0]], "timestamp": "2025-12-12T10:10:17.045068+00:00"}, {"symbol": "ADAUSDT", "bids": [[0.4267, 44354.0], [0.4266, 115549.0], [0.4265, 205454.0], [0.4264, 186419.0], [0.4263, 178183.0], [0.4262, 161482.0], [0.4261, 341660.0], [0.426, 267076.0], [0.4259, 252701.0], [0.4258, 184000.0], [0.4257, 127801.0], [0.4256, 231043.0], [0.4255, 200821.0], [0.4254, 165759.0], [0.4253, 179000.0], [0.4252, 256049.0], [0.4251, 136082.0], [0.425, 161556.0], [0.4249, 129279.0], [0.4248, 184937.0]], "asks": [[0.4268, 82753.0], [0.4269, 212097.0], [0.427, 669229.0], [0.4271, 146009.0], [0.4272, 124640.0], [0.4273, 163307.0], [0.4274, 208197.0], [0.4275, 288712.0], [0.4276, 131575.0], [0.4277, 299749.0], [0.4278, 108986.0], [0.4279, 258909.0], [0.428, 1137722.0], [0.4281, 80877.0], [0.4282, 112788.0], [0.4283, 224730.0], [0.4284, 220873.0], [0.4285, 82311.0], [0.4286, 108392.0], [0.4287, 173681.0]], "timestamp": "2025-12-12T10:11:10.017329+00:00"}, {"symbol": "ADAUSDT", "bids": [[0.4264, 125682.0], [0.4263, 145131.0], [0.4262, 267812.0], [0.4261, 174314.0], [0.426, 142151.0], [0.4259, 147774.0], [0.4258, 160978.0], [0.4257, 236969.0], [0.4256, 121113.0], [0.4255, 144480.0], [0.4254, 201824.0], [0.4253, 166889.0], [0.4252, 331219.0], [0.4251, 86620.0], [0.425, 116496.0], [0.4249, 176953.0], [0.4248, 277766.0], [0.4247, 85529.0], [0.4246, 124081.0], [0.4245, 87216.0]], "asks": [[0.4265, 32547.0], [0.4266, 129639.0], [0.4267, 227106.0], [0.4268, 211624.0], [0.4269, 225704.0], [0.427, 219005.0], [0.4271, 273027.0], [0.4272, 137215.0], [0.4273, 269086.0], [0.4274, 147476.0], [0.4275, 100728.0], [0.4276, 135952.0], [0.4277, 274695.0], [0.4278, 81853.0], [0.4279, 239825.0], [0.428, 1095289.0], [0.4281, 85038.0], [0.4282, 105103.0], [0.4283, 141054.0], [0.4284, 145464.0]], "timestamp": "2025-12-12T10:12:03.014423+00:00"}, {"symbol": "ADAUSDT", "bids": [[0.4265, 135268.0], [0.4264, 128009.0], [0.4263, 259165.0], [0.4262, 196592.0], [0.4261, 156262.0], [0.426, 181144.0], [0.4259, 224180.0], [0.4258, 161823.0], [0.4257, 172743.0], [0.4256, 124621.0], [0.4255, 131819.0], [0.4254, 181748.0], [0.4253, 150495.0], [0.4252, 339568.0], [0.4251, 102914.0], [0.425, 232351.0], [0.4249, 177092.0], [0.4248, 213363.0], [0.4247, 166696.0], [0.4246, 122903.0]], "asks": [[0.4266, 34134.0], [0.4267, 196827.0], [0.4268, 212392.0], [0.4269, 246495.0], [0.427, 215820.0], [0.4271, 274967.0], [0.4272, 217943.0], [0.4273, 154577.0], [0.4274, 139568.0], [0.4275, 161683.0], [0.4276, 197574.0], [0.4277, 321272.0], [0.4278, 65577.0], [0.4279, 224467.0], [0.428, 1102972.0], [0.4281, 98182.0], [0.4282, 143450.0], [0.4283, 157645.0], [0.4284, 103391.0], [0.4285, 87526.0]], "timestamp": "2025-12-12T10:12:56.001666+00:00"}, {"symbol": "ADAUSDT", "bids": [[0.4267, 55869.0], [0.4266, 95650.0], [0.4265, 198059.0], [0.4264, 307477.0], [0.4263, 251421.0], [0.4262, 511229.0], [0.4261, 226618.0], [0.426, 130948.0], [0.4259, 151309.0], [0.4258, 109354.0], [0.4257, 94284.0], [0.4256, 125498.0], [0.4255, 241417.0], [0.4254, 249254.0], [0.4253, 148796.0], [0.4252, 251731.0], [0.4251, 71984.0], [0.425, 91367.0], [0.4249, 169434.0], [0.4248, 187787.0]], "asks": [[0.4268, 213735.0], [0.4269, 96327.0], [0.427, 236854.0], [0.4271, 174362.0], [0.4272, 126091.0], [0.4273, 169529.0], [0.4274, 284487.0], [0.4275, 255096.0], [0.4276, 192731.0], [0.4277, 217373.0], [0.4278, 96756.0], [0.4279, 326361.0], [0.428, 1106425.0], [0.4281, 99948.0], [0.4282, 127463.0], [0.4283, 138767.0], [0.4284, 104357.0], [0.4285, 79441.0], [0.4286, 108465.0], [0.4287, 109323.0]], "timestamp": "2025-12-12T10:13:49.147946+00:00"}, {"symbol": "ADAUSDT", "bids": [[0.4268, 57823.0], [0.4267, 156535.0], [0.4266, 251598.0], [0.4265, 227152.0], [0.4264, 501866.0], [0.4263, 202481.0], [0.4262, 225735.0], [0.4261, 125522.0], [0.426, 145220.0], [0.4259, 203884.0], [0.4258, 227528.0], [0.4257, 98290.0], [0.4256, 208610.0], [0.4255, 128564.0], [0.4254, 190502.0], [0.4253, 81608.0], [0.4252, 224902.0], [0.4251, 90746.0], [0.425, 92024.0], [0.4249, 174412.0]], "asks": [[0.4269, 51398.0], [0.427, 244217.0], [0.4271, 194286.0], [0.4272, 206394.0], [0.4273, 157659.0], [0.4274, 195532.0], [0.4275, 231572.0], [0.4276, 208709.0], [0.4277, 288884.0], [0.4278, 135558.0], [0.4279, 244907.0], [0.428, 1085566.0], [0.4281, 120287.0], [0.4282, 126859.0], [0.4283, 239430.0], [0.4284, 120074.0], [0.4285, 107698.0], [0.4286, 114375.0], [0.4287, 109321.0], [0.4288, 82523.0]], "timestamp": "2025-12-12T10:14:43.113240+00:00"}, {"symbol": "ADAUSDT", "bids": [[0.4267, 67805.0], [0.4266, 429240.0], [0.4265, 237938.0], [0.4264, 237614.0], [0.4263, 209805.0], [0.4262, 211959.0], [0.4261, 164173.0], [0.426, 270700.0], [0.4259, 183738.0], [0.4258, 111852.0], [0.4257, 142222.0], [0.4256, 237638.0], [0.4255, 77809.0], [0.4254, 191446.0], [0.4253, 97132.0], [0.4252, 153262.0], [0.4251, 89855.0], [0.425, 121933.0], [0.4249, 164580.0], [0.4248, 150922.0]], "asks": [[0.4268, 85296.0], [0.4269, 152338.0], [0.427, 236031.0], [0.4271, 229807.0], [0.4272, 367182.0], [0.4273, 177809.0], [0.4274, 124675.0], [0.4275, 156726.0], [0.4276, 230200.0], [0.4277, 355980.0], [0.4278, 190710.0], [0.4279, 238007.0], [0.428, 1061673.0], [0.4281, 121118.0], [0.4282, 94083.0], [0.4283, 239401.0], [0.4284, 120102.0], [0.4285, 101168.0], [0.4286, 118959.0], [0.4287, 91760.0]], "timestamp": "2025-12-12T10:15:36.063395+00:00"}, {"symbol": "ADAUSDT", "bids": [[0.4268, 83218.0], [0.4267, 124287.0], [0.4266, 250957.0], [0.4265, 294951.0], [0.4264, 389982.0], [0.4263, 196992.0], [0.4262, 235759.0], [0.4261, 216294.0], [0.426, 109304.0], [0.4259, 124840.0], [0.4258, 100619.0], [0.4257, 109462.0], [0.4256, 153323.0], [0.4255, 242290.0], [0.4254, 229479.0], [0.4253, 124837.0], [0.4252, 154386.0], [0.4251, 185945.0], [0.425, 131230.0], [0.4249, 155881.0]], "asks": [[0.4269, 56490.0], [0.427, 209481.0], [0.4271, 282393.0], [0.4272, 187322.0], [0.4273, 152408.0], [0.4274, 184393.0], [0.4275, 386087.0], [0.4276, 218044.0], [0.4277, 221590.0], [0.4278, 139955.0], [0.4279, 270515.0], [0.428, 1105397.0], [0.4281, 229798.0], [0.4282, 96519.0], [0.4283, 150470.0], [0.4284, 97062.0], [0.4285, 56744.0], [0.4286, 86996.0], [0.4287, 115750.0], [0.4288, 79742.0]], "timestamp": "2025-12-12T10:16:28.996634+00:00"}, {"symbol": "ADAUSDT", "bids": [[0.4267, 23657.0], [0.4266, 127043.0], [0.4265, 207388.0], [0.4264, 304929.0], [0.4263, 197866.0], [0.4262, 139522.0], [0.4261, 140219.0], [0.426, 328075.0], [0.4259, 115863.0], [0.4258, 110940.0], [0.4257, 91037.0], [0.4256, 110720.0], [0.4255, 107065.0], [0.4254, 206400.0], [0.4253, 106555.0], [0.4252, 377671.0], [0.4251, 101144.0], [0.425, 119533.0], [0.4249, 176035.0], [0.4248, 153018.0]], "asks": [[0.4268, 63440.0], [0.4269, 195876.0], [0.427, 234255.0], [0.4271, 206393.0], [0.4272, 190525.0], [0.4273, 254918.0], [0.4274, 276390.0], [0.4275, 241114.0], [0.4276, 203204.0], [0.4277, 176054.0], [0.4278, 137012.0], [0.4279, 207714.0], [0.428, 1098673.0], [0.4281, 234751.0], [0.4282, 97132.0], [0.4283, 149759.0], [0.4284, 90258.0], [0.4285, 56730.0], [0.4286, 86528.0], [0.4287, 115750.0]], "timestamp": "2025-12-12T10:17:22.142927+00:00"}, {"symbol": "ADAUSDT", "bids": [[0.4265, 10594.0], [0.4264, 95688.0], [0.4263, 210922.0], [0.4262, 234629.0], [0.4261, 548101.0], [0.426, 170304.0], [0.4259, 101747.0], [0.4258, 105980.0], [0.4257, 200346.0], [0.4256, 195080.0], [0.4255, 121286.0], [0.4254, 110308.0], [0.4253, 70420.0], [0.4252, 166525.0], [0.4251, 290390.0], [0.425, 265063.0], [0.4249, 124519.0], [0.4248, 108574.0], [0.4247, 164777.0], [0.4246, 109070.0]], "asks": [[0.4266, 111686.0], [0.4267, 394919.0], [0.4268, 232018.0], [0.4269, 160383.0], [0.427, 256616.0], [0.4271, 366154.0], [0.4272, 181180.0], [0.4273, 153210.0], [0.4274, 182520.0], [0.4275, 173701.0], [0.4276, 164326.0], [0.4277, 131474.0], [0.4278, 198332.0], [0.4279, 288697.0], [0.428, 1145037.0], [0.4281, 92875.0], [0.4282, 161776.0], [0.4283, 129056.0], [0.4284, 83618.0], [0.4285, 85724.0]], "timestamp": "2025-12-12T10:18:15.698313+00:00"}, {"symbol": "ADAUSDT", "bids": [[0.4264, 83965.0], [0.4263, 156190.0], [0.4262, 257928.0], [0.4261, 421028.0], [0.426, 180577.0], [0.4259, 110905.0], [0.4258, 226121.0], [0.4257, 166997.0], [0.4256, 105067.0], [0.4255, 127911.0], [0.4254, 182717.0], [0.4253, 153468.0], [0.4252, 239142.0], [0.4251, 216496.0], [0.425, 152557.0], [0.4249, 119155.0], [0.4248, 116963.0], [0.4247, 171099.0], [0.4246, 109126.0], [0.4245, 139862.0]], "asks": [[0.4265, 31828.0], [0.4266, 108461.0], [0.4267, 409186.0], [0.4268, 194791.0], [0.4269, 195774.0], [0.427, 268936.0], [0.4271, 368255.0], [0.4272, 175015.0], [0.4273, 150145.0], [0.4274, 182474.0], [0.4275, 176482.0], [0.4276, 174092.0], [0.4277, 155082.0], [0.4278, 192204.0], [0.4279, 237375.0], [0.428, 1119980.0], [0.4281, 92875.0], [0.4282, 186170.0], [0.4283, 129258.0], [0.4284, 83618.0]], "timestamp": "2025-12-12T10:19:08.947085+00:00"}, {"symbol": "ADAUSDT", "bids": [[0.4263, 30317.0], [0.4262, 107053.0], [0.4261, 195904.0], [0.426, 564495.0], [0.4259, 111553.0], [0.4258, 148538.0], [0.4257, 90704.0], [0.4256, 256186.0], [0.4255, 123191.0], [0.4254, 158123.0], [0.4253, 171701.0], [0.4252, 81472.0], [0.4251, 130108.0], [0.425, 251687.0], [0.4249, 143275.0], [0.4248, 156581.0], [0.4247, 307561.0], [0.4246, 117991.0], [0.4245, 96136.0], [0.4244, 149782.0]], "asks": [[0.4264, 76551.0], [0.4265, 155829.0], [0.4266, 419624.0], [0.4267, 237759.0], [0.4268, 157406.0], [0.4269, 295871.0], [0.427, 264831.0], [0.4271, 245715.0], [0.4272, 159356.0], [0.4273, 127671.0], [0.4274, 169401.0], [0.4275, 109517.0], [0.4276, 126024.0], [0.4277, 159913.0], [0.4278, 204545.0], [0.4279, 237296.0], [0.428, 1104068.0], [0.4281, 82644.0], [0.4282, 162816.0], [0.4283, 155119.0]], "timestamp": "2025-12-12T10:20:02.402813+00:00"}, {"symbol": "ADAUSDT", "bids": [[0.4259, 92539.0], [0.4258, 113338.0], [0.4257, 172826.0], [0.4256, 204127.0], [0.4255, 140679.0], [0.4254, 210892.0], [0.4253, 211078.0], [0.4252, 215504.0], [0.4251, 177345.0], [0.425, 101761.0], [0.4249, 118124.0], [0.4248, 146427.0], [0.4247, 394081.0], [0.4246, 83391.0], [0.4245, 91578.0], [0.4244, 201606.0], [0.4243, 140986.0], [0.4242, 220800.0], [0.4241, 186559.0], [0.424, 247569.0]], "asks": [[0.426, 63186.0], [0.4261, 128779.0], [0.4262, 220373.0], [0.4263, 162151.0], [0.4264, 153764.0], [0.4265, 247907.0], [0.4266, 413212.0], [0.4267, 200365.0], [0.4268, 235308.0], [0.4269, 108910.0], [0.427, 117170.0], [0.4271, 167620.0], [0.4272, 163160.0], [0.4273, 92885.0], [0.4274, 157863.0], [0.4275, 103079.0], [0.4276, 121037.0], [0.4277, 78328.0], [0.4278, 96184.0], [0.4279, 238101.0]], "timestamp": "2025-12-12T10:20:55.776342+00:00"}, {"symbol": "ADAUSDT", "bids": [[0.4261, 103595.0], [0.426, 198263.0], [0.4259, 153346.0], [0.4258, 165048.0], [0.4257, 203253.0], [0.4256, 274558.0], [0.4255, 87654.0], [0.4254, 130595.0], [0.4253, 162119.0], [0.4252, 192492.0], [0.4251, 161546.0], [0.425, 201436.0], [0.4249, 148168.0], [0.4248, 285869.0], [0.4247, 253737.0], [0.4246, 100074.0], [0.4245, 111684.0], [0.4244, 158638.0], [0.4243, 158095.0], [0.4242, 201288.0]], "asks": [[0.4262, 22881.0], [0.4263, 109511.0], [0.4264, 243804.0], [0.4265, 166090.0], [0.4266, 154602.0], [0.4267, 283497.0], [0.4268, 197720.0], [0.4269, 169273.0], [0.427, 202746.0], [0.4271, 138845.0], [0.4272, 142378.0], [0.4273, 79175.0], [0.4274, 110122.0], [0.4275, 86979.0], [0.4276, 226722.0], [0.4277, 93132.0], [0.4278, 165149.0], [0.4279, 245852.0], [0.428, 1108111.0], [0.4281, 76080.0]], "timestamp": "2025-12-12T10:21:48.817725+00:00"}, {"symbol": "ADAUSDT", "bids": [[0.4265, 64868.0], [0.4264, 109001.0], [0.4263, 227606.0], [0.4262, 300761.0], [0.4261, 167824.0], [0.426, 193979.0], [0.4259, 378830.0], [0.4258, 239046.0], [0.4257, 131633.0], [0.4256, 222293.0], [0.4255, 104563.0], [0.4254, 90346.0], [0.4253, 78230.0], [0.4252, 263738.0], [0.4251, 130032.0], [0.425, 112594.0], [0.4249, 165777.0], [0.4248, 231653.0], [0.4247, 247859.0], [0.4246, 80589.0]], "asks": [[0.4266, 59511.0], [0.4267, 176182.0], [0.4268, 174082.0], [0.4269, 161030.0], [0.427, 185696.0], [0.4271, 277557.0], [0.4272, 214109.0], [0.4273, 174860.0], [0.4274, 157810.0], [0.4275, 91397.0], [0.4276, 116580.0], [0.4277, 91600.0], [0.4278, 149087.0], [0.4279, 376182.0], [0.428, 1109779.0], [0.4281, 106260.0], [0.4282, 166976.0], [0.4283, 154908.0], [0.4284, 73997.0], [0.4285, 90396.0]], "timestamp": "2025-12-12T10:22:42.248837+00:00"}, {"symbol": "ADAUSDT", "bids": [[0.4266, 111627.0], [0.4265, 139670.0], [0.4264, 198308.0], [0.4263, 268971.0], [0.4262, 332512.0], [0.4261, 150719.0], [0.426, 154688.0], [0.4259, 152333.0], [0.4258, 238580.0], [0.4257, 130862.0], [0.4256, 138207.0], [0.4255, 88893.0], [0.4254, 104315.0], [0.4253, 154105.0], [0.4252, 293367.0], [0.4251, 250369.0], [0.425, 77834.0], [0.4249, 177518.0], [0.4248, 192138.0], [0.4247, 71369.0]], "asks": [[0.4267, 52303.0], [0.4268, 89660.0], [0.4269, 250691.0], [0.427, 123609.0], [0.4271, 259180.0], [0.4272, 297652.0], [0.4273, 184421.0], [0.4274, 163927.0], [0.4275, 110410.0], [0.4276, 129660.0], [0.4277, 99474.0], [0.4278, 144118.0], [0.4279, 334464.0], [0.428, 1080043.0], [0.4281, 89163.0], [0.4282, 190286.0], [0.4283, 145599.0], [0.4284, 89993.0], [0.4285, 94164.0], [0.4286, 214898.0]], "timestamp": "2025-12-12T10:23:35.710092+00:00"}, {"symbol": "ADAUSDT", "bids": [[0.4265, 38763.0], [0.4264, 414248.0], [0.4263, 261656.0], [0.4262, 242455.0], [0.4261, 133900.0], [0.426, 139917.0], [0.4259, 123065.0], [0.4258, 333125.0], [0.4257, 115331.0], [0.4256, 124772.0], [0.4255, 72556.0], [0.4254, 138000.0], [0.4253, 246044.0], [0.4252, 180856.0], [0.4251, 216044.0], [0.425, 131851.0], [0.4249, 191537.0], [0.4248, 192082.0], [0.4247, 99610.0], [0.4246, 107586.0]], "asks": [[0.4266, 103411.0], [0.4267, 137113.0], [0.4268, 183448.0], [0.4269, 207595.0], [0.427, 124239.0], [0.4271, 261350.0], [0.4272, 283699.0], [0.4273, 190519.0], [0.4274, 155363.0], [0.4275, 113583.0], [0.4276, 91148.0], [0.4277, 101661.0], [0.4278, 129717.0], [0.4279, 332015.0], [0.428, 1079774.0], [0.4281, 93450.0], [0.4282, 184090.0], [0.4283, 132261.0], [0.4284, 90001.0], [0.4285, 100562.0]], "timestamp": "2025-12-12T10:24:28.951381+00:00"}, {"symbol": "ADAUSDT", "bids": [[0.4266, 47379.0], [0.4265, 110065.0], [0.4264, 238879.0], [0.4263, 306730.0], [0.4262, 261559.0], [0.4261, 142095.0], [0.426, 149909.0], [0.4259, 258571.0], [0.4258, 215577.0], [0.4257, 133866.0], [0.4256, 142221.0], [0.4255, 72381.0], [0.4254, 133820.0], [0.4253, 245669.0], [0.4252, 180800.0], [0.4251, 211062.0], [0.425, 127370.0], [0.4249, 191537.0], [0.4248, 203183.0], [0.4247, 173613.0]], "asks": [[0.4267, 72516.0], [0.4268, 140000.0], [0.4269, 239917.0], [0.427, 122922.0], [0.4271, 176135.0], [0.4272, 246740.0], [0.4273, 206257.0], [0.4274, 245502.0], [0.4275, 91632.0], [0.4276, 91162.0], [0.4277, 127847.0], [0.4278, 152219.0], [0.4279, 334464.0], [0.428, 1080104.0], [0.4281, 93450.0], [0.4282, 184090.0], [0.4283, 132261.0], [0.4284, 113358.0], [0.4285, 94164.0], [0.4286, 168227.0]], "timestamp": "2025-12-12T10:25:23.068304+00:00"}, {"symbol": "ADAUSDT", "bids": [[0.4266, 68058.0], [0.4265, 100880.0], [0.4264, 236297.0], [0.4263, 279378.0], [0.4262, 256267.0], [0.4261, 142095.0], [0.426, 175168.0], [0.4259, 311252.0], [0.4258, 147435.0], [0.4257, 121864.0], [0.4256, 136641.0], [0.4255, 70302.0], [0.4254, 133820.0], [0.4253, 252767.0], [0.4252, 223006.0], [0.4251, 270650.0], [0.425, 65618.0], [0.4249, 133052.0], [0.4248, 203253.0], [0.4247, 173597.0]], "asks": [[0.4267, 76001.0], [0.4268, 140250.0], [0.4269, 236750.0], [0.427, 134409.0], [0.4271, 138574.0], [0.4272, 229256.0], [0.4273, 307442.0], [0.4274, 210066.0], [0.4275, 91407.0], [0.4276, 79956.0], [0.4277, 127847.0], [0.4278, 133454.0], [0.4279, 221971.0], [0.428, 1192550.0], [0.4281, 93450.0], [0.4282, 154090.0], [0.4283, 132261.0], [0.4284, 113342.0], [0.4285, 94164.0], [0.4286, 168227.0]], "timestamp": "2025-12-12T10:26:16.694064+00:00"}, {"symbol": "ADAUSDT", "bids": [[0.4265, 101362.0], [0.4264, 217110.0], [0.4263, 270777.0], [0.4262, 279111.0], [0.4261, 133680.0], [0.426, 161646.0], [0.4259, 225399.0], [0.4258, 246968.0], [0.4257, 103641.0], [0.4256, 115672.0], [0.4255, 79108.0], [0.4254, 130396.0], [0.4253, 184513.0], [0.4252, 302627.0], [0.4251, 263623.0], [0.425, 66250.0], [0.4249, 130988.0], [0.4248, 231309.0], [0.4247, 193779.0], [0.4246, 84083.0]], "asks": [[0.4266, 72866.0], [0.4267, 99539.0], [0.4268, 188427.0], [0.4269, 206397.0], [0.427, 130677.0], [0.4271, 136041.0], [0.4272, 302351.0], [0.4273, 269675.0], [0.4274, 193395.0], [0.4275, 118415.0], [0.4276, 65153.0], [0.4277, 76078.0], [0.4278, 121261.0], [0.4279, 215336.0], [0.428, 1192220.0], [0.4281, 90963.0], [0.4282, 153472.0], [0.4283, 176376.0], [0.4284, 113601.0], [0.4285, 87137.0]], "timestamp": "2025-12-12T10:27:10.368654+00:00"}, {"symbol": "ADAUSDT", "bids": [[0.4266, 61023.0], [0.4265, 111967.0], [0.4264, 242248.0], [0.4263, 236208.0], [0.4262, 255634.0], [0.4261, 168544.0], [0.426, 158466.0], [0.4259, 307026.0], [0.4258, 159914.0], [0.4257, 110284.0], [0.4256, 104576.0], [0.4255, 81418.0], [0.4254, 158295.0], [0.4253, 229206.0], [0.4252, 182624.0], [0.4251, 258214.0], [0.425, 59218.0], [0.4249, 130519.0], [0.4248, 233690.0], [0.4247, 190448.0]], "asks": [[0.4267, 95801.0], [0.4268, 151840.0], [0.4269, 246593.0], [0.427, 121445.0], [0.4271, 110129.0], [0.4272, 268930.0], [0.4273, 297702.0], [0.4274, 245455.0], [0.4275, 149256.0], [0.4276, 70347.0], [0.4277, 86371.0], [0.4278, 125286.0], [0.4279, 220255.0], [0.428, 1205928.0], [0.4281, 84122.0], [0.4282, 123944.0], [0.4283, 183197.0], [0.4284, 120013.0], [0.4285, 87137.0], [0.4286, 159400.0]], "timestamp": "2025-12-12T10:28:04.095716+00:00"}, {"symbol": "ADAUSDT", "bids": [[0.4267, 40420.0], [0.4266, 76890.0], [0.4265, 185268.0], [0.4264, 207317.0], [0.4263, 229552.0], [0.4262, 234523.0], [0.4261, 174110.0], [0.426, 256702.0], [0.4259, 100351.0], [0.4258, 102759.0], [0.4257, 68624.0], [0.4256, 153985.0], [0.4255, 227800.0], [0.4254, 274268.0], [0.4253, 218428.0], [0.4252, 112861.0], [0.4251, 93409.0], [0.425, 101385.0], [0.4249, 130555.0], [0.4248, 285533.0]], "asks": [[0.4268, 98106.0], [0.4269, 208188.0], [0.427, 285023.0], [0.4271, 153786.0], [0.4272, 172533.0], [0.4273, 251160.0], [0.4274, 299081.0], [0.4275, 286340.0], [0.4276, 142416.0], [0.4277, 135035.0], [0.4278, 125413.0], [0.4279, 208473.0], [0.428, 1090488.0], [0.4281, 100066.0], [0.4282, 207455.0], [0.4283, 130554.0], [0.4284, 193514.0], [0.4285, 104035.0], [0.4286, 92214.0], [0.4287, 89117.0]], "timestamp": "2025-12-12T10:28:57.972179+00:00"}