[{"id": "546227417", "price": 0.409, "amount": 2500.0, "side": "buy", "timestamp": 1765582917034}, {"id": "546227418", "price": 0.409, "amount": 189.0, "side": "buy", "timestamp": 1765582917518}, {"id": "546227419", "price": 0.409, "amount": 82.0, "side": "buy", "timestamp": 1765582918475}, {"id": "546227420", "price": 0.4089, "amount": 98.0, "side": "sell", "timestamp": 1765582918835}, {"id": "546227421", "price": 0.4089, "amount": 49.0, "side": "sell", "timestamp": 1765582919277}, {"id": "546227422", "price": 0.4089, "amount": 29.0, "side": "sell", "timestamp": 1765582919737}, {"id": "546227423", "price": 0.4089, "amount": 27671.0, "side": "sell", "timestamp": 1765582920280}, {"id": "546227424", "price": 0.409, "amount": 32.0, "side": "buy", "timestamp": 1765582921414}, {"id": "546227425", "price": 0.4089, "amount": 25642.0, "side": "sell", "timestamp": 1765582922814}, {"id": "546227426", "price": 0.4089, "amount": 42.0, "side": "buy", "timestamp": 1765582923266}, {"id": "546227427", "price": 0.4088, "amount": 87.0, "side": "sell", "timestamp": 1765582923568}, {"id": "546227428", "price": 0.4089, "amount": 13.0, "side": "buy", "timestamp": 1765582924295}, {"id": "546227429", "price": 0.4088, "amount": 128.0, "side": "sell", "timestamp": 1765582924382}, {"id": "546227430", "price": 0.4088, "amount": 92.0, "side": "sell", "timestamp": 1765582925133}, {"id": "546227431", "price": 0.4089, "amount": 22.0, "side": "buy", "timestamp": 1765582925234}, {"id": "546227432", "price": 0.4089, "amount": 387.0, "side": "buy", "timestamp": 1765582926010}, {"id": "546227433", "price": 0.4088, "amount": 16.0, "side": "sell", "timestamp": 1765582926938}, {"id": "546227434", "price": 0.4088, "amount": 13.0, "side": "sell", "timestamp": 1765582929613}, {"id": "546227435", "price": 0.4088, "amount": 29.0, "side": "sell", "timestamp": 1765582929954}, {"id": "546227436", "price": 0.4089, "amount": 13.0, "side": "buy", "timestamp": 1765582930126}, {"id": "546227437", "price": 0.4088, "amount": 13.0, "side": "sell", "timestamp": 1765582930411}, {"id": "546227438", "price": 0.4089, "amount": 1215.0, "side": "buy", "timestamp": 1765582930416}, {"id": "546227439", "price": 0.4089, "amount": 242.0, "side": "buy", "timestamp": 1765582930621}, {"id": "546227440", "price": 0.4089, "amount": 37.0, "side": "buy", "timestamp": 1765582932297}, {"id": "546227441", "price": 0.4088, "amount": 27283.0, "side": "sell", "timestamp": 1765582935313}, {"id": "546227442", "price": 0.4088, "amount": 16.0, "side": "sell", "timestamp": 1765582939021}, {"id": "546227443", "price": 0.4089, "amount": 91.0, "side": "buy", "timestamp": 1765582941825}, {"id": "546227444", "price": 0.4088, "amount": 105.0, "side": "sell", "timestamp": 1765582941898}, {"id": "546227445", "price": 0.4088, "amount": 19.0, "side": "sell", "timestamp": 1765582942344}, {"id": "546227446", "price": 0.4088, "amount": 1704.0, "side": "sell", "timestamp": 1765582947892}, {"id": "546227447", "price": 0.4089, "amount": 324.0, "side": "buy", "timestamp": 1765582949712}, {"id": "546227448", "price": 0.4088, "amount": 27283.0, "side": "sell", "timestamp": 1765582950314}, {"id": "546227449", "price": 0.4088, "amount": 1417.0, "side": "sell", "timestamp": 1765582951558}, {"id": "546227450", "price": 0.4089, "amount": 14.0, "side": "buy", "timestamp": 1765582951917}, {"id": "546227451", "price": 0.4088, "amount": 20.0, "side": "sell", "timestamp": 1765582953882}, {"id": "546227452", "price": 0.4088, "amount": 29.0, "side": "sell", "timestamp": 1765582955740}, {"id": "546227453", "price": 0.4089, "amount": 1933.0, "side": "buy", "timestamp": 1765582956684}, {"id": "546227454", "price": 0.4088, "amount": 15.0, "side": "sell", "timestamp": 1765582958928}, {"id": "546227455", "price": 0.4089, "amount": 2640.0, "side": "buy", "timestamp": 1765582959567}, {"id": "546227456", "price": 0.4089, "amount": 183.0, "side": "buy", "timestamp": 1765582961949}, {"id": "546227457", "price": 0.4089, "amount": 256.0, "side": "buy", "timestamp": 1765582964535}, {"id": "546227458", "price": 0.4088, "amount": 113.0, "side": "sell", "timestamp": 1765582965694}, {"id": "546227459", "price": 0.4088, "amount": 33.0, "side": "sell", "timestamp": 1765582965953}, {"id": "546227460", "price": 0.4088, "amount": 15.0, "side": "sell", "timestamp": 1765582968219}, {"id": "546227461", "price": 0.4088, "amount": 22.0, "side": "sell", "timestamp": 1765582968598}, {"id": "546227462", "price": 0.4088, "amount": 98.0, "side": "sell", "timestamp": 1765582971624}, {"id": "546227463", "price": 0.4089, "amount": 73.0, "side": "buy", "timestamp": 1765582973745}, {"id": "546227464", "price": 0.4089, "amount": 313.0, "side": "buy", "timestamp": 1765582974600}, {"id": "546227465", "price": 0.4088, "amount": 90.0, "side": "sell", "timestamp": 1765582977259}, {"id": "546227466", "price": 0.4089, "amount": 157.0, "side": "buy", "timestamp": 1765582977268}, {"id": "546227459", "price": 0.4088, "amount": 33.0, "side": "sell", "timestamp": 1765582965953}, {"id": "546227460", "price": 0.4088, "amount": 15.0, "side": "sell", "timestamp": 1765582968219}, {"id": "546227461", "price": 0.4088, "amount": 22.0, "side": "sell", "timestamp": 1765582968598}, {"id": "546227462", "price": 0.4088, "amount": 98.0, "side": "sell", "timestamp": 1765582971624}, {"id": "546227463", "price": 0.4089, "amount": 73.0, "side": "buy", "timestamp": 1765582973745}, {"id": "546227464", "price": 0.4089, "amount": 313.0, "side": "buy", "timestamp": 1765582974600}, {"id": "546227465", "price": 0.4088, "amount": 90.0, "side": "sell", "timestamp": 1765582977259}, {"id": "546227466", "price": 0.4089, "amount": 157.0, "side": "buy", "timestamp": 1765582977268}, {"id": "546227467", "price": 0.4089, "amount": 62.0, "side": "buy", "timestamp": 1765582979413}, {"id": "546227468", "price": 0.4089, "amount": 70582.0, "side": "buy", "timestamp": 1765582980796}, {"id": "546227469", "price": 0.409, "amount": 253.0, "side": "buy", "timestamp": 1765582980845}, {"id": "546227470", "price": 0.409, "amount": 502.0, "side": "buy", "timestamp": 1765582980954}, {"id": "546227471", "price": 0.409, "amount": 27.0, "side": "buy", "timestamp": 1765582981540}, {"id": "546227472", "price": 0.409, "amount": 12026.0, "side": "buy", "timestamp": 1765582983553}, {"id": "546227473", "price": 0.409, "amount": 110.0, "side": "buy", "timestamp": 1765582983844}, {"id": "546227474", "price": 0.4089, "amount": 24.0, "side": "sell", "timestamp": 1765582989464}, {"id": "546227475", "price": 0.409, "amount": 4138.0, "side": "buy", "timestamp": 1765582989816}, {"id": "546227476", "price": 0.4089, "amount": 13.0, "side": "sell", "timestamp": 1765582989879}, {"id": "546227477", "price": 0.4089, "amount": 18.0, "side": "sell", "timestamp": 1765582990011}, {"id": "546227478", "price": 0.409, "amount": 71.0, "side": "buy", "timestamp": 1765582990362}, {"id": "546227479", "price": 0.4089, "amount": 29.0, "side": "sell", "timestamp": 1765582991736}, {"id": "546227480", "price": 0.409, "amount": 617.0, "side": "buy", "timestamp": 1765582992354}, {"id": "546227481", "price": 0.409, "amount": 42.0, "side": "buy", "timestamp": 1765582992637}, {"id": "546227482", "price": 0.4089, "amount": 118.0, "side": "sell", "timestamp": 1765582993892}, {"id": "546227483", "price": 0.409, "amount": 1121.0, "side": "buy", "timestamp": 1765582994123}, {"id": "546227484", "price": 0.4089, "amount": 14.0, "side": "sell", "timestamp": 1765582995363}, {"id": "546227485", "price": 0.4089, "amount": 2577.0, "side": "sell", "timestamp": 1765582995583}, {"id": "546227486", "price": 0.409, "amount": 41.0, "side": "buy", "timestamp": 1765582996254}, {"id": "546227487", "price": 0.4089, "amount": 14.0, "side": "sell", "timestamp": 1765582997513}, {"id": "546227488", "price": 0.4089, "amount": 100.0, "side": "sell", "timestamp": 1765582998379}, {"id": "546227489", "price": 0.409, "amount": 22.0, "side": "buy", "timestamp": 1765582998622}, {"id": "546227490", "price": 0.409, "amount": 12992.0, "side": "buy", "timestamp": 1765582999033}, {"id": "546227491", "price": 0.4091, "amount": 209.0, "side": "buy", "timestamp": 1765583002461}, {"id": "546227492", "price": 0.409, "amount": 9591.0, "side": "sell", "timestamp": 1765583005465}, {"id": "546227493", "price": 0.4089, "amount": 83.0, "side": "sell", "timestamp": 1765583009801}, {"id": "546227494", "price": 0.4089, "amount": 15741.0, "side": "sell", "timestamp": 1765583010776}, {"id": "546227495", "price": 0.4089, "amount": 11419.0, "side": "sell", "timestamp": 1765583011693}, {"id": "546227496", "price": 0.4088, "amount": 244.0, "side": "sell", "timestamp": 1765583014579}, {"id": "546227497", "price": 0.4089, "amount": 1200.0, "side": "buy", "timestamp": 1765583020007}, {"id": "546227498", "price": 0.4088, "amount": 73.0, "side": "sell", "timestamp": 1765583020873}, {"id": "546227499", "price": 0.4088, "amount": 98.0, "side": "sell", "timestamp": 1765583022073}, {"id": "546227500", "price": 0.4088, "amount": 194.0, "side": "sell", "timestamp": 1765583023078}, {"id": "546227501", "price": 0.4089, "amount": 23108.0, "side": "buy", "timestamp": 1765583027208}, {"id": "546227502", "price": 0.4089, "amount": 13.0, "side": "sell", "timestamp": 1765583027422}, {"id": "546227503", "price": 0.4089, "amount": 132.0, "side": "sell", "timestamp": 1765583027627}, {"id": "546227504", "price": 0.4089, "amount": 29.0, "side": "sell", "timestamp": 1765583027742}, {"id": "546227505", "price": 0.4089, "amount": 13.0, "side": "sell", "timestamp": 1765583029085}, {"id": "546227506", "price": 0.409, "amount": 14.0, "side": "buy", "timestamp": 1765583029732}, {"id": "546227507", "price": 0.4089, "amount": 538.0, "side": "sell", "timestamp": 1765583030065}, {"id": "546227508", "price": 0.409, "amount": 1969.0, "side": "buy", "timestamp": 1765583030775}, {"id": "546227502", "price": 0.4089, "amount": 13.0, "side": "sell", "timestamp": 1765583027422}, {"id": "546227503", "price": 0.4089, "amount": 132.0, "side": "sell", "timestamp": 1765583027627}, {"id": "546227504", "price": 0.4089, "amount": 29.0, "side": "sell", "timestamp": 1765583027742}, {"id": "546227505", "price": 0.4089, "amount": 13.0, "side": "sell", "timestamp": 1765583029085}, {"id": "546227506", "price": 0.409, "amount": 14.0, "side": "buy", "timestamp": 1765583029732}, {"id": "546227507", "price": 0.4089, "amount": 538.0, "side": "sell", "timestamp": 1765583030065}, {"id": "546227508", "price": 0.409, "amount": 1969.0, "side": "buy", "timestamp": 1765583030775}, {"id": "546227509", "price": 0.4089, "amount": 1252.0, "side": "sell", "timestamp": 1765583032892}, {"id": "546227510", "price": 0.4089, "amount": 68.0, "side": "sell", "timestamp": 1765583033791}, {"id": "546227511", "price": 0.4089, "amount": 13.0, "side": "sell", "timestamp": 1765583035726}, {"id": "546227512", "price": 0.409, "amount": 48.0, "side": "buy", "timestamp": 1765583037545}, {"id": "546227513", "price": 0.409, "amount": 11675.0, "side": "buy", "timestamp": 1765583038366}, {"id": "546227514", "price": 0.4089, "amount": 64.0, "side": "sell", "timestamp": 1765583039326}, {"id": "546227515", "price": 0.4089, "amount": 110.0, "side": "sell", "timestamp": 1765583039662}, {"id": "546227516", "price": 0.409, "amount": 1122.0, "side": "buy", "timestamp": 1765583039973}, {"id": "546227517", "price": 0.4089, "amount": 1304.0, "side": "sell", "timestamp": 1765583041318}, {"id": "546227518", "price": 0.409, "amount": 473.0, "side": "buy", "timestamp": 1765583041382}, {"id": "546227519", "price": 0.4089, "amount": 23.0, "side": "sell", "timestamp": 1765583043115}, {"id": "546227520", "price": 0.409, "amount": 63.0, "side": "buy", "timestamp": 1765583043547}, {"id": "546227521", "price": 0.409, "amount": 73.0, "side": "buy", "timestamp": 1765583043997}, {"id": "546227522", "price": 0.4089, "amount": 118.0, "side": "sell", "timestamp": 1765583045671}, {"id": "546227523", "price": 0.4089, "amount": 13.0, "side": "sell", "timestamp": 1765583048340}, {"id": "546227524", "price": 0.4089, "amount": 14.0, "side": "sell", "timestamp": 1765583049772}, {"id": "546227525", "price": 0.4089, "amount": 18.0, "side": "sell", "timestamp": 1765583049901}, {"id": "546227526", "price": 0.409, "amount": 32.0, "side": "buy", "timestamp": 1765583049982}, {"id": "546227527", "price": 0.4089, "amount": 98.0, "side": "sell", "timestamp": 1765583050293}, {"id": "546227528", "price": 0.409, "amount": 1475.0, "side": "buy", "timestamp": 1765583050853}, {"id": "546227529", "price": 0.4089, "amount": 15.0, "side": "sell", "timestamp": 1765583051203}, {"id": "546227530", "price": 0.409, "amount": 70.0, "side": "buy", "timestamp": 1765583052841}, {"id": "546227531", "price": 0.409, "amount": 147.0, "side": "buy", "timestamp": 1765583054902}, {"id": "546227532", "price": 0.4089, "amount": 129.0, "side": "sell", "timestamp": 1765583055925}, {"id": "546227533", "price": 0.409, "amount": 21.0, "side": "buy", "timestamp": 1765583056458}, {"id": "546227534", "price": 0.409, "amount": 6285.0, "side": "buy", "timestamp": 1765583059732}, {"id": "546227535", "price": 0.4091, "amount": 28.0, "side": "buy", "timestamp": 1765583061521}, {"id": "546227536", "price": 0.4091, "amount": 100.0, "side": "buy", "timestamp": 1765583062255}, {"id": "546227537", "price": 0.409, "amount": 14.0, "side": "sell", "timestamp": 1765583063199}, {"id": "546227538", "price": 0.4091, "amount": 100.0, "side": "buy", "timestamp": 1765583063517}, {"id": "546227539", "price": 0.409, "amount": 29.0, "side": "sell", "timestamp": 1765583063739}, {"id": "546227540", "price": 0.4091, "amount": 100.0, "side": "buy", "timestamp": 1765583064685}, {"id": "546227541", "price": 0.409, "amount": 242.0, "side": "sell", "timestamp": 1765583066214}, {"id": "546227542", "price": 0.409, "amount": 26.0, "side": "sell", "timestamp": 1765583066338}, {"id": "546227543", "price": 0.4091, "amount": 116.0, "side": "buy", "timestamp": 1765583068899}, {"id": "546227544", "price": 0.4091, "amount": 49.0, "side": "buy", "timestamp": 1765583071824}, {"id": "546227545", "price": 0.409, "amount": 57.0, "side": "sell", "timestamp": 1765583071889}, {"id": "546227546", "price": 0.409, "amount": 71.0, "side": "sell", "timestamp": 1765583072250}, {"id": "546227547", "price": 0.4091, "amount": 128.0, "side": "buy", "timestamp": 1765583073276}, {"id": "546227548", "price": 0.4091, "amount": 346.0, "side": "buy", "timestamp": 1765583074194}, {"id": "546227549", "price": 0.4091, "amount": 764.0, "side": "buy", "timestamp": 1765583075671}, {"id": "546227550", "price": 0.4091, "amount": 122.0, "side": "buy", "timestamp": 1765583076503}, {"id": "546227551", "price": 0.4091, "amount": 1200.0, "side": "buy", "timestamp": 1765583081268}, {"id": "546227539", "price": 0.409, "amount": 29.0, "side": "sell", "timestamp": 1765583063739}, {"id": "546227540", "price": 0.4091, "amount": 100.0, "side": "buy", "timestamp": 1765583064685}, {"id": "546227541", "price": 0.409, "amount": 242.0, "side": "sell", "timestamp": 1765583066214}, {"id": "546227542", "price": 0.409, "amount": 26.0, "side": "sell", "timestamp": 1765583066338}, {"id": "546227543", "price": 0.4091, "amount": 116.0, "side": "buy", "timestamp": 1765583068899}, {"id": "546227544", "price": 0.4091, "amount": 49.0, "side": "buy", "timestamp": 1765583071824}, {"id": "546227545", "price": 0.409, "amount": 57.0, "side": "sell", "timestamp": 1765583071889}, {"id": "546227546", "price": 0.409, "amount": 71.0, "side": "sell", "timestamp": 1765583072250}, {"id": "546227547", "price": 0.4091, "amount": 128.0, "side": "buy", "timestamp": 1765583073276}, {"id": "546227548", "price": 0.4091, "amount": 346.0, "side": "buy", "timestamp": 1765583074194}, {"id": "546227549", "price": 0.4091, "amount": 764.0, "side": "buy", "timestamp": 1765583075671}, {"id": "546227550", "price": 0.4091, "amount": 122.0, "side": "buy", "timestamp": 1765583076503}, {"id": "546227551", "price": 0.4091, "amount": 1200.0, "side": "buy", "timestamp": 1765583081268}, {"id": "546227552", "price": 0.4091, "amount": 313.0, "side": "buy", "timestamp": 1765583086897}, {"id": "546227553", "price": 0.409, "amount": 15136.0, "side": "sell", "timestamp": 1765583089097}, {"id": "546227554", "price": 0.409, "amount": 73.0, "side": "sell", "timestamp": 1765583090041}, {"id": "546227555", "price": 0.4091, "amount": 83.0, "side": "buy", "timestamp": 1765583090475}, {"id": "546227556", "price": 0.4091, "amount": 350.0, "side": "buy", "timestamp": 1765583093032}, {"id": "546227557", "price": 0.4091, "amount": 28.0, "side": "buy", "timestamp": 1765583093497}, {"id": "546227558", "price": 0.4091, "amount": 124.0, "side": "buy", "timestamp": 1765583094027}, {"id": "546227559", "price": 0.409, "amount": 942.0, "side": "sell", "timestamp": 1765583097892}, {"id": "546227560", "price": 0.409, "amount": 71.0, "side": "sell", "timestamp": 1765583098464}, {"id": "546227561", "price": 0.4091, "amount": 54.0, "side": "buy", "timestamp": 1765583099225}, {"id": "546227562", "price": 0.409, "amount": 29.0, "side": "sell", "timestamp": 1765583099738}, {"id": "546227563", "price": 0.4091, "amount": 223.0, "side": "buy", "timestamp": 1765583100364}, {"id": "546227564", "price": 0.4091, "amount": 73.0, "side": "buy", "timestamp": 1765583104100}, {"id": "546227565", "price": 0.409, "amount": 14375.0, "side": "sell", "timestamp": 1765583104120}, {"id": "546227566", "price": 0.409, "amount": 19.0, "side": "buy", "timestamp": 1765583105942}, {"id": "546227567", "price": 0.409, "amount": 35.0, "side": "buy", "timestamp": 1765583106106}, {"id": "546227568", "price": 0.4089, "amount": 12.0, "side": "sell", "timestamp": 1765583106233}, {"id": "546227569", "price": 0.4089, "amount": 146.0, "side": "sell", "timestamp": 1765583109309}, {"id": "546227570", "price": 0.4089, "amount": 804.0, "side": "sell", "timestamp": 1765583109750}, {"id": "546227571", "price": 0.4089, "amount": 17.0, "side": "sell", "timestamp": 1765583109854}, {"id": "546227572", "price": 0.4089, "amount": 76.0, "side": "sell", "timestamp": 1765583113028}, {"id": "546227573", "price": 0.4089, "amount": 98.0, "side": "sell", "timestamp": 1765583114252}, {"id": "546227574", "price": 0.409, "amount": 48.0, "side": "buy", "timestamp": 1765583114983}, {"id": "546227575", "price": 0.409, "amount": 275.0, "side": "buy", "timestamp": 1765583118221}, {"id": "546227576", "price": 0.4089, "amount": 30.0, "side": "sell", "timestamp": 1765583119258}, {"id": "546227577", "price": 0.4089, "amount": 283.0, "side": "sell", "timestamp": 1765583120194}, {"id": "546227578", "price": 0.409, "amount": 15.0, "side": "buy", "timestamp": 1765583120696}, {"id": "546227579", "price": 0.409, "amount": 298.0, "side": "buy", "timestamp": 1765583120903}, {"id": "546227580", "price": 0.409, "amount": 23724.0, "side": "buy", "timestamp": 1765583121563}, {"id": "546227581", "price": 0.409, "amount": 1000.0, "side": "sell", "timestamp": 1765583123353}, {"id": "546227582", "price": 0.409, "amount": 25.0, "side": "sell", "timestamp": 1765583124720}, {"id": "546227583", "price": 0.409, "amount": 14.0, "side": "sell", "timestamp": 1765583126232}, {"id": "546227584", "price": 0.4091, "amount": 30.0, "side": "buy", "timestamp": 1765583128486}, {"id": "546227585", "price": 0.409, "amount": 29.0, "side": "sell", "timestamp": 1765583135746}, {"id": "546227586", "price": 0.409, "amount": 14.0, "side": "sell", "timestamp": 1765583136730}, {"id": "546227587", "price": 0.4091, "amount": 1622.0, "side": "buy", "timestamp": 1765583137300}, {"id": "546227588", "price": 0.409, "amount": 13.0, "side": "sell", "timestamp": 1765583138309}, {"id": "546227596", "price": 0.409, "amount": 148.0, "side": "buy", "timestamp": 1765583154259}, {"id": "546227597", "price": 0.409, "amount": 135.0, "side": "buy", "timestamp": 1765583155214}, {"id": "546227598", "price": 0.4089, "amount": 28743.0, "side": "sell", "timestamp": 1765583155359}, {"id": "546227599", "price": 0.4088, "amount": 79.0, "side": "sell", "timestamp": 1765583155428}, {"id": "546227600", "price": 0.4089, "amount": 34.0, "side": "buy", "timestamp": 1765583156462}, {"id": "546227601", "price": 0.4089, "amount": 26.0, "side": "buy", "timestamp": 1765583156751}, {"id": "546227602", "price": 0.4088, "amount": 767.0, "side": "sell", "timestamp": 1765583157007}, {"id": "546227603", "price": 0.4088, "amount": 13.0, "side": "sell", "timestamp": 1765583157587}, {"id": "546227604", "price": 0.4089, "amount": 48.0, "side": "buy", "timestamp": 1765583159493}, {"id": "546227605", "price": 0.4088, "amount": 16.0, "side": "sell", "timestamp": 1765583160340}, {"id": "546227606", "price": 0.4089, "amount": 2740.0, "side": "buy", "timestamp": 1765583160700}, {"id": "546227607", "price": 0.4089, "amount": 57.0, "side": "buy", "timestamp": 1765583163590}, {"id": "546227608", "price": 0.4088, "amount": 74.0, "side": "sell", "timestamp": 1765583164395}, {"id": "546227609", "price": 0.4089, "amount": 1054.0, "side": "buy", "timestamp": 1765583164451}, {"id": "546227610", "price": 0.4089, "amount": 1200.0, "side": "buy", "timestamp": 1765583165150}, {"id": "546227611", "price": 0.4089, "amount": 19.0, "side": "buy", "timestamp": 1765583165269}, {"id": "546227612", "price": 0.4089, "amount": 16.0, "side": "buy", "timestamp": 1765583165604}, {"id": "546227613", "price": 0.4088, "amount": 268.0, "side": "sell", "timestamp": 1765583166204}, {"id": "546227614", "price": 0.4089, "amount": 4813.0, "side": "buy", "timestamp": 1765583168731}, {"id": "546227615", "price": 0.4088, "amount": 812.0, "side": "sell", "timestamp": 1765583169652}, {"id": "546227616", "price": 0.4088, "amount": 31.0, "side": "sell", "timestamp": 1765583169999}, {"id": "546227617", "price": 0.4088, "amount": 13.0, "side": "sell", "timestamp": 1765583170894}, {"id": "546227618", "price": 0.4088, "amount": 13.0, "side": "sell", "timestamp": 1765583171554}, {"id": "546227619", "price": 0.4088, "amount": 29.0, "side": "sell", "timestamp": 1765583171739}, {"id": "546227620", "price": 0.4088, "amount": 185.0, "side": "sell", "timestamp": 1765583171874}, {"id": "546227621", "price": 0.4088, "amount": 93.0, "side": "sell", "timestamp": 1765583172483}, {"id": "546227622", "price": 0.4088, "amount": 24.0, "side": "sell", "timestamp": 1765583175109}, {"id": "546227623", "price": 0.4088, "amount": 145.0, "side": "sell", "timestamp": 1765583175321}, {"id": "546227624", "price": 0.4088, "amount": 3348.0, "side": "sell", "timestamp": 1765583175543}, {"id": "546227625", "price": 0.4088, "amount": 257.0, "side": "sell", "timestamp": 1765583177563}, {"id": "546227626", "price": 0.4088, "amount": 98.0, "side": "sell", "timestamp": 1765583178532}, {"id": "546227627", "price": 0.4089, "amount": 75.0, "side": "buy", "timestamp": 1765583178607}, {"id": "546227628", "price": 0.4089, "amount": 136.0, "side": "buy", "timestamp": 1765583181695}, {"id": "546227629", "price": 0.4088, "amount": 30835.0, "side": "sell", "timestamp": 1765583182381}, {"id": "546227630", "price": 0.4087, "amount": 95448.0, "side": "sell", "timestamp": 1765583182381}, {"id": "546227631", "price": 0.4087, "amount": 8415.0, "side": "sell", "timestamp": 1765583182648}, {"id": "546227632", "price": 0.4087, "amount": 824.0, "side": "sell", "timestamp": 1765583182806}, {"id": "546227633", "price": 0.4087, "amount": 5.0, "side": "buy", "timestamp": 1765583183231}, {"id": "546227634", "price": 0.4086, "amount": 15.0, "side": "sell", "timestamp": 1765583183752}, {"id": "546227635", "price": 0.4086, "amount": 350.0, "side": "sell", "timestamp": 1765583185363}, {"id": "546227636", "price": 0.4086, "amount": 15.0, "side": "sell", "timestamp": 1765583186836}, {"id": "546227637", "price": 0.4086, "amount": 338.0, "side": "sell", "timestamp": 1765583187530}, {"id": "546227638", "price": 0.4087, "amount": 17.0, "side": "buy", "timestamp": 1765583188003}, {"id": "546227639", "price": 0.4087, "amount": 22.0, "side": "buy", "timestamp": 1765583188421}, {"id": "546227640", "price": 0.4087, "amount": 17.0, "side": "buy", "timestamp": 1765583188586}, {"id": "546227641", "price": 0.4086, "amount": 32961.0, "side": "sell", "timestamp": 1765583188748}, {"id": "546227642", "price": 0.4087, "amount": 16.0, "side": "buy", "timestamp": 1765583188873}, {"id": "546227643", "price": 0.4086, "amount": 309.0, "side": "sell", "timestamp": 1765583188962}, {"id": "546227644", "price": 0.4087, "amount": 309.0, "side": "buy", "timestamp": 1765583190023}, {"id": "546227645", "price": 0.4087, "amount": 17.0, "side": "buy", "timestamp": 1765583191275}, {"id": "546227655", "price": 0.4086, "amount": 1702.0, "side": "sell", "timestamp": 1765583202893}, {"id": "546227656", "price": 0.4086, "amount": 548.0, "side": "sell", "timestamp": 1765583205019}, {"id": "546227657", "price": 0.4086, "amount": 14.0, "side": "sell", "timestamp": 1765583206417}, {"id": "546227658", "price": 0.4087, "amount": 137.0, "side": "buy", "timestamp": 1765583207523}, {"id": "546227659", "price": 0.4086, "amount": 29.0, "side": "sell", "timestamp": 1765583207731}, {"id": "546227660", "price": 0.4087, "amount": 17.0, "side": "buy", "timestamp": 1765583208025}, {"id": "546227661", "price": 0.4087, "amount": 17.0, "side": "buy", "timestamp": 1765583208589}, {"id": "546227662", "price": 0.4087, "amount": 16.0, "side": "buy", "timestamp": 1765583208885}, {"id": "546227663", "price": 0.4086, "amount": 17.0, "side": "sell", "timestamp": 1765583210203}, {"id": "546227664", "price": 0.4087, "amount": 15.0, "side": "buy", "timestamp": 1765583211550}, {"id": "546227665", "price": 0.4087, "amount": 82.0, "side": "buy", "timestamp": 1765583213699}, {"id": "546227666", "price": 0.4086, "amount": 37.0, "side": "sell", "timestamp": 1765583213995}, {"id": "546227667", "price": 0.4086, "amount": 175.0, "side": "sell", "timestamp": 1765583215026}, {"id": "546227668", "price": 0.4086, "amount": 18.0, "side": "sell", "timestamp": 1765583215749}, {"id": "546227669", "price": 0.4087, "amount": 14.0, "side": "buy", "timestamp": 1765583218007}, {"id": "546227670", "price": 0.4087, "amount": 17.0, "side": "buy", "timestamp": 1765583218590}, {"id": "546227671", "price": 0.4087, "amount": 16.0, "side": "buy", "timestamp": 1765583218886}, {"id": "546227672", "price": 0.4086, "amount": 18.0, "side": "sell", "timestamp": 1765583219417}, {"id": "546227673", "price": 0.4086, "amount": 119.0, "side": "sell", "timestamp": 1765583219775}, {"id": "546227674", "price": 0.4086, "amount": 81.0, "side": "sell", "timestamp": 1765583221048}, {"id": "546227675", "price": 0.4087, "amount": 32.0, "side": "buy", "timestamp": 1765583221132}, {"id": "546227676", "price": 0.4086, "amount": 17.0, "side": "sell", "timestamp": 1765583221606}, {"id": "546227677", "price": 0.4086, "amount": 1678.0, "side": "sell", "timestamp": 1765583223334}, {"id": "546227678", "price": 0.4087, "amount": 27.0, "side": "buy", "timestamp": 1765583223454}, {"id": "546227679", "price": 0.4087, "amount": 13.0, "side": "buy", "timestamp": 1765583224623}, {"id": "546227680", "price": 0.4086, "amount": 74.0, "side": "sell", "timestamp": 1765583224700}, {"id": "546227681", "price": 0.4087, "amount": 14.0, "side": "buy", "timestamp": 1765583225492}, {"id": "546227682", "price": 0.4086, "amount": 21.0, "side": "sell", "timestamp": 1765583225618}, {"id": "546227683", "price": 0.4087, "amount": 16.0, "side": "buy", "timestamp": 1765583225758}, {"id": "546227684", "price": 0.4087, "amount": 1200.0, "side": "buy", "timestamp": 1765583225924}, {"id": "546227685", "price": 0.4087, "amount": 16.0, "side": "buy", "timestamp": 1765583228887}, {"id": "546227686", "price": 0.4086, "amount": 13.0, "side": "sell", "timestamp": 1765583229744}, {"id": "546227687", "price": 0.4086, "amount": 16.0, "side": "sell", "timestamp": 1765583229907}, {"id": "546227688", "price": 0.4086, "amount": 27.0, "side": "sell", "timestamp": 1765583230702}, {"id": "546227689", "price": 0.4086, "amount": 1104.0, "side": "sell", "timestamp": 1765583230999}, {"id": "546227690", "price": 0.4086, "amount": 19.0, "side": "sell", "timestamp": 1765583231685}, {"id": "546227691", "price": 0.4087, "amount": 256.0, "side": "buy", "timestamp": 1765583232940}, {"id": "546227692", "price": 0.4087, "amount": 1237.0, "side": "buy", "timestamp": 1765583235690}, {"id": "546227693", "price": 0.4086, "amount": 122.0, "side": "sell", "timestamp": 1765583236533}, {"id": "546227694", "price": 0.4087, "amount": 16.0, "side": "buy", "timestamp": 1765583237125}, {"id": "546227695", "price": 0.4087, "amount": 1987.0, "side": "buy", "timestamp": 1765583237788}, {"id": "546227696", "price": 0.4087, "amount": 989.0, "side": "buy", "timestamp": 1765583238385}, {"id": "546227697", "price": 0.4087, "amount": 53.0, "side": "buy", "timestamp": 1765583238597}, {"id": "546227698", "price": 0.4087, "amount": 14.0, "side": "buy", "timestamp": 1765583238874}, {"id": "546227699", "price": 0.4086, "amount": 65.0, "side": "sell", "timestamp": 1765583239642}, {"id": "546227700", "price": 0.4086, "amount": 17.0, "side": "sell", "timestamp": 1765583240461}, {"id": "546227701", "price": 0.4087, "amount": 37.0, "side": "buy", "timestamp": 1765583241924}, {"id": "546227702", "price": 0.4087, "amount": 355.0, "side": "buy", "timestamp": 1765583243224}, {"id": "546227703", "price": 0.4087, "amount": 36.0, "side": "buy", "timestamp": 1765583243327}, {"id": "546227704", "price": 0.4086, "amount": 196.0, "side": "sell", "timestamp": 1765583243651}, {"id": "546227693", "price": 0.4086, "amount": 122.0, "side": "sell", "timestamp": 1765583236533}, {"id": "546227694", "price": 0.4087, "amount": 16.0, "side": "buy", "timestamp": 1765583237125}, {"id": "546227695", "price": 0.4087, "amount": 1987.0, "side": "buy", "timestamp": 1765583237788}, {"id": "546227696", "price": 0.4087, "amount": 989.0, "side": "buy", "timestamp": 1765583238385}, {"id": "546227697", "price": 0.4087, "amount": 53.0, "side": "buy", "timestamp": 1765583238597}, {"id": "546227698", "price": 0.4087, "amount": 14.0, "side": "buy", "timestamp": 1765583238874}, {"id": "546227699", "price": 0.4086, "amount": 65.0, "side": "sell", "timestamp": 1765583239642}, {"id": "546227700", "price": 0.4086, "amount": 17.0, "side": "sell", "timestamp": 1765583240461}, {"id": "546227701", "price": 0.4087, "amount": 37.0, "side": "buy", "timestamp": 1765583241924}, {"id": "546227702", "price": 0.4087, "amount": 355.0, "side": "buy", "timestamp": 1765583243224}, {"id": "546227703", "price": 0.4087, "amount": 36.0, "side": "buy", "timestamp": 1765583243327}, {"id": "546227704", "price": 0.4086, "amount": 196.0, "side": "sell", "timestamp": 1765583243651}, {"id": "546227705", "price": 0.4087, "amount": 24.0, "side": "buy", "timestamp": 1765583248716}, {"id": "546227706", "price": 0.4086, "amount": 13.0, "side": "sell", "timestamp": 1765583257987}, {"id": "546227707", "price": 0.4087, "amount": 24.0, "side": "buy", "timestamp": 1765583261326}, {"id": "546227708", "price": 0.4087, "amount": 31017.0, "side": "buy", "timestamp": 1765583261897}, {"id": "546227709", "price": 0.4088, "amount": 10538.0, "side": "buy", "timestamp": 1765583261898}, {"id": "546227710", "price": 0.4088, "amount": 242.0, "side": "buy", "timestamp": 1765583264282}, {"id": "546227711", "price": 0.4088, "amount": 13.0, "side": "buy", "timestamp": 1765583264938}, {"id": "546227712", "price": 0.4088, "amount": 21525.0, "side": "buy", "timestamp": 1765583265299}, {"id": "546227713", "price": 0.4088, "amount": 16.0, "side": "sell", "timestamp": 1765583268938}, {"id": "546227714", "price": 0.4088, "amount": 25.0, "side": "sell", "timestamp": 1765583270964}, {"id": "546227715", "price": 0.4088, "amount": 13.0, "side": "sell", "timestamp": 1765583271426}, {"id": "546227716", "price": 0.4089, "amount": 26.0, "side": "buy", "timestamp": 1765583271643}, {"id": "546227717", "price": 0.4089, "amount": 112.0, "side": "buy", "timestamp": 1765583272930}, {"id": "546227718", "price": 0.4088, "amount": 25.0, "side": "sell", "timestamp": 1765583275464}, {"id": "546227719", "price": 0.4088, "amount": 33.0, "side": "sell", "timestamp": 1765583275623}, {"id": "546227720", "price": 0.4088, "amount": 102.0, "side": "sell", "timestamp": 1765583276925}, {"id": "546227721", "price": 0.4088, "amount": 196.0, "side": "sell", "timestamp": 1765583277091}, {"id": "546227722", "price": 0.4089, "amount": 19.0, "side": "buy", "timestamp": 1765583278330}, {"id": "546227723", "price": 0.4089, "amount": 19.0, "side": "buy", "timestamp": 1765583279186}, {"id": "546227724", "price": 0.4088, "amount": 25.0, "side": "sell", "timestamp": 1765583279544}, {"id": "546227725", "price": 0.4088, "amount": 29.0, "side": "sell", "timestamp": 1765583279733}, {"id": "546227726", "price": 0.4089, "amount": 86.0, "side": "buy", "timestamp": 1765583279763}, {"id": "546227727", "price": 0.4088, "amount": 25.0, "side": "sell", "timestamp": 1765583279794}, {"id": "546227728", "price": 0.4088, "amount": 124.0, "side": "sell", "timestamp": 1765583280576}, {"id": "546227729", "price": 0.4088, "amount": 127.0, "side": "sell", "timestamp": 1765583282466}, {"id": "546227730", "price": 0.4089, "amount": 26.0, "side": "buy", "timestamp": 1765583282813}, {"id": "546227731", "price": 0.4088, "amount": 1067.0, "side": "sell", "timestamp": 1765583282899}, {"id": "546227732", "price": 0.4088, "amount": 123.0, "side": "sell", "timestamp": 1765583284927}, {"id": "546227733", "price": 0.4089, "amount": 73.0, "side": "buy", "timestamp": 1765583285031}, {"id": "546227734", "price": 0.4089, "amount": 14.0, "side": "buy", "timestamp": 1765583285301}, {"id": "546227735", "price": 0.4088, "amount": 378.0, "side": "sell", "timestamp": 1765583286104}, {"id": "546227736", "price": 0.4088, "amount": 32109.0, "side": "sell", "timestamp": 1765583287888}, {"id": "546227737", "price": 0.4087, "amount": 14.0, "side": "sell", "timestamp": 1765583290020}, {"id": "546227738", "price": 0.4087, "amount": 25.0, "side": "sell", "timestamp": 1765583291899}, {"id": "546227739", "price": 0.4087, "amount": 255.0, "side": "sell", "timestamp": 1765583292068}, {"id": "546227740", "price": 0.4087, "amount": 171.0, "side": "sell", "timestamp": 1765583293098}, {"id": "546227741", "price": 0.4087, "amount": 13.0, "side": "sell", "timestamp": 1765583295331}, {"id": "546227742", "price": 0.4087, "amount": 100.0, "side": "sell", "timestamp": 1765583296806}, {"id": "546227735", "price": 0.4088, "amount": 378.0, "side": "sell", "timestamp": 1765583286104}, {"id": "546227736", "price": 0.4088, "amount": 32109.0, "side": "sell", "timestamp": 1765583287888}, {"id": "546227737", "price": 0.4087, "amount": 14.0, "side": "sell", "timestamp": 1765583290020}, {"id": "546227738", "price": 0.4087, "amount": 25.0, "side": "sell", "timestamp": 1765583291899}, {"id": "546227739", "price": 0.4087, "amount": 255.0, "side": "sell", "timestamp": 1765583292068}, {"id": "546227740", "price": 0.4087, "amount": 171.0, "side": "sell", "timestamp": 1765583293098}, {"id": "546227741", "price": 0.4087, "amount": 13.0, "side": "sell", "timestamp": 1765583295331}, {"id": "546227742", "price": 0.4087, "amount": 100.0, "side": "sell", "timestamp": 1765583296806}, {"id": "546227743", "price": 0.4087, "amount": 13.0, "side": "sell", "timestamp": 1765583301085}, {"id": "546227744", "price": 0.4087, "amount": 25.0, "side": "sell", "timestamp": 1765583304978}, {"id": "546227745", "price": 0.4087, "amount": 2560.0, "side": "sell", "timestamp": 1765583307174}, {"id": "546227746", "price": 0.4087, "amount": 16.0, "side": "sell", "timestamp": 1765583308201}, {"id": "546227747", "price": 0.4088, "amount": 113.0, "side": "buy", "timestamp": 1765583308948}, {"id": "546227748", "price": 0.4087, "amount": 13.0, "side": "sell", "timestamp": 1765583309197}, {"id": "546227749", "price": 0.4087, "amount": 125.0, "side": "sell", "timestamp": 1765583309528}, {"id": "546227750", "price": 0.4087, "amount": 1731.0, "side": "sell", "timestamp": 1765583310534}, {"id": "546227751", "price": 0.4087, "amount": 13.0, "side": "sell", "timestamp": 1765583311012}, {"id": "546227752", "price": 0.4087, "amount": 35.0, "side": "sell", "timestamp": 1765583312696}, {"id": "546227753", "price": 0.4087, "amount": 1440.0, "side": "sell", "timestamp": 1765583314233}, {"id": "546227754", "price": 0.4087, "amount": 29.0, "side": "sell", "timestamp": 1765583315735}, {"id": "546227755", "price": 0.4087, "amount": 15.0, "side": "sell", "timestamp": 1765583317977}, {"id": "546227756", "price": 0.4087, "amount": 111.0, "side": "sell", "timestamp": 1765583318534}, {"id": "546227757", "price": 0.4087, "amount": 25.0, "side": "sell", "timestamp": 1765583320218}, {"id": "546227758", "price": 0.4087, "amount": 4726.0, "side": "sell", "timestamp": 1765583320627}, {"id": "546227759", "price": 0.4087, "amount": 15.0, "side": "sell", "timestamp": 1765583323575}, {"id": "546227760", "price": 0.4088, "amount": 694.0, "side": "buy", "timestamp": 1765583326206}, {"id": "546227761", "price": 0.4087, "amount": 20.0, "side": "sell", "timestamp": 1765583327029}, {"id": "546227762", "price": 0.4087, "amount": 52.0, "side": "sell", "timestamp": 1765583328005}, {"id": "546227763", "price": 0.4088, "amount": 242.0, "side": "buy", "timestamp": 1765583328019}, {"id": "546227764", "price": 0.4087, "amount": 830.0, "side": "sell", "timestamp": 1765583332892}, {"id": "546227765", "price": 0.4088, "amount": 16.0, "side": "buy", "timestamp": 1765583333867}, {"id": "546227766", "price": 0.4088, "amount": 4424.0, "side": "buy", "timestamp": 1765583334725}, {"id": "546227767", "price": 0.4088, "amount": 2.0, "side": "buy", "timestamp": 1765583335604}, {"id": "546227768", "price": 0.4088, "amount": 134.0, "side": "buy", "timestamp": 1765583337430}, {"id": "546227769", "price": 0.4088, "amount": 29414.0, "side": "buy", "timestamp": 1765583338355}, {"id": "546227770", "price": 0.4089, "amount": 28.0, "side": "buy", "timestamp": 1765583338982}, {"id": "546227771", "price": 0.4088, "amount": 1268.0, "side": "sell", "timestamp": 1765583339184}, {"id": "546227772", "price": 0.4089, "amount": 489.0, "side": "buy", "timestamp": 1765583339490}, {"id": "546227773", "price": 0.4088, "amount": 62.0, "side": "sell", "timestamp": 1765583339567}, {"id": "546227774", "price": 0.4089, "amount": 55.0, "side": "buy", "timestamp": 1765583340659}, {"id": "546227775", "price": 0.4088, "amount": 73.0, "side": "sell", "timestamp": 1765583341193}, {"id": "546227776", "price": 0.4089, "amount": 30.0, "side": "buy", "timestamp": 1765583341508}, {"id": "546227777", "price": 0.4089, "amount": 13.0, "side": "buy", "timestamp": 1765583342221}, {"id": "546227778", "price": 0.4088, "amount": 17.0, "side": "sell", "timestamp": 1765583342655}, {"id": "546227779", "price": 0.4089, "amount": 13.0, "side": "buy", "timestamp": 1765583344729}, {"id": "546227780", "price": 0.4089, "amount": 73.0, "side": "buy", "timestamp": 1765583345230}, {"id": "546227781", "price": 0.4088, "amount": 16.0, "side": "sell", "timestamp": 1765583349744}, {"id": "546227782", "price": 0.4089, "amount": 26.0, "side": "buy", "timestamp": 1765583350444}, {"id": "546227783", "price": 0.4089, "amount": 1689.0, "side": "buy", "timestamp": 1765583350625}, {"id": "546227784", "price": 0.4088, "amount": 29.0, "side": "sell", "timestamp": 1765583351735}, {"id": "546227767", "price": 0.4088, "amount": 2.0, "side": "buy", "timestamp": 1765583335604}, {"id": "546227768", "price": 0.4088, "amount": 134.0, "side": "buy", "timestamp": 1765583337430}, {"id": "546227769", "price": 0.4088, "amount": 29414.0, "side": "buy", "timestamp": 1765583338355}, {"id": "546227770", "price": 0.4089, "amount": 28.0, "side": "buy", "timestamp": 1765583338982}, {"id": "546227771", "price": 0.4088, "amount": 1268.0, "side": "sell", "timestamp": 1765583339184}, {"id": "546227772", "price": 0.4089, "amount": 489.0, "side": "buy", "timestamp": 1765583339490}, {"id": "546227773", "price": 0.4088, "amount": 62.0, "side": "sell", "timestamp": 1765583339567}, {"id": "546227774", "price": 0.4089, "amount": 55.0, "side": "buy", "timestamp": 1765583340659}, {"id": "546227775", "price": 0.4088, "amount": 73.0, "side": "sell", "timestamp": 1765583341193}, {"id": "546227776", "price": 0.4089, "amount": 30.0, "side": "buy", "timestamp": 1765583341508}, {"id": "546227777", "price": 0.4089, "amount": 13.0, "side": "buy", "timestamp": 1765583342221}, {"id": "546227778", "price": 0.4088, "amount": 17.0, "side": "sell", "timestamp": 1765583342655}, {"id": "546227779", "price": 0.4089, "amount": 13.0, "side": "buy", "timestamp": 1765583344729}, {"id": "546227780", "price": 0.4089, "amount": 73.0, "side": "buy", "timestamp": 1765583345230}, {"id": "546227781", "price": 0.4088, "amount": 16.0, "side": "sell", "timestamp": 1765583349744}, {"id": "546227782", "price": 0.4089, "amount": 26.0, "side": "buy", "timestamp": 1765583350444}, {"id": "546227783", "price": 0.4089, "amount": 1689.0, "side": "buy", "timestamp": 1765583350625}, {"id": "546227784", "price": 0.4088, "amount": 29.0, "side": "sell", "timestamp": 1765583351735}, {"id": "546227785", "price": 0.4089, "amount": 70.0, "side": "buy", "timestamp": 1765583352504}, {"id": "546227786", "price": 0.4088, "amount": 16.0, "side": "sell", "timestamp": 1765583355164}, {"id": "546227787", "price": 0.4089, "amount": 1942.0, "side": "buy", "timestamp": 1765583355362}, {"id": "546227788", "price": 0.4089, "amount": 73.0, "side": "buy", "timestamp": 1765583357695}, {"id": "546227789", "price": 0.4088, "amount": 15.0, "side": "sell", "timestamp": 1765583360457}, {"id": "546227790", "price": 0.4088, "amount": 19094.0, "side": "sell", "timestamp": 1765583362122}, {"id": "546227791", "price": 0.4087, "amount": 15.0, "side": "sell", "timestamp": 1765583365821}, {"id": "546227792", "price": 0.4087, "amount": 20.0, "side": "sell", "timestamp": 1765583366258}, {"id": "546227793", "price": 0.4087, "amount": 14.0, "side": "sell", "timestamp": 1765583371722}, {"id": "546227794", "price": 0.4087, "amount": 36.0, "side": "sell", "timestamp": 1765583372052}, {"id": "546227795", "price": 0.4088, "amount": 242.0, "side": "buy", "timestamp": 1765583372339}, {"id": "546227796", "price": 0.4087, "amount": 1014.0, "side": "sell", "timestamp": 1765583372892}, {"id": "546227797", "price": 0.4088, "amount": 127.0, "side": "buy", "timestamp": 1765583373423}, {"id": "546227798", "price": 0.4087, "amount": 1385.0, "side": "sell", "timestamp": 1765583374163}, {"id": "546227799", "price": 0.4088, "amount": 163.0, "side": "buy", "timestamp": 1765583383620}, {"id": "546227800", "price": 0.4088, "amount": 2446.0, "side": "buy", "timestamp": 1765583383993}, {"id": "546227801", "price": 0.4087, "amount": 29.0, "side": "sell", "timestamp": 1765583387741}, {"id": "546227802", "price": 0.4087, "amount": 13.0, "side": "sell", "timestamp": 1765583388953}, {"id": "546227803", "price": 0.4088, "amount": 611.0, "side": "buy", "timestamp": 1765583391903}, {"id": "546227804", "price": 0.4088, "amount": 15.0, "side": "buy", "timestamp": 1765583392242}, {"id": "546227805", "price": 0.4087, "amount": 51.0, "side": "sell", "timestamp": 1765583393174}, {"id": "546227806", "price": 0.4087, "amount": 96.0, "side": "sell", "timestamp": 1765583393276}, {"id": "546227807", "price": 0.4087, "amount": 28.0, "side": "sell", "timestamp": 1765583395269}, {"id": "546227808", "price": 0.4087, "amount": 13.0, "side": "sell", "timestamp": 1765583398427}, {"id": "546227809", "price": 0.4087, "amount": 33.0, "side": "sell", "timestamp": 1765583399744}, {"id": "546227810", "price": 0.4087, "amount": 13.0, "side": "sell", "timestamp": 1765583400573}, {"id": "546227811", "price": 0.4087, "amount": 90.0, "side": "sell", "timestamp": 1765583401564}, {"id": "546227812", "price": 0.4088, "amount": 453.0, "side": "buy", "timestamp": 1765583402403}, {"id": "546227813", "price": 0.4088, "amount": 7242.0, "side": "buy", "timestamp": 1765583403717}, {"id": "546227814", "price": 0.4089, "amount": 61.0, "side": "buy", "timestamp": 1765583403794}, {"id": "546227815", "price": 0.4088, "amount": 20.0, "side": "sell", "timestamp": 1765583404131}, {"id": "546227816", "price": 0.4088, "amount": 14.0, "side": "sell", "timestamp": 1765583404501}, {"id": "546227806", "price": 0.4087, "amount": 96.0, "side": "sell", "timestamp": 1765583393276}, {"id": "546227807", "price": 0.4087, "amount": 28.0, "side": "sell", "timestamp": 1765583395269}, {"id": "546227808", "price": 0.4087, "amount": 13.0, "side": "sell", "timestamp": 1765583398427}, {"id": "546227809", "price": 0.4087, "amount": 33.0, "side": "sell", "timestamp": 1765583399744}, {"id": "546227810", "price": 0.4087, "amount": 13.0, "side": "sell", "timestamp": 1765583400573}, {"id": "546227811", "price": 0.4087, "amount": 90.0, "side": "sell", "timestamp": 1765583401564}, {"id": "546227812", "price": 0.4088, "amount": 453.0, "side": "buy", "timestamp": 1765583402403}, {"id": "546227813", "price": 0.4088, "amount": 7242.0, "side": "buy", "timestamp": 1765583403717}, {"id": "546227814", "price": 0.4089, "amount": 61.0, "side": "buy", "timestamp": 1765583403794}, {"id": "546227815", "price": 0.4088, "amount": 20.0, "side": "sell", "timestamp": 1765583404131}, {"id": "546227816", "price": 0.4088, "amount": 14.0, "side": "sell", "timestamp": 1765583404501}, {"id": "546227817", "price": 0.4088, "amount": 73.0, "side": "sell", "timestamp": 1765583405412}, {"id": "546227818", "price": 0.4089, "amount": 49.0, "side": "buy", "timestamp": 1765583406099}, {"id": "546227819", "price": 0.4088, "amount": 98.0, "side": "sell", "timestamp": 1765583406548}, {"id": "546227820", "price": 0.4088, "amount": 74.0, "side": "sell", "timestamp": 1765583407185}, {"id": "546227821", "price": 0.4088, "amount": 1286.0, "side": "sell", "timestamp": 1765583408705}, {"id": "546227822", "price": 0.4088, "amount": 1719.0, "side": "sell", "timestamp": 1765583409191}, {"id": "546227823", "price": 0.4088, "amount": 18.0, "side": "sell", "timestamp": 1765583412850}, {"id": "546227824", "price": 0.4088, "amount": 127.0, "side": "sell", "timestamp": 1765583413704}, {"id": "546227825", "price": 0.4089, "amount": 49.0, "side": "buy", "timestamp": 1765583413990}, {"id": "546227826", "price": 0.4089, "amount": 22.0, "side": "buy", "timestamp": 1765583414631}, {"id": "546227827", "price": 0.4088, "amount": 168.0, "side": "sell", "timestamp": 1765583416024}, {"id": "546227828", "price": 0.4089, "amount": 58.0, "side": "buy", "timestamp": 1765583418459}, {"id": "546227829", "price": 0.4088, "amount": 281.0, "side": "sell", "timestamp": 1765583418529}, {"id": "546227830", "price": 0.4088, "amount": 22318.0, "side": "sell", "timestamp": 1765583418808}, {"id": "546227831", "price": 0.4088, "amount": 13.0, "side": "sell", "timestamp": 1765583420482}, {"id": "546227832", "price": 0.4088, "amount": 1334.0, "side": "sell", "timestamp": 1765583422892}, {"id": "546227833", "price": 0.4088, "amount": 29.0, "side": "sell", "timestamp": 1765583423735}, {"id": "546227834", "price": 0.4088, "amount": 489.0, "side": "sell", "timestamp": 1765583427432}, {"id": "546227835", "price": 0.4089, "amount": 2445.0, "side": "buy", "timestamp": 1765583428922}, {"id": "546227836", "price": 0.4088, "amount": 365.0, "side": "sell", "timestamp": 1765583429149}, {"id": "546227837", "price": 0.4088, "amount": 37.0, "side": "sell", "timestamp": 1765583429690}, {"id": "546227838", "price": 0.4088, "amount": 129.0, "side": "sell", "timestamp": 1765583430225}, {"id": "546227839", "price": 0.4088, "amount": 14.0, "side": "sell", "timestamp": 1765583437322}, {"id": "546227840", "price": 0.4089, "amount": 500.0, "side": "buy", "timestamp": 1765583437962}, {"id": "546227841", "price": 0.4089, "amount": 248.0, "side": "buy", "timestamp": 1765583439838}, {"id": "546227842", "price": 0.4089, "amount": 953.0, "side": "buy", "timestamp": 1765583440951}, {"id": "546227843", "price": 0.4089, "amount": 12300.0, "side": "buy", "timestamp": 1765583442471}, {"id": "546227844", "price": 0.4088, "amount": 489.0, "side": "sell", "timestamp": 1765583443131}, {"id": "546227845", "price": 0.4088, "amount": 98.0, "side": "sell", "timestamp": 1765583446453}, {"id": "546227846", "price": 0.4089, "amount": 57356.0, "side": "buy", "timestamp": 1765583451540}, {"id": "546227847", "price": 0.409, "amount": 9600.0, "side": "buy", "timestamp": 1765583451615}, {"id": "546227848", "price": 0.4089, "amount": 68512.0, "side": "sell", "timestamp": 1765583451681}, {"id": "546227849", "price": 0.4089, "amount": 15.0, "side": "buy", "timestamp": 1765583452625}, {"id": "546227850", "price": 0.4089, "amount": 48.0, "side": "buy", "timestamp": 1765583453676}, {"id": "546227851", "price": 0.4088, "amount": 526.0, "side": "sell", "timestamp": 1765583454233}, {"id": "546227852", "price": 0.4088, "amount": 19.0, "side": "sell", "timestamp": 1765583455879}, {"id": "546227853", "price": 0.4089, "amount": 307.0, "side": "buy", "timestamp": 1765583456103}, {"id": "546227854", "price": 0.4088, "amount": 27015.0, "side": "sell", "timestamp": 1765583456105}, {"id": "546227855", "price": 0.4087, "amount": 489.0, "side": "sell", "timestamp": 1765583457895}, {"id": "546227855", "price": 0.4087, "amount": 489.0, "side": "sell", "timestamp": 1765583457895}, {"id": "546227856", "price": 0.4087, "amount": 29.0, "side": "sell", "timestamp": 1765583459729}, {"id": "546227857", "price": 0.4087, "amount": 41581.0, "side": "sell", "timestamp": 1765583460056}, {"id": "546227858", "price": 0.4087, "amount": 242.0, "side": "buy", "timestamp": 1765583460444}, {"id": "546227859", "price": 0.4086, "amount": 26.0, "side": "sell", "timestamp": 1765583461464}, {"id": "546227860", "price": 0.4087, "amount": 30.0, "side": "buy", "timestamp": 1765583461487}, {"id": "546227861", "price": 0.4086, "amount": 13.0, "side": "sell", "timestamp": 1765583461723}, {"id": "546227862", "price": 0.4087, "amount": 21091.0, "side": "buy", "timestamp": 1765583463441}, {"id": "546227863", "price": 0.4087, "amount": 1223.0, "side": "buy", "timestamp": 1765583464182}, {"id": "546227864", "price": 0.4086, "amount": 15.0, "side": "sell", "timestamp": 1765583464319}, {"id": "546227865", "price": 0.4087, "amount": 14.0, "side": "buy", "timestamp": 1765583464371}, {"id": "546227866", "price": 0.4087, "amount": 30.0, "side": "buy", "timestamp": 1765583464598}, {"id": "546227867", "price": 0.4087, "amount": 708.0, "side": "buy", "timestamp": 1765583465535}, {"id": "546227868", "price": 0.4087, "amount": 755.0, "side": "sell", "timestamp": 1765583465648}, {"id": "546227869", "price": 0.4087, "amount": 13.0, "side": "sell", "timestamp": 1765583467748}, {"id": "546227870", "price": 0.4087, "amount": 95.0, "side": "sell", "timestamp": 1765583472774}, {"id": "546227871", "price": 0.4088, "amount": 3744.0, "side": "buy", "timestamp": 1765583472894}, {"id": "546227872", "price": 0.4087, "amount": 21.0, "side": "sell", "timestamp": 1765583474008}, {"id": "546227873", "price": 0.4087, "amount": 20.0, "side": "sell", "timestamp": 1765583476256}, {"id": "546227874", "price": 0.4088, "amount": 10037.0, "side": "buy", "timestamp": 1765583476750}, {"id": "546227875", "price": 0.4088, "amount": 39.0, "side": "sell", "timestamp": 1765583477647}, {"id": "546227876", "price": 0.4089, "amount": 45974.0, "side": "buy", "timestamp": 1765583478169}, {"id": "546227877", "price": 0.409, "amount": 1329.0, "side": "buy", "timestamp": 1765583478172}, {"id": "546227878", "price": 0.4089, "amount": 217.0, "side": "sell", "timestamp": 1765583478515}, {"id": "546227879", "price": 0.409, "amount": 13.0, "side": "buy", "timestamp": 1765583478970}, {"id": "546227880", "price": 0.409, "amount": 10475.0, "side": "buy", "timestamp": 1765583479134}, {"id": "546227881", "price": 0.4091, "amount": 2779.0, "side": "buy", "timestamp": 1765583479136}, {"id": "546227882", "price": 0.409, "amount": 15.0, "side": "sell", "timestamp": 1765583479181}, {"id": "546227883", "price": 0.4091, "amount": 7465.0, "side": "buy", "timestamp": 1765583479596}, {"id": "546227884", "price": 0.4091, "amount": 49.0, "side": "sell", "timestamp": 1765583480207}, {"id": "546227885", "price": 0.4091, "amount": 73.0, "side": "sell", "timestamp": 1765583484111}, {"id": "546227886", "price": 0.4092, "amount": 490.0, "side": "buy", "timestamp": 1765583485429}, {"id": "546227887", "price": 0.4091, "amount": 1605.0, "side": "sell", "timestamp": 1765583487893}, {"id": "546227888", "price": 0.4091, "amount": 158.0, "side": "sell", "timestamp": 1765583489747}, {"id": "546227889", "price": 0.4091, "amount": 489.0, "side": "sell", "timestamp": 1765583490581}, {"id": "546227890", "price": 0.4091, "amount": 13.0, "side": "sell", "timestamp": 1765583491374}, {"id": "546227891", "price": 0.4091, "amount": 25000.0, "side": "sell", "timestamp": 1765583492400}, {"id": "546227892", "price": 0.4091, "amount": 29.0, "side": "sell", "timestamp": 1765583495744}, {"id": "546227893", "price": 0.4091, "amount": 95.0, "side": "sell", "timestamp": 1765583497110}, {"id": "546227894", "price": 0.4091, "amount": 13.0, "side": "sell", "timestamp": 1765583497410}, {"id": "546227895", "price": 0.4091, "amount": 26433.0, "side": "sell", "timestamp": 1765583497705}, {"id": "546227896", "price": 0.409, "amount": 6571.0, "side": "sell", "timestamp": 1765583497731}, {"id": "546227897", "price": 0.4091, "amount": 75.0, "side": "buy", "timestamp": 1765583499304}, {"id": "546227898", "price": 0.4091, "amount": 14.0, "side": "buy", "timestamp": 1765583499821}, {"id": "546227899", "price": 0.4091, "amount": 173.0, "side": "buy", "timestamp": 1765583499941}, {"id": "546227900", "price": 0.409, "amount": 14.0, "side": "sell", "timestamp": 1765583500213}, {"id": "546227901", "price": 0.4091, "amount": 41.0, "side": "buy", "timestamp": 1765583502881}, {"id": "546227902", "price": 0.4091, "amount": 13.0, "side": "buy", "timestamp": 1765583504235}, {"id": "546227903", "price": 0.4091, "amount": 195.0, "side": "buy", "timestamp": 1765583509724}, {"id": "546227904", "price": 0.409, "amount": 14.0, "side": "sell", "timestamp": 1765583510146}, {"id": "546227894", "price": 0.4091, "amount": 13.0, "side": "sell", "timestamp": 1765583497410}, {"id": "546227895", "price": 0.4091, "amount": 26433.0, "side": "sell", "timestamp": 1765583497705}, {"id": "546227896", "price": 0.409, "amount": 6571.0, "side": "sell", "timestamp": 1765583497731}, {"id": "546227897", "price": 0.4091, "amount": 75.0, "side": "buy", "timestamp": 1765583499304}, {"id": "546227898", "price": 0.4091, "amount": 14.0, "side": "buy", "timestamp": 1765583499821}, {"id": "546227899", "price": 0.4091, "amount": 173.0, "side": "buy", "timestamp": 1765583499941}, {"id": "546227900", "price": 0.409, "amount": 14.0, "side": "sell", "timestamp": 1765583500213}, {"id": "546227901", "price": 0.4091, "amount": 41.0, "side": "buy", "timestamp": 1765583502881}, {"id": "546227902", "price": 0.4091, "amount": 13.0, "side": "buy", "timestamp": 1765583504235}, {"id": "546227903", "price": 0.4091, "amount": 195.0, "side": "buy", "timestamp": 1765583509724}, {"id": "546227904", "price": 0.409, "amount": 14.0, "side": "sell", "timestamp": 1765583510146}, {"id": "546227905", "price": 0.4091, "amount": 123.0, "side": "buy", "timestamp": 1765583512676}, {"id": "546227906", "price": 0.409, "amount": 57.0, "side": "sell", "timestamp": 1765583513473}, {"id": "546227907", "price": 0.409, "amount": 887.0, "side": "sell", "timestamp": 1765583515153}, {"id": "546227908", "price": 0.409, "amount": 244.0, "side": "sell", "timestamp": 1765583515945}, {"id": "546227909", "price": 0.409, "amount": 27.0, "side": "sell", "timestamp": 1765583516431}, {"id": "546227910", "price": 0.409, "amount": 358.0, "side": "sell", "timestamp": 1765583516654}, {"id": "546227911", "price": 0.409, "amount": 91494.0, "side": "sell", "timestamp": 1765583519293}, {"id": "546227912", "price": 0.4089, "amount": 73.0, "side": "sell", "timestamp": 1765583519866}, {"id": "546227913", "price": 0.4089, "amount": 166.0, "side": "sell", "timestamp": 1765583520315}, {"id": "546227914", "price": 0.409, "amount": 1031.0, "side": "buy", "timestamp": 1765583522599}, {"id": "546227915", "price": 0.4089, "amount": 146.0, "side": "sell", "timestamp": 1765583522745}, {"id": "546227916", "price": 0.4089, "amount": 489.0, "side": "sell", "timestamp": 1765583524215}, {"id": "546227917", "price": 0.409, "amount": 73.0, "side": "buy", "timestamp": 1765583525965}, {"id": "546227918", "price": 0.4089, "amount": 67.0, "side": "sell", "timestamp": 1765583527693}, {"id": "546227919", "price": 0.4089, "amount": 17.0, "side": "sell", "timestamp": 1765583529874}, {"id": "546227920", "price": 0.4089, "amount": 14.0, "side": "sell", "timestamp": 1765583530097}, {"id": "546227921", "price": 0.4089, "amount": 42.0, "side": "sell", "timestamp": 1765583531737}, {"id": "546227922", "price": 0.409, "amount": 40.0, "side": "buy", "timestamp": 1765583531779}, {"id": "546227923", "price": 0.4089, "amount": 13.0, "side": "sell", "timestamp": 1765583532937}, {"id": "546227924", "price": 0.409, "amount": 757.0, "side": "buy", "timestamp": 1765583533693}, {"id": "546227925", "price": 0.4089, "amount": 102.0, "side": "sell", "timestamp": 1765583534275}, {"id": "546227926", "price": 0.409, "amount": 33.0, "side": "buy", "timestamp": 1765583535409}, {"id": "546227927", "price": 0.409, "amount": 15.0, "side": "buy", "timestamp": 1765583538813}, {"id": "546227928", "price": 0.409, "amount": 554.0, "side": "buy", "timestamp": 1765583541695}, {"id": "546227929", "price": 0.4089, "amount": 15.0, "side": "sell", "timestamp": 1765583543370}, {"id": "546227930", "price": 0.409, "amount": 244.0, "side": "buy", "timestamp": 1765583544539}, {"id": "546227931", "price": 0.409, "amount": 25.0, "side": "buy", "timestamp": 1765583545122}, {"id": "546227932", "price": 0.4089, "amount": 103.0, "side": "sell", "timestamp": 1765583545269}, {"id": "546227933", "price": 0.4089, "amount": 98.0, "side": "sell", "timestamp": 1765583545581}, {"id": "546227934", "price": 0.4089, "amount": 98.0, "side": "sell", "timestamp": 1765583547339}, {"id": "546227935", "price": 0.4089, "amount": 122.0, "side": "sell", "timestamp": 1765583547550}, {"id": "546227936", "price": 0.4089, "amount": 14.0, "side": "sell", "timestamp": 1765583547746}, {"id": "546227937", "price": 0.409, "amount": 537.0, "side": "buy", "timestamp": 1765583549664}, {"id": "546227938", "price": 0.409, "amount": 2290.0, "side": "buy", "timestamp": 1765583551445}, {"id": "546227939", "price": 0.4089, "amount": 19.0, "side": "sell", "timestamp": 1765583553692}, {"id": "546227940", "price": 0.409, "amount": 7748.0, "side": "buy", "timestamp": 1765583554172}, {"id": "546227941", "price": 0.4089, "amount": 489.0, "side": "sell", "timestamp": 1765583556851}, {"id": "546227942", "price": 0.409, "amount": 2138.0, "side": "buy", "timestamp": 1765583562894}, {"id": "546227943", "price": 0.4089, "amount": 9499.0, "side": "sell", "timestamp": 1765583563487}, {"id": "546227939", "price": 0.4089, "amount": 19.0, "side": "sell", "timestamp": 1765583553692}, {"id": "546227940", "price": 0.409, "amount": 7748.0, "side": "buy", "timestamp": 1765583554172}, {"id": "546227941", "price": 0.4089, "amount": 489.0, "side": "sell", "timestamp": 1765583556851}, {"id": "546227942", "price": 0.409, "amount": 2138.0, "side": "buy", "timestamp": 1765583562894}, {"id": "546227943", "price": 0.4089, "amount": 9499.0, "side": "sell", "timestamp": 1765583563487}, {"id": "546227944", "price": 0.409, "amount": 955.0, "side": "buy", "timestamp": 1765583564552}, {"id": "546227945", "price": 0.4089, "amount": 15.0, "side": "sell", "timestamp": 1765583565504}, {"id": "546227946", "price": 0.4089, "amount": 39.0, "side": "sell", "timestamp": 1765583567150}, {"id": "546227947", "price": 0.4089, "amount": 29.0, "side": "sell", "timestamp": 1765583567732}, {"id": "546227948", "price": 0.4089, "amount": 26047.0, "side": "sell", "timestamp": 1765583567884}, {"id": "546227949", "price": 0.4089, "amount": 98.0, "side": "sell", "timestamp": 1765583568403}, {"id": "546227950", "price": 0.4089, "amount": 196.0, "side": "sell", "timestamp": 1765583570286}, {"id": "546227951", "price": 0.409, "amount": 289.0, "side": "buy", "timestamp": 1765583570329}, {"id": "546227952", "price": 0.4089, "amount": 71.0, "side": "sell", "timestamp": 1765583571968}, {"id": "546227953", "price": 0.4089, "amount": 169.0, "side": "sell", "timestamp": 1765583572310}, {"id": "546227954", "price": 0.409, "amount": 612.0, "side": "buy", "timestamp": 1765583575039}, {"id": "546227955", "price": 0.4089, "amount": 891.0, "side": "sell", "timestamp": 1765583577217}, {"id": "546227956", "price": 0.4089, "amount": 29.0, "side": "sell", "timestamp": 1765583577879}, {"id": "546227957", "price": 0.4089, "amount": 96.0, "side": "sell", "timestamp": 1765583578683}, {"id": "546227958", "price": 0.4089, "amount": 129.0, "side": "sell", "timestamp": 1765583578800}, {"id": "546227959", "price": 0.409, "amount": 83.0, "side": "buy", "timestamp": 1765583579216}, {"id": "546227960", "price": 0.4089, "amount": 19.0, "side": "sell", "timestamp": 1765583579321}, {"id": "546227961", "price": 0.409, "amount": 394.0, "side": "buy", "timestamp": 1765583580264}, {"id": "546227962", "price": 0.4089, "amount": 81.0, "side": "sell", "timestamp": 1765583581503}, {"id": "546227963", "price": 0.409, "amount": 33.0, "side": "buy", "timestamp": 1765583582182}, {"id": "546227964", "price": 0.4089, "amount": 326.0, "side": "sell", "timestamp": 1765583582537}, {"id": "546227965", "price": 0.4089, "amount": 13.0, "side": "sell", "timestamp": 1765583583096}, {"id": "546227966", "price": 0.4089, "amount": 73.0, "side": "sell", "timestamp": 1765583586093}, {"id": "546227967", "price": 0.4089, "amount": 13.0, "side": "sell", "timestamp": 1765583589844}, {"id": "546227968", "price": 0.4089, "amount": 13.0, "side": "sell", "timestamp": 1765583591726}, {"id": "546227969", "price": 0.4089, "amount": 13.0, "side": "sell", "timestamp": 1765583591843}, {"id": "546227970", "price": 0.4089, "amount": 98.0, "side": "sell", "timestamp": 1765583592504}, {"id": "546227971", "price": 0.409, "amount": 300.0, "side": "buy", "timestamp": 1765583593358}, {"id": "546227972", "price": 0.4089, "amount": 21.0, "side": "sell", "timestamp": 1765583594835}, {"id": "546227973", "price": 0.4089, "amount": 108.0, "side": "sell", "timestamp": 1765583595376}, {"id": "546227974", "price": 0.409, "amount": 8499.0, "side": "buy", "timestamp": 1765583595502}, {"id": "546227975", "price": 0.4089, "amount": 70.0, "side": "sell", "timestamp": 1765583597344}, {"id": "546227976", "price": 0.409, "amount": 13336.0, "side": "buy", "timestamp": 1765583597690}, {"id": "546227977", "price": 0.409, "amount": 2048.0, "side": "buy", "timestamp": 1765583597894}, {"id": "546227978", "price": 0.409, "amount": 13.0, "side": "buy", "timestamp": 1765583602786}, {"id": "546227979", "price": 0.4089, "amount": 29.0, "side": "sell", "timestamp": 1765583603726}, {"id": "546227980", "price": 0.409, "amount": 12.0, "side": "buy", "timestamp": 1765583606272}, {"id": "546227981", "price": 0.4089, "amount": 12.0, "side": "sell", "timestamp": 1765583606500}, {"id": "546227982", "price": 0.409, "amount": 232.0, "side": "buy", "timestamp": 1765583607859}, {"id": "546227983", "price": 0.4089, "amount": 460.0, "side": "sell", "timestamp": 1765583610162}, {"id": "546227984", "price": 0.409, "amount": 24.0, "side": "buy", "timestamp": 1765583610572}, {"id": "546227985", "price": 0.4089, "amount": 179.0, "side": "sell", "timestamp": 1765583611470}, {"id": "546227986", "price": 0.409, "amount": 232.0, "side": "buy", "timestamp": 1765583612672}, {"id": "546227987", "price": 0.4089, "amount": 14317.0, "side": "sell", "timestamp": 1765583615362}, {"id": "546227988", "price": 0.4089, "amount": 3048.0, "side": "sell", "timestamp": 1765583618348}, {"id": "546227988", "price": 0.4089, "amount": 3048.0, "side": "sell", "timestamp": 1765583618348}, {"id": "546227989", "price": 0.4089, "amount": 105.0, "side": "sell", "timestamp": 1765583620270}, {"id": "546227990", "price": 0.4089, "amount": 13.0, "side": "sell", "timestamp": 1765583620408}, {"id": "546227991", "price": 0.409, "amount": 5069.0, "side": "buy", "timestamp": 1765583622922}, {"id": "546227992", "price": 0.409, "amount": 232.0, "side": "buy", "timestamp": 1765583624094}, {"id": "546227993", "price": 0.4089, "amount": 8741.0, "side": "sell", "timestamp": 1765583625163}, {"id": "546227994", "price": 0.4089, "amount": 114.0, "side": "sell", "timestamp": 1765583626571}, {"id": "546227995", "price": 0.4089, "amount": 106.0, "side": "sell", "timestamp": 1765583626672}, {"id": "546227996", "price": 0.4089, "amount": 3110.0, "side": "sell", "timestamp": 1765583627892}, {"id": "546227997", "price": 0.4089, "amount": 232.0, "side": "buy", "timestamp": 1765583628006}, {"id": "546227998", "price": 0.4088, "amount": 98.0, "side": "sell", "timestamp": 1765583628061}, {"id": "546227999", "price": 0.4088, "amount": 122.0, "side": "sell", "timestamp": 1765583630314}, {"id": "546228000", "price": 0.4088, "amount": 124.0, "side": "sell", "timestamp": 1765583633177}, {"id": "546228001", "price": 0.4088, "amount": 263.0, "side": "sell", "timestamp": 1765583634831}, {"id": "546228002", "price": 0.4088, "amount": 13.0, "side": "sell", "timestamp": 1765583635818}, {"id": "546228003", "price": 0.4089, "amount": 232.0, "side": "buy", "timestamp": 1765583637943}, {"id": "546228004", "price": 0.4089, "amount": 13.0, "side": "buy", "timestamp": 1765583639677}, {"id": "546228005", "price": 0.4088, "amount": 249.0, "side": "sell", "timestamp": 1765583639725}, {"id": "546228006", "price": 0.4088, "amount": 10439.0, "side": "sell", "timestamp": 1765583639968}, {"id": "546228007", "price": 0.4088, "amount": 300.0, "side": "sell", "timestamp": 1765583640121}, {"id": "546228008", "price": 0.4088, "amount": 26500.0, "side": "sell", "timestamp": 1765583640246}, {"id": "546228009", "price": 0.4088, "amount": 75.0, "side": "buy", "timestamp": 1765583640323}, {"id": "546228010", "price": 0.4087, "amount": 1958.0, "side": "sell", "timestamp": 1765583641140}, {"id": "546228011", "price": 0.4087, "amount": 131.0, "side": "sell", "timestamp": 1765583641283}, {"id": "546228012", "price": 0.4087, "amount": 15.0, "side": "sell", "timestamp": 1765583642548}, {"id": "546228013", "price": 0.4087, "amount": 1203.0, "side": "sell", "timestamp": 1765583642768}, {"id": "546228014", "price": 0.4087, "amount": 1625.0, "side": "sell", "timestamp": 1765583643740}, {"id": "546228015", "price": 0.4087, "amount": 25.0, "side": "sell", "timestamp": 1765583646058}, {"id": "546228016", "price": 0.4087, "amount": 73.0, "side": "sell", "timestamp": 1765583646447}, {"id": "546228017", "price": 0.4088, "amount": 232.0, "side": "buy", "timestamp": 1765583646927}, {"id": "546228018", "price": 0.4088, "amount": 2428.0, "side": "buy", "timestamp": 1765583647894}, {"id": "546228019", "price": 0.4087, "amount": 16.0, "side": "sell", "timestamp": 1765583650067}, {"id": "546228020", "price": 0.4087, "amount": 13.0, "side": "sell", "timestamp": 1765583650403}, {"id": "546228021", "price": 0.4088, "amount": 257.0, "side": "buy", "timestamp": 1765583651430}, {"id": "546228022", "price": 0.4088, "amount": 289.0, "side": "buy", "timestamp": 1765583653302}, {"id": "546228023", "price": 0.4087, "amount": 58.0, "side": "sell", "timestamp": 1765583654054}, {"id": "546228024", "price": 0.4088, "amount": 4449.0, "side": "buy", "timestamp": 1765583655396}, {"id": "546228025", "price": 0.4088, "amount": 232.0, "side": "buy", "timestamp": 1765583656228}, {"id": "546228026", "price": 0.4087, "amount": 497.0, "side": "sell", "timestamp": 1765583656293}, {"id": "546228027", "price": 0.4088, "amount": 1678.0, "side": "buy", "timestamp": 1765583659581}, {"id": "546228028", "price": 0.4088, "amount": 115.0, "side": "buy", "timestamp": 1765583659980}, {"id": "546228029", "price": 0.4088, "amount": 62860.0, "side": "buy", "timestamp": 1765583660745}, {"id": "546228030", "price": 0.4088, "amount": 13.0, "side": "sell", "timestamp": 1765583660875}, {"id": "546228031", "price": 0.4088, "amount": 24.0, "side": "sell", "timestamp": 1765583661491}, {"id": "546228032", "price": 0.4089, "amount": 31531.0, "side": "buy", "timestamp": 1765583662529}, {"id": "546228033", "price": 0.4089, "amount": 3701.0, "side": "buy", "timestamp": 1765583662674}, {"id": "546228034", "price": 0.409, "amount": 232.0, "side": "buy", "timestamp": 1765583665260}, {"id": "546228035", "price": 0.4089, "amount": 199.0, "side": "sell", "timestamp": 1765583666302}, {"id": "546228036", "price": 0.409, "amount": 313.0, "side": "buy", "timestamp": 1765583669635}, {"id": "546228037", "price": 0.409, "amount": 232.0, "side": "buy", "timestamp": 1765583669830}, {"id": "546228042", "price": 0.4089, "amount": 232.0, "side": "buy", "timestamp": 1765583679057}, {"id": "546228043", "price": 0.4088, "amount": 142.0, "side": "sell", "timestamp": 1765583681951}, {"id": "546228044", "price": 0.4089, "amount": 816.0, "side": "buy", "timestamp": 1765583683492}, {"id": "546228045", "price": 0.4088, "amount": 13.0, "side": "sell", "timestamp": 1765583684570}, {"id": "546228046", "price": 0.4089, "amount": 314.0, "side": "buy", "timestamp": 1765583687689}, {"id": "546228047", "price": 0.4089, "amount": 232.0, "side": "buy", "timestamp": 1765583688422}, {"id": "546228048", "price": 0.4089, "amount": 125.0, "side": "buy", "timestamp": 1765583690055}, {"id": "546228049", "price": 0.4088, "amount": 94.0, "side": "sell", "timestamp": 1765583692601}, {"id": "546228050", "price": 0.4089, "amount": 232.0, "side": "buy", "timestamp": 1765583692930}, {"id": "546228051", "price": 0.4089, "amount": 305.0, "side": "buy", "timestamp": 1765583694600}, {"id": "546228052", "price": 0.4088, "amount": 145.0, "side": "sell", "timestamp": 1765583694982}, {"id": "546228053", "price": 0.4089, "amount": 99111.0, "side": "buy", "timestamp": 1765583696111}, {"id": "546228054", "price": 0.409, "amount": 9600.0, "side": "buy", "timestamp": 1765583696205}, {"id": "546228055", "price": 0.409, "amount": 222.0, "side": "buy", "timestamp": 1765583696375}, {"id": "546228056", "price": 0.4089, "amount": 43689.0, "side": "sell", "timestamp": 1765583696425}, {"id": "546228057", "price": 0.4088, "amount": 13.0, "side": "sell", "timestamp": 1765583697386}, {"id": "546228058", "price": 0.4089, "amount": 462.0, "side": "buy", "timestamp": 1765583697687}, {"id": "546228059", "price": 0.4089, "amount": 3685.0, "side": "buy", "timestamp": 1765583697892}, {"id": "546228060", "price": 0.4089, "amount": 13.0, "side": "buy", "timestamp": 1765583698056}, {"id": "546228061", "price": 0.4088, "amount": 374.0, "side": "sell", "timestamp": 1765583698843}, {"id": "546228062", "price": 0.4089, "amount": 232.0, "side": "buy", "timestamp": 1765583698931}, {"id": "546228063", "price": 0.4089, "amount": 39.0, "side": "buy", "timestamp": 1765583699648}, {"id": "546228064", "price": 0.4089, "amount": 178.0, "side": "buy", "timestamp": 1765583700368}, {"id": "546228065", "price": 0.4089, "amount": 22675.0, "side": "buy", "timestamp": 1765583700975}, {"id": "546228066", "price": 0.4089, "amount": 2695.0, "side": "buy", "timestamp": 1765583701203}, {"id": "546228067", "price": 0.4089, "amount": 124.0, "side": "buy", "timestamp": 1765583701429}, {"id": "546228068", "price": 0.4088, "amount": 42.0, "side": "sell", "timestamp": 1765583701541}, {"id": "546228069", "price": 0.4089, "amount": 232.0, "side": "buy", "timestamp": 1765583702496}, {"id": "546228070", "price": 0.4089, "amount": 379.0, "side": "buy", "timestamp": 1765583702680}, {"id": "546228071", "price": 0.4088, "amount": 114.0, "side": "sell", "timestamp": 1765583703883}, {"id": "546228072", "price": 0.4088, "amount": 988.0, "side": "sell", "timestamp": 1765583705703}, {"id": "546228073", "price": 0.4088, "amount": 74.0, "side": "sell", "timestamp": 1765583706569}, {"id": "546228074", "price": 0.4089, "amount": 232.0, "side": "buy", "timestamp": 1765583706742}, {"id": "546228075", "price": 0.4088, "amount": 76.0, "side": "sell", "timestamp": 1765583707085}, {"id": "546228076", "price": 0.4089, "amount": 2267.0, "side": "buy", "timestamp": 1765583709661}, {"id": "546228077", "price": 0.4088, "amount": 17.0, "side": "sell", "timestamp": 1765583709853}, {"id": "546228078", "price": 0.4088, "amount": 13.0, "side": "sell", "timestamp": 1765583710091}, {"id": "546228079", "price": 0.4088, "amount": 125.0, "side": "sell", "timestamp": 1765583710879}, {"id": "546228080", "price": 0.4089, "amount": 232.0, "side": "buy", "timestamp": 1765583711255}, {"id": "546228081", "price": 0.4088, "amount": 29.0, "side": "sell", "timestamp": 1765583711744}, {"id": "546228082", "price": 0.4088, "amount": 282.0, "side": "sell", "timestamp": 1765583712355}, {"id": "546228083", "price": 0.4088, "amount": 13.0, "side": "sell", "timestamp": 1765583712633}, {"id": "546228084", "price": 0.4088, "amount": 1572.0, "side": "sell", "timestamp": 1765583712892}, {"id": "546228085", "price": 0.4089, "amount": 1000.0, "side": "buy", "timestamp": 1765583713384}, {"id": "546228086", "price": 0.4089, "amount": 59.0, "side": "buy", "timestamp": 1765583714025}, {"id": "546228087", "price": 0.4089, "amount": 232.0, "side": "buy", "timestamp": 1765583715841}, {"id": "546228088", "price": 0.4088, "amount": 1000.0, "side": "sell", "timestamp": 1765583719611}, {"id": "546228089", "price": 0.4089, "amount": 232.0, "side": "buy", "timestamp": 1765583720585}, {"id": "546228090", "price": 0.4088, "amount": 13.0, "side": "sell", "timestamp": 1765583722427}, {"id": "546228091", "price": 0.4088, "amount": 101.0, "side": "sell", "timestamp": 1765583723572}, {"id": "546228101", "price": 0.4089, "amount": 232.0, "side": "buy", "timestamp": 1765583738635}, {"id": "546228102", "price": 0.4089, "amount": 22.0, "side": "buy", "timestamp": 1765583742892}, {"id": "546228103", "price": 0.4089, "amount": 232.0, "side": "buy", "timestamp": 1765583743142}, {"id": "546228104", "price": 0.4088, "amount": 13.0, "side": "sell", "timestamp": 1765583744861}, {"id": "546228105", "price": 0.4089, "amount": 14.0, "side": "buy", "timestamp": 1765583746413}, {"id": "546228106", "price": 0.4088, "amount": 29.0, "side": "sell", "timestamp": 1765583747749}, {"id": "546228107", "price": 0.4089, "amount": 13.0, "side": "buy", "timestamp": 1765583747817}, {"id": "546228108", "price": 0.4089, "amount": 232.0, "side": "buy", "timestamp": 1765583747958}, {"id": "546228109", "price": 0.4089, "amount": 75.0, "side": "buy", "timestamp": 1765583748898}, {"id": "546228110", "price": 0.4088, "amount": 57.0, "side": "sell", "timestamp": 1765583749828}, {"id": "546228111", "price": 0.4089, "amount": 13487.0, "side": "buy", "timestamp": 1765583749927}, {"id": "546228112", "price": 0.4088, "amount": 7748.0, "side": "sell", "timestamp": 1765583751623}, {"id": "546228113", "price": 0.4089, "amount": 232.0, "side": "buy", "timestamp": 1765583752469}, {"id": "546228114", "price": 0.4088, "amount": 15.0, "side": "sell", "timestamp": 1765583752981}, {"id": "546228115", "price": 0.4088, "amount": 14.0, "side": "sell", "timestamp": 1765583753332}, {"id": "546228116", "price": 0.4089, "amount": 406.0, "side": "buy", "timestamp": 1765583753503}, {"id": "546228117", "price": 0.4088, "amount": 14.0, "side": "sell", "timestamp": 1765583753650}, {"id": "546228118", "price": 0.4089, "amount": 32.0, "side": "buy", "timestamp": 1765583753685}, {"id": "546228119", "price": 0.4088, "amount": 1470.0, "side": "sell", "timestamp": 1765583753895}, {"id": "546228120", "price": 0.4088, "amount": 433.0, "side": "sell", "timestamp": 1765583754731}, {"id": "546228121", "price": 0.4089, "amount": 76.0, "side": "buy", "timestamp": 1765583756842}, {"id": "546228122", "price": 0.4089, "amount": 232.0, "side": "buy", "timestamp": 1765583756990}, {"id": "546228123", "price": 0.4088, "amount": 92.0, "side": "sell", "timestamp": 1765583758278}, {"id": "546228124", "price": 0.4088, "amount": 42.0, "side": "sell", "timestamp": 1765583758639}, {"id": "546228125", "price": 0.4088, "amount": 199.0, "side": "sell", "timestamp": 1765583760096}, {"id": "546228126", "price": 0.4088, "amount": 113.0, "side": "sell", "timestamp": 1765583760708}, {"id": "546228127", "price": 0.4088, "amount": 203.0, "side": "sell", "timestamp": 1765583760899}, {"id": "546228128", "price": 0.4088, "amount": 112.0, "side": "sell", "timestamp": 1765583761241}, {"id": "546228129", "price": 0.4089, "amount": 285.0, "side": "buy", "timestamp": 1765583761501}, {"id": "546228130", "price": 0.4088, "amount": 13.0, "side": "sell", "timestamp": 1765583761619}, {"id": "546228131", "price": 0.4088, "amount": 73.0, "side": "sell", "timestamp": 1765583762734}, {"id": "546228132", "price": 0.4089, "amount": 13.0, "side": "buy", "timestamp": 1765583764204}, {"id": "546228133", "price": 0.4089, "amount": 13.0, "side": "buy", "timestamp": 1765583765425}, {"id": "546228134", "price": 0.4088, "amount": 260.0, "side": "sell", "timestamp": 1765583765635}, {"id": "546228135", "price": 0.4089, "amount": 13.0, "side": "buy", "timestamp": 1765583765802}, {"id": "546228136", "price": 0.4088, "amount": 70.0, "side": "sell", "timestamp": 1765583766463}, {"id": "546228137", "price": 0.4089, "amount": 252.0, "side": "buy", "timestamp": 1765583766592}, {"id": "546228138", "price": 0.4089, "amount": 74.0, "side": "buy", "timestamp": 1765583766964}, {"id": "546228139", "price": 0.4089, "amount": 62.0, "side": "buy", "timestamp": 1765583767272}, {"id": "546228140", "price": 0.4088, "amount": 257.0, "side": "sell", "timestamp": 1765583768311}, {"id": "546228141", "price": 0.4088, "amount": 29.0, "side": "sell", "timestamp": 1765583770041}, {"id": "546228142", "price": 0.4089, "amount": 232.0, "side": "buy", "timestamp": 1765583771085}, {"id": "546228143", "price": 0.4088, "amount": 17.0, "side": "sell", "timestamp": 1765583771925}, {"id": "546228144", "price": 0.4089, "amount": 13.0, "side": "buy", "timestamp": 1765583772158}, {"id": "546228145", "price": 0.4089, "amount": 109.0, "side": "buy", "timestamp": 1765583774116}, {"id": "546228146", "price": 0.4089, "amount": 232.0, "side": "buy", "timestamp": 1765583775307}, {"id": "546228147", "price": 0.4088, "amount": 128.0, "side": "sell", "timestamp": 1765583776683}, {"id": "546228148", "price": 0.4088, "amount": 102.0, "side": "sell", "timestamp": 1765583777348}, {"id": "546228149", "price": 0.4088, "amount": 30343.0, "side": "sell", "timestamp": 1765583777720}, {"id": "546228150", "price": 0.4088, "amount": 2623.0, "side": "buy", "timestamp": 1765583777894}, {"id": "546228159", "price": 0.4087, "amount": 1666.0, "side": "sell", "timestamp": 1765583787892}, {"id": "546228160", "price": 0.4088, "amount": 45.0, "side": "buy", "timestamp": 1765583788208}, {"id": "546228161", "price": 0.4088, "amount": 232.0, "side": "buy", "timestamp": 1765583789141}, {"id": "546228162", "price": 0.4087, "amount": 20.0, "side": "sell", "timestamp": 1765583789504}, {"id": "546228163", "price": 0.4087, "amount": 301.0, "side": "sell", "timestamp": 1765583793085}, {"id": "546228164", "price": 0.4087, "amount": 98.0, "side": "sell", "timestamp": 1765583793236}, {"id": "546228165", "price": 0.4087, "amount": 13.0, "side": "sell", "timestamp": 1765583793632}, {"id": "546228166", "price": 0.4088, "amount": 232.0, "side": "buy", "timestamp": 1765583793657}, {"id": "546228167", "price": 0.4088, "amount": 879.0, "side": "buy", "timestamp": 1765583794346}, {"id": "546228168", "price": 0.4087, "amount": 17.0, "side": "sell", "timestamp": 1765583795280}, {"id": "546228169", "price": 0.4088, "amount": 229.0, "side": "buy", "timestamp": 1765583796486}, {"id": "546228170", "price": 0.4088, "amount": 30.0, "side": "buy", "timestamp": 1765583797150}, {"id": "546228171", "price": 0.4087, "amount": 461.0, "side": "sell", "timestamp": 1765583797825}, {"id": "546228172", "price": 0.4088, "amount": 232.0, "side": "buy", "timestamp": 1765583798121}, {"id": "546228173", "price": 0.4087, "amount": 4655.0, "side": "sell", "timestamp": 1765583798309}, {"id": "546228174", "price": 0.4088, "amount": 1482.0, "side": "buy", "timestamp": 1765583798423}, {"id": "546228175", "price": 0.4087, "amount": 164.0, "side": "sell", "timestamp": 1765583799132}, {"id": "546228176", "price": 0.4087, "amount": 13.0, "side": "sell", "timestamp": 1765583799927}, {"id": "546228177", "price": 0.4088, "amount": 732.0, "side": "buy", "timestamp": 1765583800385}, {"id": "546228178", "price": 0.4087, "amount": 15.0, "side": "sell", "timestamp": 1765583800532}, {"id": "546228179", "price": 0.4088, "amount": 24.0, "side": "buy", "timestamp": 1765583802206}, {"id": "546228180", "price": 0.4088, "amount": 232.0, "side": "buy", "timestamp": 1765583802923}, {"id": "546228181", "price": 0.4088, "amount": 370.0, "side": "buy", "timestamp": 1765583804780}, {"id": "546228182", "price": 0.4088, "amount": 20.0, "side": "buy", "timestamp": 1765583804959}, {"id": "546228183", "price": 0.4088, "amount": 232.0, "side": "buy", "timestamp": 1765583807432}, {"id": "546228184", "price": 0.4087, "amount": 49.0, "side": "sell", "timestamp": 1765583810477}, {"id": "546228185", "price": 0.4088, "amount": 200.0, "side": "buy", "timestamp": 1765583811689}, {"id": "546228186", "price": 0.4088, "amount": 232.0, "side": "buy", "timestamp": 1765583812244}, {"id": "546228187", "price": 0.4087, "amount": 49.0, "side": "sell", "timestamp": 1765583812369}, {"id": "546228188", "price": 0.4087, "amount": 165.0, "side": "sell", "timestamp": 1765583812975}, {"id": "546228189", "price": 0.4088, "amount": 83.0, "side": "buy", "timestamp": 1765583813664}, {"id": "546228190", "price": 0.4088, "amount": 232.0, "side": "buy", "timestamp": 1765583816445}, {"id": "546228191", "price": 0.4088, "amount": 6136.0, "side": "buy", "timestamp": 1765583819354}, {"id": "546228192", "price": 0.4087, "amount": 29.0, "side": "sell", "timestamp": 1765583819737}, {"id": "546228193", "price": 0.4087, "amount": 69.0, "side": "sell", "timestamp": 1765583820067}, {"id": "546228194", "price": 0.4087, "amount": 16556.0, "side": "sell", "timestamp": 1765583820617}, {"id": "546228195", "price": 0.4087, "amount": 2698.0, "side": "buy", "timestamp": 1765583821239}, {"id": "546228196", "price": 0.4086, "amount": 26.0, "side": "sell", "timestamp": 1765583821267}, {"id": "546228197", "price": 0.4087, "amount": 50.0, "side": "buy", "timestamp": 1765583822364}, {"id": "546228198", "price": 0.4087, "amount": 65.0, "side": "buy", "timestamp": 1765583824454}, {"id": "546228199", "price": 0.4086, "amount": 18.0, "side": "sell", "timestamp": 1765583824550}, {"id": "546228200", "price": 0.4087, "amount": 15929.0, "side": "buy", "timestamp": 1765583825024}, {"id": "546228201", "price": 0.4086, "amount": 73.0, "side": "sell", "timestamp": 1765583825993}, {"id": "546228202", "price": 0.4087, "amount": 301.0, "side": "buy", "timestamp": 1765583826287}, {"id": "546228203", "price": 0.4087, "amount": 74.0, "side": "buy", "timestamp": 1765583827116}, {"id": "546228204", "price": 0.4086, "amount": 175.0, "side": "sell", "timestamp": 1765583829812}, {"id": "546228205", "price": 0.4087, "amount": 73.0, "side": "buy", "timestamp": 1765583829830}, {"id": "546228206", "price": 0.4087, "amount": 177.0, "side": "buy", "timestamp": 1765583829992}, {"id": "546228207", "price": 0.4087, "amount": 32.0, "side": "buy", "timestamp": 1765583830093}, {"id": "546228208", "price": 0.4087, "amount": 232.0, "side": "buy", "timestamp": 1765583830564}, {"id": "546228225", "price": 0.4087, "amount": 75.0, "side": "buy", "timestamp": 1765583844852}, {"id": "546228226", "price": 0.4087, "amount": 61.0, "side": "buy", "timestamp": 1765583844967}, {"id": "546228227", "price": 0.4087, "amount": 232.0, "side": "buy", "timestamp": 1765583848629}, {"id": "546228228", "price": 0.4086, "amount": 35.0, "side": "sell", "timestamp": 1765583848864}, {"id": "546228229", "price": 0.4087, "amount": 21.0, "side": "buy", "timestamp": 1765583849751}, {"id": "546228230", "price": 0.4087, "amount": 172.0, "side": "buy", "timestamp": 1765583849919}, {"id": "546228231", "price": 0.4087, "amount": 39.0, "side": "buy", "timestamp": 1765583852892}, {"id": "546228232", "price": 0.4087, "amount": 232.0, "side": "buy", "timestamp": 1765583853406}, {"id": "546228233", "price": 0.4087, "amount": 33.0, "side": "buy", "timestamp": 1765583854779}, {"id": "546228234", "price": 0.4087, "amount": 110.0, "side": "buy", "timestamp": 1765583854904}, {"id": "546228235", "price": 0.4087, "amount": 69.0, "side": "buy", "timestamp": 1765583855014}, {"id": "546228236", "price": 0.4086, "amount": 29.0, "side": "sell", "timestamp": 1765583855749}, {"id": "546228237", "price": 0.4086, "amount": 17.0, "side": "sell", "timestamp": 1765583855918}, {"id": "546228238", "price": 0.4086, "amount": 602.0, "side": "sell", "timestamp": 1765583857168}, {"id": "546228239", "price": 0.4087, "amount": 232.0, "side": "buy", "timestamp": 1765583857981}, {"id": "546228240", "price": 0.4086, "amount": 835.0, "side": "sell", "timestamp": 1765583859237}, {"id": "546228241", "price": 0.4087, "amount": 35.0, "side": "buy", "timestamp": 1765583859772}, {"id": "546228242", "price": 0.4087, "amount": 167.0, "side": "buy", "timestamp": 1765583860085}, {"id": "546228243", "price": 0.4087, "amount": 373.0, "side": "buy", "timestamp": 1765583860474}, {"id": "546228244", "price": 0.4087, "amount": 15.0, "side": "buy", "timestamp": 1765583861183}, {"id": "546228245", "price": 0.4087, "amount": 232.0, "side": "buy", "timestamp": 1765583862441}, {"id": "546228246", "price": 0.4086, "amount": 16.0, "side": "sell", "timestamp": 1765583863495}, {"id": "546228247", "price": 0.4087, "amount": 15.0, "side": "buy", "timestamp": 1765583864209}, {"id": "546228248", "price": 0.4087, "amount": 147.0, "side": "buy", "timestamp": 1765583864883}, {"id": "546228249", "price": 0.4087, "amount": 50.0, "side": "buy", "timestamp": 1765583865014}, {"id": "546228250", "price": 0.4086, "amount": 306.0, "side": "sell", "timestamp": 1765583865388}, {"id": "546228251", "price": 0.4086, "amount": 21.0, "side": "sell", "timestamp": 1765583866225}, {"id": "546228252", "price": 0.4087, "amount": 232.0, "side": "buy", "timestamp": 1765583866914}, {"id": "546228253", "price": 0.4087, "amount": 14.0, "side": "buy", "timestamp": 1765583867126}, {"id": "546228254", "price": 0.4087, "amount": 90.0, "side": "buy", "timestamp": 1765583867815}, {"id": "546228255", "price": 0.4087, "amount": 15.0, "side": "buy", "timestamp": 1765583869618}, {"id": "546228256", "price": 0.4087, "amount": 122.0, "side": "buy", "timestamp": 1765583869795}, {"id": "546228257", "price": 0.4087, "amount": 86.0, "side": "buy", "timestamp": 1765583870000}, {"id": "546228258", "price": 0.4087, "amount": 916.0, "side": "buy", "timestamp": 1765583871270}, {"id": "546228259", "price": 0.4087, "amount": 232.0, "side": "buy", "timestamp": 1765583871753}, {"id": "546228260", "price": 0.4087, "amount": 486.0, "side": "buy", "timestamp": 1765583872227}, {"id": "546228261", "price": 0.4086, "amount": 1287.0, "side": "sell", "timestamp": 1765583872893}, {"id": "546228262", "price": 0.4086, "amount": 125.0, "side": "sell", "timestamp": 1765583873683}, {"id": "546228263", "price": 0.4087, "amount": 232.0, "side": "buy", "timestamp": 1765583876215}, {"id": "546228264", "price": 0.4086, "amount": 73.0, "side": "sell", "timestamp": 1765583877525}, {"id": "546228265", "price": 0.4087, "amount": 20.0, "side": "buy", "timestamp": 1765583879680}, {"id": "546228266", "price": 0.4086, "amount": 25.0, "side": "sell", "timestamp": 1765583879780}, {"id": "546228267", "price": 0.4086, "amount": 11421.0, "side": "sell", "timestamp": 1765583880109}, {"id": "546228268", "price": 0.4086, "amount": 4160.0, "side": "sell", "timestamp": 1765583880324}, {"id": "546228269", "price": 0.4086, "amount": 242.0, "side": "sell", "timestamp": 1765583880582}, {"id": "546228270", "price": 0.4087, "amount": 232.0, "side": "buy", "timestamp": 1765583880715}, {"id": "546228271", "price": 0.4087, "amount": 58.0, "side": "buy", "timestamp": 1765583881467}, {"id": "546228272", "price": 0.4087, "amount": 186.0, "side": "buy", "timestamp": 1765583882308}, {"id": "546228273", "price": 0.4087, "amount": 16.0, "side": "buy", "timestamp": 1765583882774}, {"id": "546228274", "price": 0.4087, "amount": 19.0, "side": "buy", "timestamp": 1765583883567}, {"id": "546228290", "price": 0.4087, "amount": 70.0, "side": "buy", "timestamp": 1765583894944}, {"id": "546228291", "price": 0.4086, "amount": 242.0, "side": "sell", "timestamp": 1765583895094}, {"id": "546228292", "price": 0.4087, "amount": 542.0, "side": "buy", "timestamp": 1765583895646}, {"id": "546228293", "price": 0.4086, "amount": 5630.0, "side": "sell", "timestamp": 1765583896094}, {"id": "546228294", "price": 0.4087, "amount": 489.0, "side": "buy", "timestamp": 1765583897340}, {"id": "546228295", "price": 0.4087, "amount": 232.0, "side": "buy", "timestamp": 1765583899081}, {"id": "546228296", "price": 0.4086, "amount": 194.0, "side": "sell", "timestamp": 1765583900218}, {"id": "546228297", "price": 0.4086, "amount": 242.0, "side": "sell", "timestamp": 1765583900325}, {"id": "546228298", "price": 0.4086, "amount": 16.0, "side": "sell", "timestamp": 1765583901157}, {"id": "546228299", "price": 0.4086, "amount": 16.0, "side": "sell", "timestamp": 1765583902580}, {"id": "546228300", "price": 0.4087, "amount": 232.0, "side": "buy", "timestamp": 1765583903849}, {"id": "546228301", "price": 0.4087, "amount": 74.0, "side": "buy", "timestamp": 1765583904982}, {"id": "546228302", "price": 0.4087, "amount": 232.0, "side": "buy", "timestamp": 1765583908405}, {"id": "546228303", "price": 0.4086, "amount": 161.0, "side": "sell", "timestamp": 1765583908425}, {"id": "546228304", "price": 0.4087, "amount": 35.0, "side": "buy", "timestamp": 1765583909721}, {"id": "546228305", "price": 0.4087, "amount": 38.0, "side": "buy", "timestamp": 1765583910076}, {"id": "546228306", "price": 0.4087, "amount": 232.0, "side": "buy", "timestamp": 1765583912860}, {"id": "546228307", "price": 0.4086, "amount": 244.0, "side": "sell", "timestamp": 1765583913079}, {"id": "546228308", "price": 0.4086, "amount": 13.0, "side": "sell", "timestamp": 1765583913693}, {"id": "546228309", "price": 0.4087, "amount": 74.0, "side": "buy", "timestamp": 1765583914775}, {"id": "546228310", "price": 0.4086, "amount": 143.0, "side": "sell", "timestamp": 1765583916837}, {"id": "546228311", "price": 0.4087, "amount": 232.0, "side": "buy", "timestamp": 1765583917380}, {"id": "546228312", "price": 0.4086, "amount": 49.0, "side": "sell", "timestamp": 1765583917593}, {"id": "546228313", "price": 0.4086, "amount": 15.0, "side": "sell", "timestamp": 1765583918342}, {"id": "546228314", "price": 0.4086, "amount": 14.0, "side": "sell", "timestamp": 1765583918796}, {"id": "546228315", "price": 0.4086, "amount": 13.0, "side": "sell", "timestamp": 1765583919477}, {"id": "546228316", "price": 0.4087, "amount": 35.0, "side": "buy", "timestamp": 1765583919757}, {"id": "546228317", "price": 0.4087, "amount": 42.0, "side": "buy", "timestamp": 1765583920005}, {"id": "546228318", "price": 0.4087, "amount": 232.0, "side": "buy", "timestamp": 1765583921869}, {"id": "546228319", "price": 0.4086, "amount": 13.0, "side": "sell", "timestamp": 1765583922697}, {"id": "546228320", "price": 0.4087, "amount": 486.0, "side": "buy", "timestamp": 1765583923941}, {"id": "546228321", "price": 0.4087, "amount": 40.0, "side": "buy", "timestamp": 1765583924750}, {"id": "546228322", "price": 0.4087, "amount": 33.0, "side": "buy", "timestamp": 1765583924952}, {"id": "546228323", "price": 0.4087, "amount": 232.0, "side": "buy", "timestamp": 1765583926674}, {"id": "546228324", "price": 0.4086, "amount": 15.0, "side": "sell", "timestamp": 1765583926712}, {"id": "546228325", "price": 0.4087, "amount": 6000.0, "side": "buy", "timestamp": 1765583926858}, {"id": "546228326", "price": 0.4086, "amount": 29.0, "side": "sell", "timestamp": 1765583927728}, {"id": "546228327", "price": 0.4087, "amount": 288.0, "side": "buy", "timestamp": 1765583929533}, {"id": "546228328", "price": 0.4087, "amount": 71.0, "side": "buy", "timestamp": 1765583930026}, {"id": "546228329", "price": 0.4087, "amount": 150.0, "side": "buy", "timestamp": 1765583930947}, {"id": "546228330", "price": 0.4087, "amount": 232.0, "side": "buy", "timestamp": 1765583931193}, {"id": "546228331", "price": 0.4086, "amount": 15.0, "side": "sell", "timestamp": 1765583931709}, {"id": "546228332", "price": 0.4087, "amount": 8786.0, "side": "buy", "timestamp": 1765583932019}, {"id": "546228333", "price": 0.4086, "amount": 895.0, "side": "sell", "timestamp": 1765583932892}, {"id": "546228334", "price": 0.4087, "amount": 591.0, "side": "buy", "timestamp": 1765583934643}, {"id": "546228335", "price": 0.4086, "amount": 14.0, "side": "sell", "timestamp": 1765583935117}, {"id": "546228336", "price": 0.4087, "amount": 232.0, "side": "buy", "timestamp": 1765583935692}, {"id": "546228337", "price": 0.4087, "amount": 28.0, "side": "buy", "timestamp": 1765583937892}, {"id": "546228338", "price": 0.4087, "amount": 60.0, "side": "buy", "timestamp": 1765583938274}, {"id": "546228339", "price": 0.4087, "amount": 35524.0, "side": "buy", "timestamp": 1765583938509}, {"id": "546228343", "price": 0.4088, "amount": 3238.0, "side": "buy", "timestamp": 1765583942544}, {"id": "546228344", "price": 0.4087, "amount": 20.0, "side": "sell", "timestamp": 1765583942726}, {"id": "546228345", "price": 0.4088, "amount": 718.0, "side": "buy", "timestamp": 1765583945001}, {"id": "546228346", "price": 0.4087, "amount": 74.0, "side": "sell", "timestamp": 1765583947682}, {"id": "546228347", "price": 0.4088, "amount": 8312.0, "side": "buy", "timestamp": 1765583947924}, {"id": "546228348", "price": 0.4088, "amount": 232.0, "side": "buy", "timestamp": 1765583949512}, {"id": "546228349", "price": 0.4088, "amount": 5.0, "side": "buy", "timestamp": 1765583951270}, {"id": "546228350", "price": 0.4087, "amount": 32.0, "side": "sell", "timestamp": 1765583952536}, {"id": "546228351", "price": 0.4087, "amount": 41.0, "side": "sell", "timestamp": 1765583953255}, {"id": "546228352", "price": 0.4087, "amount": 160.0, "side": "sell", "timestamp": 1765583953574}, {"id": "546228353", "price": 0.4088, "amount": 232.0, "side": "buy", "timestamp": 1765583954306}, {"id": "546228354", "price": 0.4088, "amount": 15000.0, "side": "buy", "timestamp": 1765583954496}, {"id": "546228355", "price": 0.4087, "amount": 17.0, "side": "sell", "timestamp": 1765583954772}, {"id": "546228356", "price": 0.4088, "amount": 486.0, "side": "buy", "timestamp": 1765583955579}, {"id": "546228357", "price": 0.4088, "amount": 14.0, "side": "buy", "timestamp": 1765583956272}, {"id": "546228358", "price": 0.4088, "amount": 609.0, "side": "buy", "timestamp": 1765583956778}, {"id": "546228359", "price": 0.4087, "amount": 17.0, "side": "sell", "timestamp": 1765583957945}, {"id": "546228360", "price": 0.4088, "amount": 232.0, "side": "buy", "timestamp": 1765583958811}, {"id": "546228361", "price": 0.4087, "amount": 614.0, "side": "sell", "timestamp": 1765583959948}, {"id": "546228362", "price": 0.4088, "amount": 37.0, "side": "buy", "timestamp": 1765583960642}, {"id": "546228363", "price": 0.4088, "amount": 15292.0, "side": "buy", "timestamp": 1765583962692}, {"id": "546228364", "price": 0.4088, "amount": 14.0, "side": "sell", "timestamp": 1765583962815}, {"id": "546228365", "price": 0.4089, "amount": 232.0, "side": "buy", "timestamp": 1765583963025}, {"id": "546228366", "price": 0.4088, "amount": 48.0, "side": "sell", "timestamp": 1765583963740}, {"id": "546228367", "price": 0.4089, "amount": 4296.0, "side": "buy", "timestamp": 1765583963895}, {"id": "546228368", "price": 0.4088, "amount": 489.0, "side": "sell", "timestamp": 1765583964297}, {"id": "546228369", "price": 0.4088, "amount": 62.0, "side": "sell", "timestamp": 1765583964802}, {"id": "546228370", "price": 0.4088, "amount": 6396.0, "side": "sell", "timestamp": 1765583965898}, {"id": "546228371", "price": 0.4089, "amount": 3683.0, "side": "buy", "timestamp": 1765583965930}, {"id": "546228372", "price": 0.4089, "amount": 232.0, "side": "buy", "timestamp": 1765583967833}, {"id": "546228373", "price": 0.4088, "amount": 4298.0, "side": "sell", "timestamp": 1765583968624}, {"id": "546228374", "price": 0.4088, "amount": 5277.0, "side": "buy", "timestamp": 1765583969323}, {"id": "546228375", "price": 0.4088, "amount": 7718.0, "side": "buy", "timestamp": 1765583969655}, {"id": "546228376", "price": 0.4087, "amount": 326.0, "side": "sell", "timestamp": 1765583969811}, {"id": "546228377", "price": 0.4088, "amount": 524.0, "side": "buy", "timestamp": 1765583971534}, {"id": "546228378", "price": 0.4088, "amount": 189.0, "side": "buy", "timestamp": 1765583973011}, {"id": "546228379", "price": 0.4087, "amount": 244.0, "side": "sell", "timestamp": 1765583975204}, {"id": "546228380", "price": 0.4087, "amount": 1340.0, "side": "sell", "timestamp": 1765583975643}, {"id": "546228381", "price": 0.4088, "amount": 232.0, "side": "buy", "timestamp": 1765583977148}, {"id": "546228382", "price": 0.4087, "amount": 645.0, "side": "sell", "timestamp": 1765583977240}, {"id": "546228383", "price": 0.4087, "amount": 1522.0, "side": "sell", "timestamp": 1765583977893}, {"id": "546228384", "price": 0.4088, "amount": 74.0, "side": "buy", "timestamp": 1765583978731}, {"id": "546228385", "price": 0.4087, "amount": 30.0, "side": "sell", "timestamp": 1765583979621}, {"id": "546228386", "price": 0.4088, "amount": 232.0, "side": "buy", "timestamp": 1765583981648}, {"id": "546228387", "price": 0.4087, "amount": 14.0, "side": "sell", "timestamp": 1765583983530}, {"id": "546228388", "price": 0.4088, "amount": 232.0, "side": "buy", "timestamp": 1765583986159}, {"id": "546228389", "price": 0.4088, "amount": 21040.0, "side": "buy", "timestamp": 1765583986557}, {"id": "546228390", "price": 0.4088, "amount": 1620.0, "side": "buy", "timestamp": 1765583988980}, {"id": "546228391", "price": 0.4089, "amount": 36.0, "side": "buy", "timestamp": 1765583990381}, {"id": "546228392", "price": 0.4089, "amount": 232.0, "side": "buy", "timestamp": 1765583990649}]