[{"symbol": "ETHUSDT", "bids": [[2831.66, 44.244], [2831.65, 0.102], [2831.64, 0.406], [2831.63, 0.016], [2831.62, 0.018], [2831.61, 5.859], [2831.6, 21.647], [2831.59, 0.024], [2831.58, 0.034], [2831.57, 0.023], [2831.56, 10.659], [2831.55, 7.095], [2831.54, 0.028], [2831.53, 0.024], [2831.52, 0.034], [2831.51, 0.024], [2831.5, 0.033], [2831.49, 0.932], [2831.48, 3.468], [2831.47, 7.107]], "asks": [[2831.67, 16.79], [2831.68, 0.026], [2831.7, 0.036], [2831.71, 0.009], [2831.72, 0.015], [2831.73, 0.009], [2831.74, 0.024], [2831.76, 0.033], [2831.78, 0.023], [2831.79, 0.026], [2831.8, 0.015], [2831.82, 0.033], [2831.83, 0.016], [2831.84, 0.91], [2831.85, 0.026], [2831.86, 0.024], [2831.87, 0.008], [2831.88, 0.044], [2831.9, 0.015], [2831.91, 0.202]], "timestamp": "2025-12-18T00:00:18.808870+00:00"}, {"symbol": "ETHUSDT", "bids": [[2832.58, 11.675], [2832.57, 0.008], [2832.56, 0.208], [2832.55, 0.009], [2832.54, 0.017], [2832.53, 0.015], [2832.52, 0.009], [2832.51, 0.032], [2832.5, 0.017], [2832.49, 0.022], [2832.48, 0.025], [2832.46, 0.033], [2832.44, 0.016], [2832.43, 0.033], [2832.42, 0.034], [2832.4, 0.063], [2832.39, 0.016], [2832.38, 0.026], [2832.37, 0.033], [2832.36, 0.008]], "asks": [[2832.59, 126.11], [2832.6, 2.9], [2832.61, 4.351], [2832.62, 1.582], [2832.63, 0.018], [2832.64, 0.031], [2832.65, 0.009], [2832.66, 0.04], [2832.68, 0.024], [2832.69, 0.017], [2832.7, 1.545], [2832.71, 0.008], [2832.72, 0.135], [2832.73, 0.047], [2832.74, 0.032], [2832.75, 0.152], [2832.76, 0.032], [2832.77, 0.018], [2832.78, 0.023], [2832.8, 0.033]], "timestamp": "2025-12-18T00:01:17.767697+00:00"}, {"symbol": "ETHUSDT", "bids": [[2829.81, 141.741], [2829.8, 0.087], [2829.79, 0.016], [2829.78, 0.017], [2829.77, 0.009], [2829.76, 0.032], [2829.74, 0.047], [2829.73, 0.009], [2829.72, 0.024], [2829.71, 0.111], [2829.7, 0.023], [2829.69, 0.008], [2829.68, 0.049], [2829.67, 2.019], [2829.66, 0.035], [2829.65, 1.681], [2829.64, 0.42], [2829.63, 0.353], [2829.62, 0.234], [2829.61, 0.358]], "asks": [[2829.82, 36.934], [2829.83, 0.624], [2829.84, 0.249], [2829.86, 0.018], [2829.87, 0.086], [2829.88, 0.009], [2829.89, 0.024], [2829.9, 0.226], [2829.91, 0.041], [2829.92, 0.046], [2829.93, 0.009], [2829.94, 0.024], [2829.95, 0.026], [2829.96, 2.059], [2829.97, 0.009], [2829.98, 0.044], [2829.99, 0.196], [2830.0, 0.262], [2830.01, 0.794], [2830.02, 0.404]], "timestamp": "2025-12-18T00:02:14.044986+00:00"}, {"symbol": "ETHUSDT", "bids": [[2830.73, 31.514], [2830.72, 0.508], [2830.71, 0.353], [2830.7, 0.025], [2830.69, 0.009], [2830.68, 0.018], [2830.66, 0.023], [2830.65, 0.842], [2830.64, 0.023], [2830.63, 0.017], [2830.62, 0.015], [2830.61, 0.017], [2830.6, 0.224], [2830.59, 0.008], [2830.58, 0.033], [2830.57, 0.017], [2830.56, 0.024], [2830.55, 0.913], [2830.54, 5.709], [2830.53, 0.753]], "asks": [[2830.74, 56.602], [2830.75, 1.075], [2830.76, 0.009], [2830.77, 0.033], [2830.78, 0.011], [2830.79, 0.033], [2830.8, 0.259], [2830.81, 0.024], [2830.82, 0.009], [2830.83, 0.041], [2830.84, 0.018], [2830.85, 0.009], [2830.86, 0.048], [2830.87, 0.009], [2830.88, 0.032], [2830.89, 0.018], [2830.9, 0.051], [2830.91, 0.009], [2830.92, 0.023], [2830.93, 0.027]], "timestamp": "2025-12-18T00:03:09.311048+00:00"}, {"symbol": "ETHUSDT", "bids": [[2828.93, 54.231], [2828.92, 0.016], [2828.91, 0.008], [2828.9, 0.009], [2828.89, 0.009], [2828.88, 0.949], [2828.87, 0.603], [2828.86, 0.024], [2828.85, 3.412], [2828.84, 0.475], [2828.83, 0.025], [2828.82, 0.024], [2828.81, 0.146], [2828.8, 0.026], [2828.79, 0.653], [2828.78, 2.714], [2828.77, 0.009], [2828.76, 0.362], [2828.75, 0.023], [2828.74, 0.018]], "asks": [[2828.94, 31.715], [2828.95, 0.343], [2828.96, 0.025], [2828.97, 1.54], [2828.98, 0.044], [2828.99, 0.031], [2829.0, 0.245], [2829.01, 0.032], [2829.02, 0.192], [2829.03, 0.024], [2829.04, 0.026], [2829.05, 0.039], [2829.06, 0.216], [2829.07, 0.059], [2829.08, 0.033], [2829.09, 0.009], [2829.1, 0.032], [2829.11, 0.105], [2829.12, 0.84], [2829.13, 0.04]], "timestamp": "2025-12-18T00:04:05.238451+00:00"}, {"symbol": "ETHUSDT", "bids": [[2829.84, 81.168], [2829.83, 0.016], [2829.82, 0.016], [2829.81, 1.719], [2829.8, 3.885], [2829.79, 0.335], [2829.78, 3.871], [2829.77, 1.791], [2829.76, 0.84], [2829.75, 0.018], [2829.74, 0.032], [2829.73, 0.009], [2829.72, 0.084], [2829.71, 0.008], [2829.7, 0.033], [2829.69, 0.032], [2829.68, 0.261], [2829.67, 0.095], [2829.66, 11.565], [2829.65, 1.54]], "asks": [[2829.85, 28.93], [2829.86, 0.125], [2829.87, 0.034], [2829.88, 2.018], [2829.89, 0.035], [2829.9, 0.034], [2829.91, 0.105], [2829.92, 0.033], [2829.93, 0.009], [2829.94, 0.026], [2829.95, 4.178], [2829.96, 0.242], [2829.97, 0.37], [2829.98, 2.669], [2829.99, 3.085], [2830.0, 13.741], [2830.01, 0.024], [2830.02, 0.019], [2830.03, 0.041], [2830.04, 0.397]], "timestamp": "2025-12-18T00:05:03.757061+00:00"}, {"symbol": "ETHUSDT", "bids": [[2827.01, 94.049], [2827.0, 2.068], [2826.99, 0.653], [2826.98, 1.796], [2826.97, 0.14], [2826.96, 0.017], [2826.95, 0.033], [2826.94, 0.05], [2826.93, 0.034], [2826.92, 0.094], [2826.91, 0.137], [2826.9, 0.269], [2826.89, 0.056], [2826.88, 3.219], [2826.87, 0.076], [2826.86, 2.109], [2826.85, 2.721], [2826.84, 0.032], [2826.83, 0.009], [2826.82, 0.103]], "asks": [[2827.02, 14.869], [2827.03, 7.786], [2827.04, 0.008], [2827.05, 0.185], [2827.07, 0.017], [2827.08, 0.209], [2827.09, 0.015], [2827.1, 0.163], [2827.11, 0.209], [2827.13, 0.032], [2827.14, 0.02], [2827.15, 0.015], [2827.16, 0.026], [2827.17, 0.048], [2827.19, 0.024], [2827.2, 0.421], [2827.21, 0.008], [2827.22, 0.035], [2827.23, 1.078], [2827.24, 1.438]], "timestamp": "2025-12-18T00:06:02.301147+00:00"}, {"symbol": "ETHUSDT", "bids": [[2829.92, 34.156], [2829.91, 7.901], [2829.9, 3.156], [2829.89, 0.009], [2829.88, 0.017], [2829.87, 0.723], [2829.86, 0.015], [2829.85, 0.088], [2829.84, 0.485], [2829.83, 0.015], [2829.82, 0.655], [2829.81, 1.446], [2829.8, 0.388], [2829.79, 0.032], [2829.78, 1.96], [2829.77, 0.159], [2829.76, 0.032], [2829.75, 0.017], [2829.74, 0.015], [2829.73, 0.547]], "asks": [[2829.93, 26.307], [2829.94, 1.055], [2829.95, 0.008], [2829.96, 0.234], [2829.97, 0.027], [2829.98, 0.009], [2829.99, 7.946], [2830.0, 51.626], [2830.01, 0.034], [2830.02, 0.392], [2830.03, 0.411], [2830.04, 0.018], [2830.05, 0.207], [2830.06, 0.049], [2830.07, 0.026], [2830.08, 0.422], [2830.09, 0.018], [2830.1, 0.07], [2830.11, 1.964], [2830.12, 1.799]], "timestamp": "2025-12-18T00:06:59.345056+00:00"}, {"symbol": "ETHUSDT", "bids": [[2827.97, 116.997], [2827.96, 2.469], [2827.95, 7.963], [2827.94, 5.513], [2827.93, 0.017], [2827.92, 0.411], [2827.91, 0.009], [2827.9, 1.812], [2827.89, 0.008], [2827.88, 0.452], [2827.87, 0.033], [2827.86, 0.361], [2827.85, 0.057], [2827.84, 0.025], [2827.83, 0.368], [2827.82, 0.182], [2827.81, 0.981], [2827.8, 1.44], [2827.79, 1.793], [2827.78, 0.895]], "asks": [[2827.98, 13.949], [2827.99, 0.008], [2828.0, 0.037], [2828.01, 0.009], [2828.02, 0.089], [2828.03, 0.008], [2828.04, 0.218], [2828.05, 0.023], [2828.06, 1.21], [2828.07, 0.032], [2828.08, 0.017], [2828.09, 0.031], [2828.1, 0.017], [2828.11, 0.015], [2828.12, 0.127], [2828.13, 0.057], [2828.14, 0.032], [2828.15, 1.524], [2828.16, 1.324], [2828.17, 7.121]], "timestamp": "2025-12-18T00:07:57.284742+00:00"}, {"symbol": "ETHUSDT", "bids": [[2826.46, 61.362], [2826.45, 1.922], [2826.44, 1.639], [2826.43, 0.016], [2826.42, 0.009], [2826.41, 0.018], [2826.4, 0.031], [2826.38, 0.024], [2826.37, 0.025], [2826.36, 0.032], [2826.34, 0.032], [2826.33, 0.217], [2826.32, 1.682], [2826.31, 0.86], [2826.3, 1.938], [2826.29, 0.04], [2826.28, 0.397], [2826.27, 0.025], [2826.26, 0.015], [2826.25, 0.027]], "asks": [[2826.47, 13.17], [2826.48, 0.025], [2826.49, 0.018], [2826.5, 0.458], [2826.51, 0.038], [2826.52, 7.117], [2826.53, 7.107], [2826.54, 1.451], [2826.55, 0.033], [2826.56, 1.912], [2826.57, 0.458], [2826.58, 0.015], [2826.59, 0.094], [2826.6, 8.147], [2826.61, 0.025], [2826.62, 7.094], [2826.63, 1.843], [2826.64, 0.008], [2826.65, 4.165], [2826.66, 7.825]], "timestamp": "2025-12-18T00:08:54.155617+00:00"}, {"symbol": "ETHUSDT", "bids": [[2826.29, 53.825], [2826.28, 0.024], [2826.27, 5.385], [2826.26, 0.016], [2826.25, 0.066], [2826.24, 0.015], [2826.23, 0.026], [2826.22, 0.015], [2826.21, 0.176], [2826.2, 0.04], [2826.19, 0.678], [2826.18, 0.023], [2826.17, 0.025], [2826.16, 3.214], [2826.15, 5.321], [2826.14, 0.032], [2826.13, 1.798], [2826.12, 0.024], [2826.11, 0.017], [2826.1, 0.284]], "asks": [[2826.3, 84.621], [2826.31, 0.598], [2826.32, 0.008], [2826.33, 0.106], [2826.34, 0.009], [2826.35, 0.015], [2826.36, 0.017], [2826.37, 0.033], [2826.39, 0.015], [2826.4, 0.029], [2826.41, 0.015], [2826.42, 0.009], [2826.43, 3.142], [2826.44, 0.398], [2826.45, 0.031], [2826.46, 0.017], [2826.47, 1.425], [2826.48, 0.552], [2826.49, 0.275], [2826.5, 5.1]], "timestamp": "2025-12-18T00:09:52.482450+00:00"}, {"symbol": "ETHUSDT", "bids": [[2825.72, 113.173], [2825.71, 0.291], [2825.7, 0.008], [2825.69, 0.016], [2825.68, 0.835], [2825.67, 0.023], [2825.66, 0.026], [2825.65, 5.375], [2825.64, 0.034], [2825.63, 0.025], [2825.62, 0.035], [2825.61, 0.024], [2825.59, 0.009], [2825.58, 0.024], [2825.57, 0.008], [2825.56, 0.033], [2825.55, 0.031], [2825.53, 2.189], [2825.52, 1.808], [2825.51, 0.802]], "asks": [[2825.73, 25.388], [2825.74, 0.025], [2825.75, 0.009], [2825.76, 0.225], [2825.77, 0.018], [2825.78, 0.017], [2825.8, 0.015], [2825.81, 0.009], [2825.82, 0.232], [2825.84, 0.098], [2825.85, 0.024], [2825.86, 0.016], [2825.87, 0.024], [2825.88, 0.009], [2825.89, 0.015], [2825.9, 0.04], [2825.91, 0.028], [2825.92, 0.033], [2825.93, 2.562], [2825.94, 0.924]], "timestamp": "2025-12-18T00:10:50.544808+00:00"}, {"symbol": "ETHUSDT", "bids": [[2828.75, 76.917], [2828.74, 1.086], [2828.73, 1.5], [2828.72, 0.413], [2828.71, 0.009], [2828.7, 0.039], [2828.69, 0.025], [2828.68, 0.233], [2828.67, 0.176], [2828.66, 0.049], [2828.65, 0.009], [2828.64, 0.476], [2828.63, 0.025], [2828.62, 0.024], [2828.61, 0.361], [2828.6, 0.033], [2828.59, 0.033], [2828.58, 0.033], [2828.57, 3.32], [2828.56, 0.261]], "asks": [[2828.76, 22.899], [2828.77, 0.246], [2828.78, 0.009], [2828.79, 0.036], [2828.8, 0.017], [2828.81, 0.042], [2828.82, 0.208], [2828.83, 0.033], [2828.84, 0.036], [2828.85, 1.533], [2828.87, 0.128], [2828.88, 1.866], [2828.89, 3.216], [2828.9, 0.043], [2828.91, 0.019], [2828.92, 0.303], [2828.93, 0.689], [2828.94, 0.903], [2828.95, 7.801], [2828.96, 0.067]], "timestamp": "2025-12-18T00:11:46.672325+00:00"}, {"symbol": "ETHUSDT", "bids": [[2829.55, 35.119], [2829.54, 0.034], [2829.53, 0.009], [2829.51, 0.017], [2829.5, 1.438], [2829.48, 0.049], [2829.47, 0.009], [2829.46, 0.024], [2829.45, 0.016], [2829.44, 0.024], [2829.43, 0.025], [2829.42, 9.205], [2829.41, 59.158], [2829.4, 0.057], [2829.39, 0.096], [2829.38, 0.024], [2829.37, 0.025], [2829.36, 1.066], [2829.35, 0.308], [2829.34, 0.7]], "asks": [[2829.56, 44.097], [2829.57, 0.447], [2829.58, 1.881], [2829.59, 5.313], [2829.6, 1.347], [2829.61, 0.04], [2829.62, 0.026], [2829.63, 1.792], [2829.64, 1.151], [2829.65, 0.034], [2829.66, 1.311], [2829.67, 1.448], [2829.68, 6.331], [2829.69, 0.025], [2829.7, 0.132], [2829.71, 0.079], [2829.72, 10.677], [2829.73, 8.123], [2829.74, 0.049], [2829.75, 0.531]], "timestamp": "2025-12-18T00:12:43.884317+00:00"}, {"symbol": "ETHUSDT", "bids": [[2830.07, 89.983], [2830.06, 0.027], [2830.05, 0.008], [2830.04, 0.008], [2830.03, 1.431], [2830.02, 0.008], [2830.0, 30.28], [2829.99, 30.139], [2829.98, 0.024], [2829.96, 0.059], [2829.95, 0.032], [2829.94, 30.165], [2829.93, 30.04], [2829.92, 30.397], [2829.91, 0.039], [2829.9, 0.21], [2829.89, 0.023], [2829.88, 0.008], [2829.87, 0.077], [2829.86, 2.137]], "asks": [[2830.08, 39.404], [2830.09, 1.783], [2830.1, 0.025], [2830.11, 0.009], [2830.12, 0.043], [2830.13, 0.024], [2830.14, 1.036], [2830.15, 1.465], [2830.16, 0.37], [2830.17, 0.015], [2830.18, 0.018], [2830.19, 1.807], [2830.2, 1.294], [2830.21, 0.163], [2830.22, 0.065], [2830.23, 0.394], [2830.24, 0.067], [2830.25, 2.593], [2830.26, 1.075], [2830.27, 0.032]], "timestamp": "2025-12-18T00:13:37.747386+00:00"}, {"symbol": "ETHUSDT", "bids": [[2830.61, 43.56], [2830.6, 0.009], [2830.59, 0.025], [2830.57, 0.009], [2830.56, 0.017], [2830.55, 0.009], [2830.54, 0.009], [2830.53, 0.008], [2830.52, 0.724], [2830.51, 1.405], [2830.5, 1.034], [2830.49, 0.032], [2830.48, 0.009], [2830.47, 0.024], [2830.46, 0.009], [2830.45, 0.04], [2830.44, 0.185], [2830.43, 1.791], [2830.42, 0.02], [2830.41, 0.031]], "asks": [[2830.62, 44.633], [2830.63, 0.06], [2830.64, 2.87], [2830.66, 0.058], [2830.67, 1.446], [2830.68, 0.396], [2830.69, 0.049], [2830.7, 0.011], [2830.71, 0.579], [2830.72, 0.008], [2830.73, 0.024], [2830.74, 0.025], [2830.75, 1.801], [2830.77, 2.657], [2830.78, 0.008], [2830.79, 0.086], [2830.8, 15.833], [2830.81, 6.217], [2830.82, 8.239], [2830.83, 0.025]], "timestamp": "2025-12-18T00:14:31.712567+00:00"}, {"symbol": "ETHUSDT", "bids": [[2831.05, 128.355], [2831.04, 9.825], [2831.01, 0.503], [2831.0, 1.242], [2830.98, 0.524], [2830.97, 1.952], [2830.96, 0.009], [2830.95, 0.497], [2830.94, 3.214], [2830.93, 1.428], [2830.92, 1.204], [2830.91, 0.034], [2830.9, 0.809], [2830.89, 0.129], [2830.88, 0.026], [2830.87, 0.023], [2830.86, 0.033], [2830.85, 1.972], [2830.84, 0.025], [2830.83, 0.024]], "asks": [[2831.06, 1.027], [2831.07, 0.016], [2831.08, 0.035], [2831.1, 0.054], [2831.11, 0.018], [2831.12, 0.009], [2831.13, 0.026], [2831.14, 0.009], [2831.15, 0.017], [2831.16, 0.018], [2831.17, 0.009], [2831.18, 0.017], [2831.19, 0.062], [2831.2, 0.018], [2831.21, 0.032], [2831.22, 0.05], [2831.23, 0.024], [2831.24, 0.018], [2831.25, 0.033], [2831.26, 0.033]], "timestamp": "2025-12-18T00:15:26.014088+00:00"}, {"symbol": "ETHUSDT", "bids": [[2831.49, 28.217], [2831.48, 0.312], [2831.47, 1.509], [2831.46, 0.104], [2831.45, 0.009], [2831.44, 0.009], [2831.43, 0.034], [2831.42, 0.024], [2831.41, 0.017], [2831.4, 1.067], [2831.39, 0.46], [2831.38, 1.775], [2831.37, 0.897], [2831.36, 0.032], [2831.35, 0.018], [2831.34, 2.23], [2831.33, 5.45], [2831.32, 0.024], [2831.31, 0.172], [2831.3, 0.072]], "asks": [[2831.5, 47.262], [2831.51, 0.029], [2831.52, 0.087], [2831.53, 0.12], [2831.54, 0.465], [2831.55, 0.833], [2831.56, 0.114], [2831.57, 1.472], [2831.58, 0.025], [2831.59, 0.033], [2831.6, 0.028], [2831.61, 1.799], [2831.62, 0.021], [2831.63, 0.053], [2831.64, 0.035], [2831.65, 0.033], [2831.66, 2.042], [2831.67, 0.2], [2831.68, 0.925], [2831.69, 2.02]], "timestamp": "2025-12-18T00:16:19.542996+00:00"}, {"symbol": "ETHUSDT", "bids": [[2833.34, 6.88], [2833.33, 7.108], [2833.32, 0.182], [2833.31, 13.606], [2833.3, 0.041], [2833.29, 7.092], [2833.28, 17.699], [2833.27, 0.032], [2833.26, 7.095], [2833.25, 0.203], [2833.24, 0.026], [2833.23, 0.066], [2833.22, 7.606], [2833.21, 1.815], [2833.2, 7.108], [2833.19, 1.755], [2833.18, 0.191], [2833.17, 0.009], [2833.16, 7.604], [2833.15, 0.257]], "asks": [[2833.46, 19.931], [2833.54, 13.908], [2833.57, 17.808], [2833.59, 9.866], [2833.67, 71.689], [2833.68, 6.951], [2833.7, 20.87], [2833.75, 22.552], [2833.77, 13.728], [2833.78, 1.375], [2833.79, 12.306], [2833.8, 9.034], [2833.81, 18.748], [2833.82, 1.728], [2833.83, 0.865], [2833.84, 34.933], [2833.85, 9.224], [2833.86, 32.882], [2833.87, 15.525], [2833.88, 24.216]], "timestamp": "2025-12-18T00:17:14.406443+00:00"}, {"symbol": "ETHUSDT", "bids": [[2830.09, 32.298], [2830.08, 0.067], [2830.07, 1.509], [2830.06, 0.009], [2830.05, 1.545], [2830.04, 0.024], [2830.03, 0.009], [2830.02, 0.032], [2830.01, 0.008], [2830.0, 0.015], [2829.99, 0.026], [2829.98, 0.015], [2829.97, 0.008], [2829.96, 0.06], [2829.94, 0.033], [2829.93, 0.184], [2829.92, 0.412], [2829.91, 0.534], [2829.9, 0.26], [2829.89, 0.008]], "asks": [[2830.1, 15.952], [2830.11, 0.017], [2830.12, 0.016], [2830.13, 5.561], [2830.14, 30.895], [2830.15, 1.967], [2830.16, 0.476], [2830.17, 0.009], [2830.18, 2.03], [2830.19, 0.015], [2830.2, 1.179], [2830.21, 0.04], [2830.23, 0.469], [2830.24, 0.195], [2830.25, 0.032], [2830.26, 2.055], [2830.27, 2.559], [2830.28, 1.807], [2830.29, 0.057], [2830.3, 0.023]], "timestamp": "2025-12-18T00:18:09.728786+00:00"}, {"symbol": "ETHUSDT", "bids": [[2830.47, 51.858], [2830.46, 2.688], [2830.45, 1.526], [2830.44, 0.404], [2830.43, 0.009], [2830.42, 0.051], [2830.41, 2.992], [2830.4, 0.043], [2830.39, 0.035], [2830.38, 0.931], [2830.37, 0.02], [2830.36, 1.91], [2830.35, 1.808], [2830.34, 0.026], [2830.33, 0.04], [2830.32, 3.01], [2830.31, 0.049], [2830.3, 0.026], [2830.29, 0.023], [2830.28, 1.695]], "asks": [[2830.48, 21.933], [2830.49, 0.051], [2830.5, 0.008], [2830.52, 0.033], [2830.53, 0.009], [2830.55, 0.024], [2830.56, 0.009], [2830.57, 1.659], [2830.58, 0.114], [2830.59, 1.388], [2830.6, 0.131], [2830.61, 0.009], [2830.62, 0.015], [2830.63, 0.123], [2830.64, 0.032], [2830.65, 0.553], [2830.66, 0.025], [2830.67, 0.041], [2830.68, 0.017], [2830.69, 0.04]], "timestamp": "2025-12-18T00:19:03.821420+00:00"}, {"symbol": "ETHUSDT", "bids": [[2828.6, 31.878], [2828.59, 1.609], [2828.58, 0.374], [2828.57, 0.009], [2828.56, 0.017], [2828.55, 0.059], [2828.53, 0.216], [2828.52, 0.233], [2828.51, 0.009], [2828.5, 10.076], [2828.49, 0.018], [2828.48, 0.024], [2828.47, 0.773], [2828.46, 0.701], [2828.45, 2.067], [2828.44, 0.623], [2828.43, 0.056], [2828.42, 0.108], [2828.41, 0.01], [2828.4, 0.244]], "asks": [[2828.61, 85.199], [2828.62, 1.92], [2828.63, 0.9], [2828.64, 1.518], [2828.65, 0.025], [2828.66, 0.009], [2828.67, 2.614], [2828.68, 0.016], [2828.69, 0.024], [2828.7, 0.033], [2828.71, 0.057], [2828.72, 0.015], [2828.73, 3.982], [2828.74, 5.051], [2828.75, 2.894], [2828.76, 0.314], [2828.77, 0.031], [2828.78, 0.025], [2828.79, 3.882], [2828.8, 1.785]], "timestamp": "2025-12-18T00:19:57.455358+00:00"}, {"symbol": "ETHUSDT", "bids": [[2826.55, 14.796], [2826.54, 0.026], [2826.51, 0.017], [2826.5, 0.018], [2826.49, 0.015], [2826.47, 0.033], [2826.46, 0.032], [2826.45, 0.061], [2826.44, 0.032], [2826.43, 0.017], [2826.42, 0.235], [2826.41, 0.669], [2826.4, 0.725], [2826.39, 0.008], [2826.38, 0.024], [2826.37, 1.509], [2826.36, 1.366], [2826.35, 0.093], [2826.34, 0.127], [2826.32, 0.055]], "asks": [[2826.56, 43.753], [2826.57, 0.023], [2826.58, 1.518], [2826.59, 0.016], [2826.6, 0.248], [2826.61, 0.041], [2826.62, 1.54], [2826.63, 0.224], [2826.64, 1.794], [2826.65, 0.059], [2826.66, 0.209], [2826.67, 0.058], [2826.68, 0.405], [2826.69, 1.093], [2826.7, 1.435], [2826.71, 2.792], [2826.72, 1.202], [2826.73, 2.524], [2826.74, 0.04], [2826.75, 6.515]], "timestamp": "2025-12-18T00:20:52.240547+00:00"}, {"symbol": "ETHUSDT", "bids": [[2827.07, 150.914], [2827.06, 2.31], [2827.05, 3.539], [2827.04, 0.841], [2827.03, 0.018], [2827.02, 0.024], [2827.01, 0.071], [2827.0, 0.042], [2826.99, 0.2], [2826.98, 0.015], [2826.97, 5.57], [2826.96, 1.887], [2826.95, 0.677], [2826.94, 0.111], [2826.93, 0.379], [2826.92, 1.784], [2826.91, 0.033], [2826.9, 0.402], [2826.89, 0.018], [2826.88, 0.039]], "asks": [[2827.08, 2.3], [2827.09, 0.032], [2827.1, 1.526], [2827.11, 0.026], [2827.12, 0.017], [2827.13, 0.041], [2827.14, 0.209], [2827.15, 0.049], [2827.16, 0.026], [2827.17, 0.025], [2827.18, 0.034], [2827.19, 0.066], [2827.2, 0.056], [2827.21, 0.043], [2827.22, 0.024], [2827.23, 0.177], [2827.24, 0.081], [2827.25, 0.015], [2827.26, 0.471], [2827.27, 0.041]], "timestamp": "2025-12-18T00:21:46.104289+00:00"}, {"symbol": "ETHUSDT", "bids": [[2829.65, 4.489], [2829.64, 0.804], [2829.62, 0.016], [2829.61, 1.423], [2829.6, 0.048], [2829.59, 0.008], [2829.58, 1.959], [2829.57, 0.017], [2829.56, 0.42], [2829.55, 0.015], [2829.54, 0.731], [2829.53, 0.024], [2829.52, 0.461], [2829.51, 0.207], [2829.5, 0.607], [2829.49, 0.009], [2829.48, 0.136], [2829.47, 0.027], [2829.46, 0.086], [2829.45, 0.378]], "asks": [[2829.66, 53.353], [2829.67, 1.43], [2829.68, 0.025], [2829.69, 1.434], [2829.7, 1.546], [2829.71, 0.117], [2829.72, 1.802], [2829.73, 0.04], [2829.75, 1.405], [2829.76, 0.009], [2829.77, 0.023], [2829.78, 0.209], [2829.79, 0.041], [2829.8, 1.57], [2829.81, 2.834], [2829.82, 1.817], [2829.83, 0.73], [2829.84, 0.582], [2829.85, 3.459], [2829.86, 0.741]], "timestamp": "2025-12-18T00:22:40.274381+00:00"}, {"symbol": "ETHUSDT", "bids": [[2829.17, 47.079], [2829.16, 0.026], [2829.15, 2.46], [2829.14, 4.007], [2829.13, 0.009], [2829.12, 0.057], [2829.11, 0.009], [2829.1, 0.118], [2829.09, 0.017], [2829.08, 0.041], [2829.07, 1.777], [2829.06, 0.047], [2829.05, 0.017], [2829.04, 0.065], [2829.03, 0.361], [2829.02, 0.018], [2829.01, 1.438], [2829.0, 0.093], [2828.99, 0.035], [2828.98, 0.026]], "asks": [[2829.18, 22.56], [2829.19, 0.41], [2829.2, 0.472], [2829.21, 0.008], [2829.22, 0.026], [2829.23, 3.283], [2829.24, 0.58], [2829.25, 2.511], [2829.26, 0.008], [2829.27, 4.515], [2829.28, 0.867], [2829.29, 0.035], [2829.3, 0.625], [2829.31, 3.322], [2829.32, 0.024], [2829.33, 0.047], [2829.34, 3.2], [2829.35, 0.207], [2829.36, 0.189], [2829.37, 14.177]], "timestamp": "2025-12-18T00:23:33.998704+00:00"}, {"symbol": "ETHUSDT", "bids": [[2828.99, 33.178], [2828.98, 0.036], [2828.97, 1.508], [2828.96, 0.025], [2828.95, 3.04], [2828.94, 5.24], [2828.93, 0.009], [2828.92, 0.032], [2828.91, 0.008], [2828.9, 0.024], [2828.88, 0.024], [2828.87, 0.017], [2828.86, 1.525], [2828.84, 7.523], [2828.83, 0.016], [2828.82, 0.191], [2828.81, 0.024], [2828.8, 0.143], [2828.79, 0.091], [2828.78, 0.032]], "asks": [[2829.0, 34.578], [2829.01, 0.016], [2829.02, 0.026], [2829.04, 1.048], [2829.05, 1.557], [2829.06, 0.016], [2829.07, 0.052], [2829.08, 0.017], [2829.09, 0.193], [2829.1, 0.052], [2829.11, 1.776], [2829.12, 0.436], [2829.13, 0.033], [2829.14, 3.512], [2829.15, 3.126], [2829.16, 0.056], [2829.17, 14.429], [2829.18, 0.379], [2829.19, 1.493], [2829.2, 0.009]], "timestamp": "2025-12-18T00:24:27.489822+00:00"}, {"symbol": "ETHUSDT", "bids": [[2829.61, 38.959], [2829.6, 0.07], [2829.59, 0.054], [2829.57, 0.037], [2829.56, 1.026], [2829.55, 0.088], [2829.54, 0.065], [2829.53, 0.008], [2829.52, 0.033], [2829.51, 0.042], [2829.5, 3.569], [2829.48, 0.026], [2829.47, 3.002], [2829.46, 0.033], [2829.45, 1.696], [2829.44, 0.047], [2829.43, 0.034], [2829.42, 1.131], [2829.41, 0.915], [2829.4, 2.042]], "asks": [[2829.62, 89.396], [2829.63, 0.008], [2829.64, 0.009], [2829.66, 0.009], [2829.67, 0.015], [2829.68, 0.017], [2829.69, 0.032], [2829.71, 0.042], [2829.73, 0.056], [2829.74, 0.026], [2829.75, 0.023], [2829.77, 0.033], [2829.78, 0.025], [2829.79, 0.892], [2829.8, 5.826], [2829.81, 0.024], [2829.82, 0.024], [2829.83, 0.018], [2829.84, 15.291], [2829.85, 14.161]], "timestamp": "2025-12-18T00:25:21.558365+00:00"}, {"symbol": "ETHUSDT", "bids": [[2830.29, 33.682], [2830.28, 0.009], [2830.27, 0.017], [2830.26, 0.176], [2830.25, 2.777], [2830.24, 0.428], [2830.23, 0.149], [2830.22, 0.023], [2830.21, 0.017], [2830.2, 0.484], [2830.19, 0.104], [2830.18, 0.015], [2830.17, 0.361], [2830.16, 0.049], [2830.15, 0.009], [2830.14, 0.023], [2830.13, 0.033], [2830.12, 0.024], [2830.11, 0.009], [2830.1, 7.696]], "asks": [[2830.3, 26.073], [2830.31, 0.017], [2830.32, 0.045], [2830.33, 0.009], [2830.34, 0.009], [2830.35, 1.466], [2830.36, 6.007], [2830.37, 0.055], [2830.38, 1.89], [2830.39, 0.143], [2830.4, 0.33], [2830.41, 0.058], [2830.42, 0.008], [2830.43, 3.829], [2830.44, 3.757], [2830.45, 3.817], [2830.46, 3.769], [2830.47, 14.153], [2830.48, 2.706], [2830.49, 1.799]], "timestamp": "2025-12-18T00:26:15.216910+00:00"}, {"symbol": "ETHUSDT", "bids": [[2829.54, 15.048], [2829.53, 0.018], [2829.51, 0.016], [2829.5, 0.314], [2829.49, 0.015], [2829.48, 0.051], [2829.47, 0.032], [2829.46, 0.018], [2829.45, 4.788], [2829.44, 0.018], [2829.43, 0.049], [2829.42, 0.898], [2829.41, 0.042], [2829.4, 0.444], [2829.39, 0.032], [2829.38, 0.042], [2829.37, 0.008], [2829.36, 2.606], [2829.35, 0.073], [2829.34, 0.135]], "asks": [[2829.55, 38.389], [2829.56, 3.079], [2829.57, 0.009], [2829.58, 0.017], [2829.59, 0.114], [2829.6, 0.049], [2829.61, 0.016], [2829.62, 0.009], [2829.63, 1.438], [2829.64, 3.257], [2829.65, 3.744], [2829.66, 3.796], [2829.67, 14.175], [2829.68, 2.181], [2829.69, 0.216], [2829.7, 3.07], [2829.71, 0.044], [2829.72, 0.477], [2829.73, 0.023], [2829.74, 3.024]], "timestamp": "2025-12-18T00:27:08.875268+00:00"}, {"symbol": "ETHUSDT", "bids": [[2830.47, 64.983], [2830.46, 0.034], [2830.44, 0.016], [2830.43, 0.106], [2830.42, 0.023], [2830.41, 0.016], [2830.4, 1.456], [2830.39, 0.017], [2830.38, 0.111], [2830.37, 0.685], [2830.36, 0.233], [2830.34, 0.054], [2830.33, 0.025], [2830.32, 0.032], [2830.31, 0.016], [2830.3, 0.044], [2830.29, 0.009], [2830.28, 0.015], [2830.27, 0.008], [2830.26, 0.739]], "asks": [[2830.48, 33.836], [2830.49, 0.024], [2830.5, 1.271], [2830.51, 0.01], [2830.52, 0.071], [2830.53, 1.785], [2830.54, 0.034], [2830.55, 0.052], [2830.56, 0.026], [2830.57, 0.033], [2830.58, 0.046], [2830.59, 0.041], [2830.6, 0.045], [2830.62, 0.042], [2830.63, 1.797], [2830.64, 0.051], [2830.65, 1.814], [2830.66, 0.061], [2830.67, 0.009], [2830.68, 0.097]], "timestamp": "2025-12-18T00:28:03.250976+00:00"}, {"symbol": "ETHUSDT", "bids": [[2833.2, 49.549], [2833.19, 4.437], [2833.18, 0.016], [2833.17, 0.361], [2833.16, 1.535], [2833.15, 0.138], [2833.14, 0.474], [2833.13, 0.146], [2833.12, 0.009], [2833.11, 0.032], [2833.1, 0.016], [2833.09, 0.009], [2833.08, 0.035], [2833.07, 0.884], [2833.06, 0.024], [2833.05, 0.049], [2833.04, 0.244], [2833.03, 0.45], [2833.02, 1.448], [2833.01, 0.024]], "asks": [[2833.21, 54.936], [2833.22, 0.027], [2833.23, 1.783], [2833.24, 0.018], [2833.25, 0.009], [2833.26, 0.024], [2833.27, 0.018], [2833.28, 0.136], [2833.29, 0.017], [2833.3, 0.051], [2833.31, 0.018], [2833.32, 0.04], [2833.33, 3.168], [2833.34, 1.078], [2833.35, 0.032], [2833.36, 4.472], [2833.37, 0.121], [2833.38, 1.445], [2833.39, 0.244], [2833.4, 0.126]], "timestamp": "2025-12-18T00:28:57.115057+00:00"}, {"symbol": "ETHUSDT", "bids": [[2832.99, 94.074], [2832.98, 1.651], [2832.97, 0.033], [2832.96, 0.025], [2832.95, 0.058], [2832.94, 1.421], [2832.93, 0.94], [2832.92, 2.686], [2832.91, 0.033], [2832.9, 3.892], [2832.89, 0.86], [2832.88, 0.023], [2832.87, 1.429], [2832.86, 0.032], [2832.85, 0.12], [2832.84, 1.182], [2832.83, 2.054], [2832.82, 8.883], [2832.81, 0.263], [2832.79, 0.216]], "asks": [[2833.0, 9.198], [2833.01, 1.791], [2833.02, 4.196], [2833.03, 1.791], [2833.04, 0.676], [2833.05, 0.024], [2833.06, 0.034], [2833.07, 0.015], [2833.09, 0.025], [2833.11, 0.026], [2833.12, 1.809], [2833.13, 0.025], [2833.14, 0.073], [2833.15, 1.957], [2833.16, 0.44], [2833.17, 0.04], [2833.18, 0.048], [2833.19, 0.892], [2833.2, 5.64], [2833.21, 5.33]], "timestamp": "2025-12-18T00:29:51.080426+00:00"}, {"symbol": "ETHUSDT", "bids": [[2833.2, 115.914], [2833.19, 0.689], [2833.18, 1.543], [2833.17, 0.042], [2833.16, 0.017], [2833.15, 0.032], [2833.14, 0.137], [2833.13, 1.106], [2833.12, 8.03], [2833.11, 0.131], [2833.1, 7.016], [2833.09, 0.017], [2833.08, 2.021], [2833.07, 0.057], [2833.06, 0.024], [2833.05, 0.224], [2833.04, 0.256], [2833.03, 0.202], [2833.02, 2.845], [2833.01, 6.774]], "asks": [[2833.21, 59.471], [2833.22, 0.016], [2833.23, 0.016], [2833.25, 0.018], [2833.26, 1.531], [2833.27, 1.765], [2833.28, 0.024], [2833.29, 8.856], [2833.3, 0.024], [2833.31, 0.016], [2833.32, 2.971], [2833.33, 2.303], [2833.34, 0.132], [2833.35, 0.974], [2833.36, 0.403], [2833.37, 0.033], [2833.38, 1.885], [2833.39, 0.025], [2833.4, 0.04], [2833.41, 0.369]], "timestamp": "2025-12-18T00:30:45.455443+00:00"}, {"symbol": "ETHUSDT", "bids": [[2832.89, 91.089], [2832.88, 1.156], [2832.87, 1.5], [2832.86, 0.114], [2832.85, 0.132], [2832.84, 0.023], [2832.83, 0.812], [2832.82, 0.033], [2832.81, 0.009], [2832.79, 0.024], [2832.78, 0.044], [2832.77, 5.131], [2832.76, 0.347], [2832.75, 0.886], [2832.74, 0.017], [2832.73, 0.539], [2832.72, 0.088], [2832.71, 1.116], [2832.7, 0.008], [2832.69, 0.024]], "asks": [[2832.9, 11.121], [2832.91, 0.017], [2832.92, 0.025], [2832.93, 1.204], [2832.94, 0.027], [2832.95, 1.525], [2832.96, 2.134], [2832.97, 0.387], [2832.98, 0.36], [2832.99, 0.04], [2833.0, 0.026], [2833.01, 0.017], [2833.02, 0.48], [2833.03, 0.105], [2833.04, 0.025], [2833.05, 0.034], [2833.06, 0.042], [2833.07, 0.023], [2833.08, 0.642], [2833.09, 1.808]], "timestamp": "2025-12-18T00:31:39.728511+00:00"}, {"symbol": "ETHUSDT", "bids": [[2833.59, 44.608], [2833.58, 0.025], [2833.57, 0.009], [2833.55, 0.017], [2833.54, 0.015], [2833.53, 0.017], [2833.52, 0.032], [2833.5, 0.049], [2833.49, 0.017], [2833.48, 0.015], [2833.47, 0.707], [2833.46, 4.512], [2833.44, 0.024], [2833.43, 0.017], [2833.42, 1.999], [2833.41, 3.557], [2833.4, 0.446], [2833.39, 0.025], [2833.38, 4.948], [2833.36, 0.041]], "asks": [[2833.6, 80.189], [2833.61, 0.096], [2833.62, 0.018], [2833.63, 0.043], [2833.64, 0.009], [2833.65, 0.031], [2833.66, 1.8], [2833.67, 0.026], [2833.68, 1.033], [2833.69, 0.124], [2833.7, 1.432], [2833.71, 0.731], [2833.72, 0.916], [2833.73, 2.725], [2833.74, 1.202], [2833.75, 3.167], [2833.76, 0.097], [2833.77, 1.815], [2833.78, 0.026], [2833.79, 0.075]], "timestamp": "2025-12-18T00:32:33.797741+00:00"}, {"symbol": "ETHUSDT", "bids": [[2834.29, 33.199], [2834.28, 0.279], [2834.27, 0.469], [2834.26, 0.034], [2834.25, 0.185], [2834.24, 0.872], [2834.23, 0.025], [2834.22, 0.384], [2834.21, 0.017], [2834.2, 0.06], [2834.19, 0.442], [2834.18, 0.033], [2834.17, 0.05], [2834.16, 0.024], [2834.15, 0.394], [2834.14, 1.117], [2834.13, 0.009], [2834.12, 0.481], [2834.11, 0.026], [2834.1, 1.503]], "asks": [[2834.3, 28.569], [2834.31, 0.058], [2834.32, 1.529], [2834.33, 5.292], [2834.34, 0.009], [2834.35, 0.033], [2834.37, 1.788], [2834.38, 0.036], [2834.39, 0.033], [2834.4, 0.266], [2834.41, 0.495], [2834.42, 0.384], [2834.43, 1.018], [2834.44, 0.032], [2834.45, 1.24], [2834.46, 0.039], [2834.47, 1.808], [2834.48, 0.033], [2834.49, 2.066], [2834.5, 1.483]], "timestamp": "2025-12-18T00:33:27.660137+00:00"}, {"symbol": "ETHUSDT", "bids": [[2835.58, 149.373], [2835.57, 2.723], [2835.56, 0.026], [2835.54, 0.017], [2835.53, 9.289], [2835.52, 0.009], [2835.51, 0.032], [2835.5, 0.037], [2835.49, 1.574], [2835.48, 0.792], [2835.46, 0.032], [2835.45, 7.192], [2835.44, 0.015], [2835.43, 0.033], [2835.42, 0.025], [2835.41, 0.191], [2835.4, 3.867], [2835.39, 1.602], [2835.38, 2.663], [2835.37, 1.008]], "asks": [[2835.59, 6.726], [2835.6, 0.095], [2835.61, 0.024], [2835.63, 0.018], [2835.64, 0.459], [2835.65, 0.009], [2835.66, 0.185], [2835.67, 0.75], [2835.68, 2.335], [2835.69, 7.814], [2835.7, 0.488], [2835.71, 1.182], [2835.72, 0.403], [2835.73, 0.384], [2835.74, 0.058], [2835.75, 0.335], [2835.76, 0.026], [2835.77, 0.963], [2835.78, 3.87], [2835.79, 0.073]], "timestamp": "2025-12-18T00:34:21.421007+00:00"}, {"symbol": "ETHUSDT", "bids": [[2834.75, 131.769], [2834.74, 3.853], [2834.73, 0.008], [2834.72, 0.017], [2834.71, 0.025], [2834.7, 0.023], [2834.69, 0.008], [2834.68, 1.788], [2834.67, 0.009], [2834.66, 0.024], [2834.65, 0.013], [2834.64, 0.059], [2834.63, 0.017], [2834.62, 12.874], [2834.61, 35.589], [2834.6, 2.306], [2834.59, 37.032], [2834.58, 0.268], [2834.57, 2.441], [2834.56, 3.787]], "asks": [[2834.76, 31.918], [2834.77, 0.008], [2834.78, 0.009], [2834.79, 0.024], [2834.8, 0.848], [2834.81, 0.024], [2834.82, 0.906], [2834.84, 0.024], [2834.85, 0.381], [2834.86, 0.023], [2834.87, 0.024], [2834.88, 0.02], [2834.89, 0.032], [2834.9, 0.015], [2834.91, 0.057], [2834.92, 0.009], [2834.93, 1.744], [2834.94, 0.352], [2834.95, 3.143], [2834.96, 0.009]], "timestamp": "2025-12-18T00:35:15.488897+00:00"}, {"symbol": "ETHUSDT", "bids": [[2833.69, 115.625], [2833.68, 2.358], [2833.67, 2.611], [2833.66, 1.128], [2833.65, 0.017], [2833.64, 0.008], [2833.62, 0.033], [2833.61, 0.016], [2833.6, 5.208], [2833.59, 1.714], [2833.58, 1.788], [2833.57, 0.027], [2833.56, 1.196], [2833.55, 4.068], [2833.54, 4.506], [2833.53, 0.722], [2833.52, 0.032], [2833.51, 0.01], [2833.5, 21.556], [2833.49, 1.822]], "asks": [[2833.7, 27.842], [2833.71, 0.239], [2833.72, 1.509], [2833.73, 0.015], [2833.74, 0.041], [2833.75, 1.043], [2833.76, 0.018], [2833.77, 0.048], [2833.78, 0.009], [2833.79, 0.024], [2833.8, 0.44], [2833.81, 0.024], [2833.82, 0.024], [2833.83, 0.031], [2833.84, 0.009], [2833.85, 0.015], [2833.86, 0.027], [2833.87, 0.041], [2833.88, 0.008], [2833.89, 0.024]], "timestamp": "2025-12-18T00:36:09.249342+00:00"}, {"symbol": "ETHUSDT", "bids": [[2833.95, 44.225], [2833.94, 0.009], [2833.93, 0.009], [2833.92, 0.5], [2833.91, 0.65], [2833.9, 0.705], [2833.89, 0.201], [2833.88, 0.49], [2833.87, 0.026], [2833.86, 0.032], [2833.85, 0.009], [2833.84, 0.034], [2833.83, 0.409], [2833.82, 0.017], [2833.81, 0.06], [2833.8, 0.019], [2833.79, 1.453], [2833.78, 0.15], [2833.77, 0.015], [2833.76, 1.133]], "asks": [[2833.96, 19.858], [2833.97, 0.008], [2833.99, 0.009], [2834.0, 0.018], [2834.01, 0.023], [2834.02, 0.017], [2834.03, 0.024], [2834.04, 1.273], [2834.05, 1.789], [2834.06, 0.017], [2834.07, 0.015], [2834.08, 0.017], [2834.09, 0.03], [2834.1, 0.025], [2834.11, 1.395], [2834.12, 0.016], [2834.13, 0.033], [2834.15, 1.78], [2834.16, 1.656], [2834.17, 0.015]], "timestamp": "2025-12-18T00:37:03.112513+00:00"}, {"symbol": "ETHUSDT", "bids": [[2835.03, 31.028], [2835.02, 4.414], [2835.01, 148.356], [2835.0, 2822.915], [2834.99, 1.469], [2834.98, 7.105], [2834.97, 0.721], [2834.96, 0.428], [2834.95, 7.097], [2834.94, 0.04], [2834.93, 7.079], [2834.92, 0.484], [2834.91, 0.209], [2834.9, 0.024], [2834.89, 0.035], [2834.88, 27.443], [2834.87, 0.017], [2834.86, 0.065], [2834.85, 1.003], [2834.84, 4.327]], "asks": [[2835.04, 87.671], [2835.05, 0.025], [2835.08, 0.018], [2835.09, 0.023], [2835.1, 0.584], [2835.11, 1.051], [2835.12, 0.18], [2835.13, 0.024], [2835.14, 1.811], [2835.15, 0.015], [2835.16, 0.017], [2835.17, 1.395], [2835.18, 1.162], [2835.19, 0.132], [2835.2, 0.046], [2835.21, 2.615], [2835.22, 0.099], [2835.24, 2.802], [2835.25, 1.865], [2835.26, 0.031]], "timestamp": "2025-12-18T00:37:56.942461+00:00"}, {"symbol": "ETHUSDT", "bids": [[2835.16, 29.671], [2835.15, 0.063], [2835.14, 0.048], [2835.13, 0.018], [2835.12, 0.576], [2835.11, 1.574], [2835.1, 12.299], [2835.09, 1.787], [2835.08, 0.059], [2835.07, 0.009], [2835.06, 0.223], [2835.05, 1.806], [2835.04, 2.218], [2835.03, 10.379], [2835.02, 18.135], [2835.01, 236.132], [2835.0, 2824.529], [2834.99, 2.509], [2834.98, 0.065], [2834.97, 1.526]], "asks": [[2835.17, 25.477], [2835.18, 3.103], [2835.19, 1.509], [2835.2, 0.02], [2835.21, 0.802], [2835.22, 0.195], [2835.23, 1.606], [2835.24, 1.038], [2835.25, 0.053], [2835.26, 0.009], [2835.27, 0.098], [2835.28, 2.263], [2835.29, 0.415], [2835.3, 0.392], [2835.32, 0.128], [2835.33, 0.017], [2835.34, 0.05], [2835.35, 4.691], [2835.36, 0.033], [2835.37, 0.376]], "timestamp": "2025-12-18T00:38:52.273260+00:00"}, {"symbol": "ETHUSDT", "bids": [[2835.97, 61.88], [2835.96, 4.631], [2835.95, 0.786], [2835.94, 0.016], [2835.93, 0.667], [2835.92, 0.027], [2835.91, 0.018], [2835.9, 0.056], [2835.89, 0.899], [2835.88, 0.024], [2835.87, 1.436], [2835.86, 0.024], [2835.85, 0.008], [2835.84, 0.039], [2835.83, 0.026], [2835.82, 2.614], [2835.81, 3.231], [2835.8, 0.045], [2835.79, 1.772], [2835.78, 1.563]], "asks": [[2835.98, 11.944], [2835.99, 25.207], [2836.0, 139.767], [2836.01, 0.18], [2836.02, 1.794], [2836.03, 1.102], [2836.04, 0.057], [2836.05, 1.231], [2836.06, 0.068], [2836.07, 0.033], [2836.08, 1.92], [2836.09, 0.067], [2836.1, 0.046], [2836.11, 0.493], [2836.12, 1.551], [2836.13, 0.137], [2836.14, 0.045], [2836.15, 1.912], [2836.16, 0.693], [2836.17, 0.064]], "timestamp": "2025-12-18T00:39:46.340983+00:00"}, {"symbol": "ETHUSDT", "bids": [[2836.09, 21.379], [2836.08, 0.018], [2836.07, 0.017], [2836.05, 0.018], [2836.04, 0.023], [2836.02, 1.138], [2836.01, 0.033], [2836.0, 3.084], [2835.99, 0.017], [2835.98, 0.048], [2835.97, 0.009], [2835.96, 0.032], [2835.95, 0.011], [2835.94, 0.041], [2835.93, 0.017], [2835.92, 0.032], [2835.91, 0.467], [2835.9, 0.78], [2835.89, 0.017], [2835.88, 0.015]], "asks": [[2836.1, 75.017], [2836.11, 0.122], [2836.12, 0.025], [2836.13, 4.093], [2836.14, 0.017], [2836.15, 1.798], [2836.16, 2.505], [2836.17, 1.607], [2836.18, 1.869], [2836.19, 0.024], [2836.2, 2.355], [2836.21, 0.145], [2836.22, 1.98], [2836.23, 0.124], [2836.24, 0.899], [2836.25, 14.426], [2836.26, 2.83], [2836.27, 3.264], [2836.28, 0.061], [2836.29, 0.174]], "timestamp": "2025-12-18T00:40:40.227255+00:00"}, {"symbol": "ETHUSDT", "bids": [[2832.0, 39.41], [2831.99, 0.009], [2831.98, 0.031], [2831.97, 0.053], [2831.96, 0.009], [2831.95, 0.068], [2831.94, 7.086], [2831.93, 0.032], [2831.92, 0.054], [2831.91, 0.04], [2831.9, 1.784], [2831.89, 0.023], [2831.88, 0.044], [2831.87, 0.156], [2831.85, 1.328], [2831.84, 0.018], [2831.83, 3.212], [2831.82, 6.241], [2831.81, 1.814], [2831.8, 6.393]], "asks": [[2832.01, 52.801], [2832.02, 0.008], [2832.03, 0.008], [2832.04, 0.017], [2832.05, 0.017], [2832.06, 0.023], [2832.07, 0.017], [2832.08, 4.001], [2832.1, 4.378], [2832.11, 14.119], [2832.12, 1.974], [2832.13, 0.033], [2832.14, 1.387], [2832.15, 0.371], [2832.16, 0.282], [2832.17, 0.409], [2832.18, 0.217], [2832.19, 2.666], [2832.2, 1.438], [2832.21, 0.137]], "timestamp": "2025-12-18T00:41:34.288319+00:00"}, {"symbol": "ETHUSDT", "bids": [[2832.06, 77.716], [2832.05, 0.866], [2832.04, 2.349], [2832.03, 0.016], [2832.02, 1.429], [2832.01, 0.017], [2832.0, 1.223], [2831.99, 0.024], [2831.97, 0.387], [2831.96, 0.015], [2831.95, 0.009], [2831.94, 0.039], [2831.92, 0.881], [2831.91, 1.777], [2831.9, 0.181], [2831.89, 0.016], [2831.88, 0.166], [2831.86, 1.445], [2831.85, 0.132], [2831.84, 0.024]], "asks": [[2832.07, 32.439], [2832.08, 0.008], [2832.09, 0.018], [2832.1, 0.096], [2832.11, 0.027], [2832.12, 0.07], [2832.13, 0.029], [2832.14, 0.032], [2832.15, 0.076], [2832.16, 0.275], [2832.17, 0.147], [2832.18, 0.024], [2832.19, 0.026], [2832.2, 1.481], [2832.21, 0.008], [2832.22, 0.633], [2832.23, 0.018], [2832.24, 0.341], [2832.25, 0.009], [2832.26, 1.807]], "timestamp": "2025-12-18T00:42:28.275975+00:00"}, {"symbol": "ETHUSDT", "bids": [[2831.62, 45.649], [2831.61, 0.021], [2831.6, 0.008], [2831.59, 0.008], [2831.58, 1.439], [2831.57, 0.023], [2831.55, 0.032], [2831.54, 0.008], [2831.53, 0.018], [2831.52, 0.048], [2831.51, 0.015], [2831.5, 0.017], [2831.49, 0.048], [2831.47, 0.024], [2831.45, 6.361], [2831.44, 0.272], [2831.43, 0.023], [2831.42, 0.032], [2831.41, 0.173], [2831.4, 0.084]], "asks": [[2831.63, 34.552], [2831.64, 0.924], [2831.66, 0.088], [2831.67, 0.615], [2831.68, 2.622], [2831.69, 0.024], [2831.7, 2.155], [2831.71, 0.023], [2831.72, 0.025], [2831.73, 0.754], [2831.74, 0.015], [2831.75, 0.042], [2831.76, 0.051], [2831.77, 0.024], [2831.78, 7.932], [2831.79, 1.816], [2831.8, 0.017], [2831.81, 0.042], [2831.82, 0.031], [2831.83, 0.017]], "timestamp": "2025-12-18T00:43:22.274022+00:00"}, {"symbol": "ETHUSDT", "bids": [[2831.75, 22.953], [2831.74, 0.025], [2831.73, 0.017], [2831.72, 1.802], [2831.71, 1.438], [2831.7, 0.032], [2831.69, 0.008], [2831.68, 0.041], [2831.67, 0.016], [2831.66, 0.04], [2831.65, 0.035], [2831.64, 0.043], [2831.63, 0.338], [2831.62, 1.901], [2831.61, 0.01], [2831.6, 0.051], [2831.59, 0.009], [2831.58, 0.039], [2831.57, 0.025], [2831.56, 0.024]], "asks": [[2831.76, 127.049], [2831.77, 6.338], [2831.78, 33.275], [2831.79, 0.025], [2831.8, 0.406], [2831.81, 0.015], [2831.82, 0.558], [2831.83, 3.995], [2831.84, 0.026], [2831.85, 0.049], [2831.86, 0.114], [2831.87, 0.023], [2831.88, 1.259], [2831.89, 1.79], [2831.9, 0.025], [2831.91, 0.024], [2831.92, 6.659], [2831.93, 0.065], [2831.94, 1.446], [2831.95, 14.149]], "timestamp": "2025-12-18T00:44:16.394288+00:00"}, {"symbol": "ETHUSDT", "bids": [[2832.26, 91.361], [2832.25, 0.026], [2832.24, 2.415], [2832.23, 3.686], [2832.22, 1.438], [2832.21, 0.023], [2832.2, 0.027], [2832.19, 0.032], [2832.18, 0.431], [2832.17, 0.119], [2832.16, 2.661], [2832.15, 0.411], [2832.14, 0.017], [2832.13, 0.015], [2832.12, 1.587], [2832.11, 0.015], [2832.1, 0.008], [2832.09, 0.024], [2832.08, 0.026], [2832.07, 0.015]], "asks": [[2832.27, 76.782], [2832.28, 0.017], [2832.29, 0.093], [2832.3, 0.677], [2832.31, 1.793], [2832.32, 0.009], [2832.33, 0.009], [2832.34, 0.049], [2832.35, 0.319], [2832.36, 0.024], [2832.37, 0.094], [2832.38, 1.442], [2832.39, 0.916], [2832.4, 4.627], [2832.41, 1.79], [2832.42, 0.035], [2832.43, 1.948], [2832.44, 0.038], [2832.45, 0.043], [2832.46, 0.024]], "timestamp": "2025-12-18T00:45:10.340062+00:00"}, {"symbol": "ETHUSDT", "bids": [[2831.9, 60.953], [2831.89, 2.198], [2831.88, 0.008], [2831.87, 0.009], [2831.86, 0.017], [2831.85, 0.008], [2831.84, 1.787], [2831.83, 0.024], [2831.82, 0.686], [2831.81, 4.48], [2831.8, 0.008], [2831.79, 0.015], [2831.78, 0.096], [2831.77, 0.024], [2831.76, 0.017], [2831.75, 2.704], [2831.74, 3.802], [2831.72, 0.202], [2831.71, 0.031], [2831.7, 0.008]], "asks": [[2831.91, 0.326], [2831.92, 0.422], [2831.93, 0.008], [2831.94, 0.193], [2831.96, 0.5], [2831.97, 0.37], [2831.98, 0.015], [2831.99, 0.034], [2832.0, 39.769], [2832.01, 0.041], [2832.02, 0.041], [2832.03, 0.045], [2832.04, 0.056], [2832.05, 0.024], [2832.06, 0.041], [2832.07, 0.034], [2832.08, 0.023], [2832.09, 1.431], [2832.1, 0.04], [2832.11, 0.188]], "timestamp": "2025-12-18T00:46:04.028372+00:00"}, {"symbol": "ETHUSDT", "bids": [[2832.95, 84.742], [2832.94, 0.021], [2832.93, 2.554], [2832.92, 8.095], [2832.91, 0.018], [2832.9, 2.019], [2832.88, 0.066], [2832.87, 0.017], [2832.86, 0.024], [2832.85, 1.782], [2832.84, 0.049], [2832.83, 1.596], [2832.82, 0.04], [2832.8, 0.018], [2832.79, 0.128], [2832.78, 0.088], [2832.77, 0.033], [2832.76, 2.147], [2832.75, 1.927], [2832.74, 0.041]], "asks": [[2832.96, 9.666], [2832.97, 0.017], [2832.98, 0.009], [2832.99, 0.026], [2833.0, 0.029], [2833.01, 0.024], [2833.02, 0.026], [2833.03, 0.024], [2833.04, 0.026], [2833.05, 0.024], [2833.06, 0.026], [2833.07, 0.032], [2833.08, 0.027], [2833.09, 0.033], [2833.1, 0.035], [2833.11, 0.023], [2833.12, 0.042], [2833.13, 0.128], [2833.14, 0.455], [2833.15, 1.798]], "timestamp": "2025-12-18T00:46:57.659964+00:00"}, {"symbol": "ETHUSDT", "bids": [[2833.78, 15.799], [2833.77, 0.834], [2833.76, 1.732], [2833.75, 0.025], [2833.74, 1.016], [2833.73, 0.009], [2833.72, 7.091], [2833.71, 0.015], [2833.7, 3.827], [2833.69, 0.032], [2833.68, 0.016], [2833.67, 0.017], [2833.66, 0.041], [2833.65, 0.721], [2833.64, 0.048], [2833.62, 0.729], [2833.61, 0.016], [2833.6, 4.534], [2833.59, 6.597], [2833.58, 4.911]], "asks": [[2833.79, 70.299], [2833.8, 0.095], [2833.82, 0.018], [2833.83, 0.471], [2833.84, 1.78], [2833.85, 0.545], [2833.86, 0.242], [2833.87, 0.009], [2833.88, 0.436], [2833.89, 0.333], [2833.9, 0.049], [2833.91, 1.789], [2833.92, 0.016], [2833.93, 0.035], [2833.94, 2.907], [2833.95, 1.78], [2833.96, 3.887], [2833.97, 0.032], [2833.98, 1.065], [2833.99, 3.902]], "timestamp": "2025-12-18T00:47:53.567376+00:00"}, {"symbol": "ETHUSDT", "bids": [[2835.31, 140.458], [2835.3, 0.206], [2835.28, 0.025], [2835.27, 0.017], [2835.26, 0.024], [2835.25, 2.207], [2835.24, 0.032], [2835.23, 0.024], [2835.22, 0.024], [2835.21, 7.733], [2835.2, 0.033], [2835.19, 0.016], [2835.18, 0.031], [2835.17, 1.437], [2835.16, 0.165], [2835.15, 1.236], [2835.14, 1.913], [2835.13, 0.015], [2835.12, 0.009], [2835.11, 0.032]], "asks": [[2835.32, 24.817], [2835.33, 0.346], [2835.34, 0.018], [2835.36, 0.052], [2835.37, 0.032], [2835.38, 0.009], [2835.39, 0.838], [2835.4, 0.817], [2835.41, 0.478], [2835.42, 0.026], [2835.43, 0.121], [2835.44, 0.017], [2835.45, 0.114], [2835.46, 0.033], [2835.47, 0.017], [2835.48, 1.875], [2835.49, 0.644], [2835.5, 1.823], [2835.51, 0.033], [2835.52, 0.225]], "timestamp": "2025-12-18T00:48:47.226490+00:00"}, {"symbol": "ETHUSDT", "bids": [[2835.69, 106.362], [2835.68, 28.704], [2835.67, 9.084], [2835.65, 0.017], [2835.64, 0.009], [2835.63, 0.008], [2835.62, 0.024], [2835.61, 10.655], [2835.6, 1.328], [2835.59, 0.008], [2835.58, 0.015], [2835.57, 0.026], [2835.56, 0.913], [2835.55, 0.015], [2835.54, 0.017], [2835.53, 0.048], [2835.52, 0.564], [2835.51, 0.722], [2835.5, 0.053], [2835.49, 0.017]], "asks": [[2835.7, 22.122], [2835.71, 0.017], [2835.72, 0.025], [2835.73, 0.009], [2835.74, 0.105], [2835.75, 0.033], [2835.76, 0.009], [2835.77, 0.528], [2835.78, 1.773], [2835.79, 0.035], [2835.8, 0.009], [2835.81, 1.434], [2835.82, 0.065], [2835.83, 0.018], [2835.84, 4.686], [2835.85, 6.473], [2835.86, 0.048], [2835.87, 0.895], [2835.88, 2.705], [2835.89, 4.471]], "timestamp": "2025-12-18T00:49:41.088926+00:00"}, {"symbol": "ETHUSDT", "bids": [[2836.02, 91.342], [2836.01, 9.039], [2836.0, 0.475], [2835.99, 0.394], [2835.98, 0.034], [2835.97, 0.024], [2835.96, 2.947], [2835.95, 0.032], [2835.93, 0.04], [2835.91, 0.009], [2835.9, 0.075], [2835.88, 0.032], [2835.87, 0.032], [2835.85, 53.846], [2835.84, 2.969], [2835.83, 0.033], [2835.82, 0.017], [2835.81, 0.719], [2835.8, 2.714], [2835.79, 0.028]], "asks": [[2836.03, 9.076], [2836.04, 0.04], [2836.05, 0.546], [2836.06, 0.115], [2836.07, 0.068], [2836.08, 0.097], [2836.09, 0.185], [2836.1, 0.041], [2836.11, 0.064], [2836.12, 0.049], [2836.13, 0.018], [2836.14, 0.034], [2836.15, 0.04], [2836.16, 1.346], [2836.17, 1.649], [2836.18, 3.535], [2836.19, 1.744], [2836.2, 2.373], [2836.21, 0.16], [2836.22, 0.234]], "timestamp": "2025-12-18T00:50:35.882241+00:00"}, {"symbol": "ETHUSDT", "bids": [[2834.78, 82.029], [2834.77, 0.089], [2834.76, 0.018], [2834.74, 0.036], [2834.73, 0.039], [2834.72, 0.034], [2834.71, 0.032], [2834.7, 0.017], [2834.69, 0.042], [2834.68, 2.117], [2834.67, 0.111], [2834.66, 0.063], [2834.65, 0.047], [2834.64, 1.056], [2834.63, 13.814], [2834.62, 0.018], [2834.61, 1.872], [2834.6, 1.218], [2834.59, 0.049], [2834.58, 0.217]], "asks": [[2834.79, 49.588], [2834.8, 0.017], [2834.82, 0.175], [2834.83, 0.193], [2834.85, 36.614], [2834.86, 0.026], [2834.87, 0.008], [2834.88, 0.009], [2834.89, 0.009], [2834.9, 0.018], [2834.91, 15.915], [2834.93, 0.009], [2834.94, 0.009], [2834.95, 0.008], [2834.96, 0.481], [2834.97, 0.009], [2834.98, 4.379], [2834.99, 2.992], [2835.0, 3.079], [2835.01, 25.489]], "timestamp": "2025-12-18T00:51:30.249454+00:00"}, {"symbol": "ETHUSDT", "bids": [[2834.39, 82.72], [2834.38, 0.03], [2834.37, 0.038], [2834.35, 0.017], [2834.34, 0.032], [2834.32, 0.032], [2834.31, 0.017], [2834.3, 0.032], [2834.29, 0.024], [2834.28, 0.023], [2834.27, 0.026], [2834.26, 1.355], [2834.25, 5.323], [2834.24, 0.033], [2834.23, 0.856], [2834.22, 0.72], [2834.21, 0.009], [2834.2, 0.42], [2834.19, 0.217], [2834.18, 0.023]], "asks": [[2834.4, 22.522], [2834.41, 0.008], [2834.42, 0.045], [2834.44, 0.033], [2834.45, 0.09], [2834.46, 1.797], [2834.47, 0.037], [2834.48, 0.041], [2834.49, 0.537], [2834.5, 0.051], [2834.51, 0.041], [2834.52, 1.204], [2834.53, 0.049], [2834.54, 0.032], [2834.55, 0.543], [2834.56, 0.052], [2834.57, 4.025], [2834.58, 14.856], [2834.59, 15.782], [2834.6, 1.43]], "timestamp": "2025-12-18T00:52:24.257196+00:00"}, {"symbol": "ETHUSDT", "bids": [[2835.0, 33.32], [2834.99, 0.026], [2834.97, 0.017], [2834.96, 0.787], [2834.95, 1.907], [2834.94, 0.076], [2834.93, 1.797], [2834.92, 0.018], [2834.91, 0.039], [2834.9, 0.029], [2834.89, 0.024], [2834.88, 0.041], [2834.87, 0.033], [2834.86, 0.032], [2834.85, 0.043], [2834.84, 2.857], [2834.83, 2.527], [2834.82, 1.988], [2834.81, 0.024], [2834.8, 3.793]], "asks": [[2835.01, 89.187], [2835.02, 6.648], [2835.04, 0.016], [2835.05, 3.085], [2835.06, 0.015], [2835.07, 0.025], [2835.08, 2.175], [2835.09, 1.336], [2835.1, 2.656], [2835.12, 0.024], [2835.13, 0.598], [2835.14, 15.583], [2835.15, 0.437], [2835.16, 2.154], [2835.17, 3.54], [2835.18, 1.876], [2835.19, 0.009], [2835.2, 2.408], [2835.21, 0.016], [2835.22, 0.181]], "timestamp": "2025-12-18T00:53:18.282731+00:00"}, {"symbol": "ETHUSDT", "bids": [[2835.02, 30.521], [2835.01, 66.761], [2835.0, 434.063], [2834.99, 0.041], [2834.98, 0.017], [2834.97, 8.914], [2834.96, 0.42], [2834.94, 0.392], [2834.93, 0.024], [2834.92, 0.015], [2834.91, 0.402], [2834.9, 0.035], [2834.89, 0.017], [2834.88, 0.075], [2834.87, 0.009], [2834.86, 0.041], [2834.85, 0.008], [2834.84, 0.033], [2834.83, 0.676], [2834.82, 0.05]], "asks": [[2835.03, 44.482], [2835.04, 14.578], [2835.05, 2.729], [2835.07, 1.886], [2835.08, 1.278], [2835.09, 0.026], [2835.1, 0.043], [2835.11, 0.024], [2835.12, 0.049], [2835.13, 0.193], [2835.14, 0.041], [2835.15, 0.008], [2835.16, 0.041], [2835.17, 0.426], [2835.18, 4.026], [2835.19, 5.568], [2835.2, 0.039], [2835.21, 0.056], [2835.22, 0.024], [2835.23, 0.033]], "timestamp": "2025-12-18T00:54:12.355014+00:00"}, {"symbol": "ETHUSDT", "bids": [[2835.31, 23.976], [2835.3, 0.025], [2835.28, 0.025], [2835.27, 0.009], [2835.26, 0.015], [2835.25, 0.025], [2835.24, 0.024], [2835.22, 0.033], [2835.21, 0.008], [2835.2, 0.015], [2835.19, 0.017], [2835.18, 0.034], [2835.17, 0.018], [2835.16, 0.024], [2835.15, 0.008], [2835.14, 0.032], [2835.13, 3.326], [2835.12, 0.896], [2835.11, 0.016], [2835.1, 0.058]], "asks": [[2835.32, 72.495], [2835.33, 7.063], [2835.34, 0.026], [2835.35, 0.067], [2835.36, 25.826], [2835.37, 79.091], [2835.38, 0.052], [2835.39, 3.754], [2835.4, 0.414], [2835.41, 0.155], [2835.42, 0.035], [2835.43, 0.024], [2835.44, 7.271], [2835.45, 0.071], [2835.46, 0.069], [2835.47, 2.682], [2835.48, 0.396], [2835.5, 1.842], [2835.51, 11.199], [2835.52, 5.875]], "timestamp": "2025-12-18T00:55:06.357086+00:00"}, {"symbol": "ETHUSDT", "bids": [[2835.75, 148.75], [2835.74, 2.56], [2835.73, 0.008], [2835.72, 0.017], [2835.71, 0.009], [2835.7, 0.039], [2835.69, 0.018], [2835.68, 0.024], [2835.67, 1.411], [2835.66, 0.024], [2835.65, 0.017], [2835.64, 0.03], [2835.63, 0.025], [2835.62, 0.937], [2835.61, 0.117], [2835.6, 0.963], [2835.59, 1.821], [2835.58, 0.009], [2835.57, 0.897], [2835.56, 9.419]], "asks": [[2835.76, 28.273], [2835.77, 0.09], [2835.78, 0.017], [2835.8, 0.017], [2835.81, 13.939], [2835.82, 41.361], [2835.83, 0.032], [2835.84, 0.418], [2835.85, 0.034], [2835.86, 0.023], [2835.87, 1.955], [2835.88, 0.637], [2835.89, 0.024], [2835.9, 1.256], [2835.91, 0.522], [2835.92, 42.029], [2835.93, 0.408], [2835.94, 0.033], [2835.95, 1.229], [2835.96, 2.856]], "timestamp": "2025-12-18T00:56:00.692038+00:00"}, {"symbol": "ETHUSDT", "bids": [[2834.35, 111.956], [2834.34, 6.276], [2834.33, 2.807], [2834.32, 1.924], [2834.31, 1.421], [2834.3, 0.495], [2834.29, 0.167], [2834.28, 0.066], [2834.27, 0.009], [2834.26, 2.041], [2834.25, 0.026], [2834.24, 0.041], [2834.23, 0.024], [2834.22, 0.139], [2834.21, 1.952], [2834.2, 0.015], [2834.19, 2.698], [2834.18, 0.024], [2834.17, 0.009], [2834.16, 1.665]], "asks": [[2834.36, 16.138], [2834.37, 7.065], [2834.38, 0.009], [2834.39, 0.025], [2834.4, 0.026], [2834.41, 0.017], [2834.42, 0.016], [2834.43, 8.427], [2834.44, 0.034], [2834.45, 0.104], [2834.46, 0.033], [2834.47, 0.017], [2834.48, 0.032], [2834.49, 0.017], [2834.5, 0.031], [2834.51, 0.026], [2834.52, 0.024], [2834.53, 8.865], [2834.54, 0.071], [2834.55, 0.049]], "timestamp": "2025-12-18T00:56:55.885908+00:00"}, {"symbol": "ETHUSDT", "bids": [[2835.31, 28.862], [2835.3, 0.161], [2835.29, 0.009], [2835.28, 0.47], [2835.27, 0.915], [2835.26, 0.024], [2835.25, 0.016], [2835.24, 0.596], [2835.23, 0.009], [2835.22, 0.061], [2835.21, 0.018], [2835.2, 0.023], [2835.19, 0.016], [2835.18, 0.747], [2835.17, 0.017], [2835.16, 0.474], [2835.15, 0.017], [2835.14, 0.048], [2835.13, 0.008], [2835.12, 0.041]], "asks": [[2835.32, 76.233], [2835.33, 0.668], [2835.34, 1.773], [2835.35, 0.026], [2835.36, 0.063], [2835.37, 0.024], [2835.38, 0.036], [2835.39, 1.435], [2835.4, 0.026], [2835.41, 0.041], [2835.42, 0.024], [2835.43, 0.042], [2835.44, 0.009], [2835.45, 2.585], [2835.46, 7.879], [2835.47, 6.48], [2835.48, 3.722], [2835.49, 10.02], [2835.5, 0.057], [2835.51, 0.191]], "timestamp": "2025-12-18T00:57:49.236673+00:00"}, {"symbol": "ETHUSDT", "bids": [[2834.38, 144.87], [2834.37, 18.695], [2834.35, 0.008], [2834.34, 2.628], [2834.33, 14.128], [2834.32, 0.039], [2834.31, 1.449], [2834.3, 1.824], [2834.29, 0.016], [2834.28, 0.068], [2834.27, 0.043], [2834.26, 0.031], [2834.25, 0.027], [2834.24, 0.041], [2834.23, 0.033], [2834.22, 0.044], [2834.21, 0.213], [2834.2, 0.565], [2834.19, 1.816], [2834.18, 1.461]], "asks": [[2834.39, 7.562], [2834.4, 0.016], [2834.42, 0.052], [2834.44, 1.379], [2834.45, 0.026], [2834.46, 0.103], [2834.47, 0.017], [2834.48, 0.023], [2834.49, 0.009], [2834.5, 0.034], [2834.51, 0.009], [2834.52, 0.127], [2834.53, 0.009], [2834.54, 0.023], [2834.55, 0.009], [2834.56, 0.024], [2834.57, 0.51], [2834.58, 0.132], [2834.59, 0.418], [2834.6, 0.024]], "timestamp": "2025-12-18T00:58:43.705551+00:00"}, {"symbol": "ETHUSDT", "bids": [[2834.7, 15.131], [2834.69, 0.018], [2834.68, 2.09], [2834.67, 0.176], [2834.66, 0.017], [2834.65, 1.327], [2834.64, 7.753], [2834.63, 2.143], [2834.62, 2.977], [2834.61, 0.704], [2834.6, 0.476], [2834.59, 0.032], [2834.58, 0.41], [2834.57, 1.253], [2834.56, 0.594], [2834.55, 0.136], [2834.54, 0.025], [2834.53, 0.042], [2834.52, 0.008], [2834.51, 0.058]], "asks": [[2834.71, 43.904], [2834.72, 6.166], [2834.73, 1.525], [2834.74, 0.088], [2834.75, 0.024], [2834.76, 0.049], [2834.77, 0.01], [2834.78, 1.934], [2834.79, 1.96], [2834.8, 1.788], [2834.81, 0.008], [2834.82, 1.437], [2834.83, 0.754], [2834.84, 0.019], [2834.85, 9.069], [2834.86, 2.629], [2834.87, 0.048], [2834.88, 0.009], [2834.89, 0.015], [2834.9, 1.259]], "timestamp": "2025-12-18T00:59:38.499327+00:00"}, {"symbol": "ETHUSDT", "bids": [[2832.45, 14.165], [2832.44, 0.009], [2832.42, 0.017], [2832.41, 0.009], [2832.4, 0.034], [2832.39, 0.009], [2832.38, 0.032], [2832.36, 0.033], [2832.34, 0.039], [2832.33, 0.018], [2832.32, 0.123], [2832.31, 0.883], [2832.3, 0.049], [2832.29, 1.435], [2832.28, 0.122], [2832.27, 0.971], [2832.26, 2.282], [2832.25, 1.404], [2832.24, 1.049], [2832.23, 0.034]], "asks": [[2832.46, 40.922], [2832.47, 3.335], [2832.48, 0.025], [2832.49, 0.017], [2832.5, 0.017], [2832.51, 0.015], [2832.53, 2.605], [2832.54, 0.009], [2832.55, 2.68], [2832.57, 0.04], [2832.58, 1.389], [2832.59, 0.905], [2832.6, 10.502], [2832.61, 2.689], [2832.62, 5.078], [2832.63, 14.151], [2832.64, 0.018], [2832.65, 1.781], [2832.66, 0.197], [2832.67, 0.032]], "timestamp": "2025-12-18T01:00:32.382681+00:00"}, {"symbol": "ETHUSDT", "bids": [[2831.13, 19.607], [2831.12, 0.209], [2831.11, 1.438], [2831.1, 0.026], [2831.09, 0.017], [2831.08, 0.041], [2831.07, 0.009], [2831.06, 0.688], [2831.05, 0.017], [2831.04, 0.036], [2831.03, 0.042], [2831.02, 0.009], [2831.01, 0.023], [2831.0, 0.346], [2830.99, 0.023], [2830.98, 0.178], [2830.97, 0.033], [2830.96, 0.036], [2830.95, 0.049], [2830.94, 1.801]], "asks": [[2831.14, 77.221], [2831.15, 1.533], [2831.16, 1.279], [2831.17, 1.783], [2831.18, 0.009], [2831.19, 0.217], [2831.2, 3.464], [2831.21, 0.015], [2831.22, 0.024], [2831.23, 0.298], [2831.24, 0.092], [2831.25, 1.453], [2831.26, 0.017], [2831.27, 2.679], [2831.28, 0.192], [2831.29, 2.731], [2831.3, 0.041], [2831.31, 0.098], [2831.32, 0.033], [2831.33, 0.008]], "timestamp": "2025-12-18T01:01:26.020691+00:00"}, {"symbol": "ETHUSDT", "bids": [[2831.22, 97.563], [2831.21, 0.018], [2831.2, 0.011], [2831.19, 0.018], [2831.18, 1.637], [2831.17, 2.919], [2831.16, 0.297], [2831.15, 0.034], [2831.14, 0.152], [2831.13, 0.234], [2831.12, 1.827], [2831.11, 0.024], [2831.1, 4.223], [2831.09, 0.033], [2831.08, 1.809], [2831.07, 2.808], [2831.06, 7.107], [2831.05, 0.059], [2831.04, 0.509], [2831.03, 15.036]], "asks": [[2831.23, 13.308], [2831.24, 1.594], [2831.25, 0.016], [2831.27, 0.106], [2831.28, 0.016], [2831.3, 0.024], [2831.31, 0.017], [2831.32, 0.024], [2831.33, 0.008], [2831.34, 0.032], [2831.35, 0.026], [2831.36, 0.023], [2831.37, 0.176], [2831.38, 0.033], [2831.39, 0.644], [2831.4, 0.871], [2831.41, 0.018], [2831.42, 0.026], [2831.43, 0.369], [2831.44, 0.727]], "timestamp": "2025-12-18T01:02:20.053261+00:00"}, {"symbol": "ETHUSDT", "bids": [[2830.61, 25.095], [2830.6, 0.168], [2830.59, 0.025], [2830.58, 1.0], [2830.57, 0.027], [2830.56, 0.008], [2830.55, 0.026], [2830.54, 0.124], [2830.53, 0.371], [2830.52, 0.118], [2830.51, 0.884], [2830.5, 0.799], [2830.49, 1.953], [2830.48, 0.528], [2830.47, 4.62], [2830.46, 0.167], [2830.45, 0.032], [2830.44, 0.024], [2830.43, 0.047], [2830.42, 0.038]], "asks": [[2830.62, 95.525], [2830.63, 0.104], [2830.64, 3.217], [2830.65, 1.199], [2830.66, 1.793], [2830.67, 0.015], [2830.68, 0.008], [2830.69, 0.024], [2830.7, 0.009], [2830.71, 0.024], [2830.72, 0.011], [2830.73, 0.024], [2830.74, 14.128], [2830.75, 0.024], [2830.76, 0.017], [2830.77, 2.268], [2830.78, 0.008], [2830.79, 0.024], [2830.8, 0.016], [2830.81, 1.734]], "timestamp": "2025-12-18T01:03:14.054380+00:00"}, {"symbol": "ETHUSDT", "bids": [[2828.32, 96.711], [2828.31, 0.084], [2828.3, 1.443], [2828.28, 1.794], [2828.26, 0.019], [2828.25, 0.068], [2828.24, 0.031], [2828.23, 0.015], [2828.22, 1.034], [2828.21, 1.425], [2828.2, 1.46], [2828.19, 0.032], [2828.18, 0.236], [2828.17, 4.6], [2828.16, 0.045], [2828.15, 0.041], [2828.14, 1.463], [2828.13, 0.242], [2828.12, 1.197], [2828.11, 0.566]], "asks": [[2828.33, 0.684], [2828.34, 0.506], [2828.35, 0.414], [2828.36, 0.008], [2828.37, 0.025], [2828.38, 0.018], [2828.39, 0.023], [2828.4, 0.591], [2828.41, 0.042], [2828.42, 0.016], [2828.43, 0.033], [2828.44, 0.461], [2828.45, 0.415], [2828.46, 0.035], [2828.47, 0.019], [2828.48, 0.04], [2828.49, 0.385], [2828.51, 0.031], [2828.52, 0.034], [2828.53, 0.023]], "timestamp": "2025-12-18T01:04:08.224648+00:00"}, {"symbol": "ETHUSDT", "bids": [[2826.76, 2.273], [2826.75, 0.1], [2826.74, 0.04], [2826.73, 0.225], [2826.72, 0.017], [2826.71, 0.115], [2826.7, 0.044], [2826.69, 0.044], [2826.68, 0.01], [2826.67, 0.085], [2826.66, 0.407], [2826.65, 2.741], [2826.64, 0.008], [2826.63, 0.068], [2826.62, 0.076], [2826.61, 0.066], [2826.6, 2.494], [2826.59, 0.015], [2826.58, 1.44], [2826.57, 0.2]], "asks": [[2826.77, 203.549], [2826.78, 11.15], [2826.79, 0.009], [2826.8, 14.296], [2826.81, 1.032], [2826.82, 2.396], [2826.83, 0.106], [2826.84, 0.836], [2826.85, 1.787], [2826.87, 1.977], [2826.88, 0.406], [2826.89, 0.024], [2826.9, 0.047], [2826.91, 0.024], [2826.92, 0.009], [2826.93, 0.473], [2826.94, 0.032], [2826.95, 8.952], [2826.96, 1.784], [2826.97, 15.511]], "timestamp": "2025-12-18T01:05:02.497376+00:00"}, {"symbol": "ETHUSDT", "bids": [[2824.43, 68.753], [2824.42, 0.124], [2824.4, 0.932], [2824.39, 0.034], [2824.38, 0.023], [2824.37, 0.089], [2824.36, 0.057], [2824.35, 0.177], [2824.34, 0.032], [2824.33, 0.016], [2824.32, 0.387], [2824.31, 1.03], [2824.29, 0.395], [2824.27, 0.032], [2824.26, 0.073], [2824.24, 0.032], [2824.23, 0.224], [2824.22, 1.797], [2824.21, 1.44], [2824.2, 1.261]], "asks": [[2824.44, 49.465], [2824.45, 0.008], [2824.46, 7.089], [2824.47, 0.026], [2824.48, 4.377], [2824.49, 0.841], [2824.5, 0.143], [2824.51, 0.864], [2824.52, 0.017], [2824.53, 7.14], [2824.54, 7.236], [2824.55, 0.033], [2824.56, 0.051], [2824.57, 0.023], [2824.58, 0.027], [2824.59, 2.267], [2824.6, 0.027], [2824.61, 0.034], [2824.62, 1.878], [2824.63, 1.442]], "timestamp": "2025-12-18T01:05:56.360515+00:00"}, {"symbol": "ETHUSDT", "bids": [[2824.69, 40.889], [2824.68, 0.017], [2824.67, 0.008], [2824.66, 0.009], [2824.65, 0.025], [2824.64, 1.524], [2824.63, 0.009], [2824.62, 2.149], [2824.61, 0.009], [2824.6, 0.398], [2824.59, 2.709], [2824.57, 7.812], [2824.56, 0.216], [2824.55, 0.026], [2824.54, 0.015], [2824.52, 0.041], [2824.51, 0.009], [2824.5, 0.031], [2824.49, 1.454], [2824.48, 0.13]], "asks": [[2824.7, 71.537], [2824.71, 0.008], [2824.72, 0.019], [2824.73, 0.066], [2824.74, 0.034], [2824.75, 0.033], [2824.76, 0.009], [2824.77, 0.04], [2824.78, 0.051], [2824.79, 0.037], [2824.8, 0.046], [2824.81, 0.026], [2824.82, 0.024], [2824.83, 1.796], [2824.84, 0.024], [2824.85, 1.824], [2824.86, 0.922], [2824.87, 0.904], [2824.88, 0.661], [2824.89, 0.034]], "timestamp": "2025-12-18T01:06:50.326147+00:00"}, {"symbol": "ETHUSDT", "bids": [[2827.74, 88.462], [2827.73, 0.025], [2827.72, 0.008], [2827.71, 0.009], [2827.7, 0.009], [2827.68, 0.018], [2827.67, 0.024], [2827.65, 0.024], [2827.64, 0.026], [2827.63, 0.024], [2827.62, 0.025], [2827.61, 0.015], [2827.6, 0.098], [2827.59, 0.02], [2827.58, 0.016], [2827.57, 0.009], [2827.56, 0.018], [2827.54, 0.016], [2827.53, 0.456], [2827.52, 0.035]], "asks": [[2827.75, 22.579], [2827.76, 0.008], [2827.77, 0.018], [2827.79, 0.009], [2827.8, 0.241], [2827.82, 0.035], [2827.83, 0.134], [2827.84, 0.015], [2827.85, 0.009], [2827.86, 0.128], [2827.87, 0.009], [2827.88, 0.731], [2827.89, 0.377], [2827.9, 6.407], [2827.91, 0.707], [2827.92, 0.802], [2827.93, 1.238], [2827.94, 0.722], [2827.95, 1.206], [2827.96, 4.222]], "timestamp": "2025-12-18T01:07:43.884670+00:00"}, {"symbol": "ETHUSDT", "bids": [[2823.79, 48.127], [2823.78, 0.018], [2823.77, 0.009], [2823.76, 0.03], [2823.75, 0.102], [2823.74, 0.024], [2823.73, 1.877], [2823.72, 0.606], [2823.71, 0.018], [2823.7, 0.075], [2823.69, 0.383], [2823.68, 0.048], [2823.67, 1.426], [2823.66, 0.243], [2823.65, 0.025], [2823.64, 0.51], [2823.63, 0.052], [2823.62, 1.771], [2823.61, 0.18], [2823.6, 0.408]], "asks": [[2823.8, 15.309], [2823.81, 4.332], [2823.84, 0.009], [2823.85, 3.484], [2823.87, 0.105], [2823.88, 0.033], [2823.89, 0.009], [2823.9, 0.048], [2823.91, 0.017], [2823.92, 0.024], [2823.93, 0.032], [2823.94, 4.536], [2823.95, 0.53], [2823.96, 0.033], [2823.97, 0.749], [2823.98, 0.018], [2823.99, 14.376], [2824.0, 0.418], [2824.01, 1.101], [2824.02, 0.427]], "timestamp": "2025-12-18T01:08:37.869216+00:00"}, {"symbol": "ETHUSDT", "bids": [[2822.54, 24.065], [2822.53, 0.017], [2822.52, 1.222], [2822.51, 0.009], [2822.5, 0.065], [2822.49, 0.031], [2822.48, 0.027], [2822.47, 0.024], [2822.46, 0.017], [2822.45, 0.018], [2822.44, 0.02], [2822.43, 0.009], [2822.42, 0.025], [2822.41, 0.148], [2822.4, 0.053], [2822.39, 0.035], [2822.38, 0.032], [2822.37, 0.018], [2822.36, 0.024], [2822.35, 0.034]], "asks": [[2822.55, 114.82], [2822.56, 2.001], [2822.57, 0.796], [2822.58, 0.008], [2822.59, 0.009], [2822.6, 3.353], [2822.62, 0.015], [2822.63, 0.018], [2822.64, 0.024], [2822.65, 0.008], [2822.66, 1.781], [2822.67, 0.04], [2822.68, 0.016], [2822.69, 20.015], [2822.7, 13.417], [2822.71, 5.283], [2822.72, 0.024], [2822.73, 0.009], [2822.74, 0.165], [2822.76, 1.811]], "timestamp": "2025-12-18T01:09:31.505950+00:00"}, {"symbol": "ETHUSDT", "bids": [[2822.24, 171.529], [2822.23, 0.026], [2822.22, 0.008], [2822.21, 0.12], [2822.2, 134.58], [2822.19, 0.082], [2822.18, 0.017], [2822.17, 0.098], [2822.16, 0.084], [2822.15, 0.12], [2822.13, 0.04], [2822.12, 1.798], [2822.11, 0.024], [2822.1, 1.016], [2822.09, 0.033], [2822.08, 1.435], [2822.07, 0.015], [2822.06, 0.02], [2822.05, 0.024], [2822.04, 0.033]], "asks": [[2822.25, 32.322], [2822.26, 0.057], [2822.28, 0.86], [2822.29, 0.025], [2822.3, 0.018], [2822.31, 0.017], [2822.32, 0.034], [2822.33, 0.018], [2822.34, 0.305], [2822.35, 0.025], [2822.36, 0.018], [2822.37, 0.477], [2822.38, 0.025], [2822.39, 0.033], [2822.4, 4.414], [2822.41, 0.126], [2822.42, 0.024], [2822.43, 1.797], [2822.44, 1.525], [2822.45, 0.026]], "timestamp": "2025-12-18T01:10:25.263014+00:00"}, {"symbol": "ETHUSDT", "bids": [[2822.4, 54.855], [2822.39, 0.067], [2822.38, 0.017], [2822.37, 0.018], [2822.36, 0.045], [2822.35, 0.026], [2822.34, 1.79], [2822.33, 0.217], [2822.32, 0.026], [2822.31, 0.04], [2822.3, 0.034], [2822.29, 0.024], [2822.28, 0.026], [2822.27, 0.033], [2822.26, 0.066], [2822.25, 7.806], [2822.24, 1.846], [2822.23, 0.12], [2822.22, 4.016], [2822.21, 20.552]], "asks": [[2822.41, 41.215], [2822.42, 0.055], [2822.43, 0.008], [2822.45, 0.018], [2822.46, 0.015], [2822.48, 0.042], [2822.49, 0.008], [2822.5, 0.033], [2822.51, 0.008], [2822.52, 0.015], [2822.53, 0.009], [2822.54, 0.106], [2822.56, 6.619], [2822.57, 0.017], [2822.58, 15.145], [2822.59, 0.02], [2822.6, 1.878], [2822.61, 7.012], [2822.62, 0.04], [2822.63, 0.009]], "timestamp": "2025-12-18T01:11:19.026929+00:00"}, {"symbol": "ETHUSDT", "bids": [[2822.62, 111.911], [2822.61, 0.371], [2822.6, 0.462], [2822.58, 0.09], [2822.57, 0.015], [2822.55, 0.053], [2822.54, 0.026], [2822.53, 0.585], [2822.52, 0.035], [2822.51, 0.052], [2822.5, 0.016], [2822.49, 0.041], [2822.48, 0.009], [2822.47, 0.025], [2822.46, 0.032], [2822.45, 0.02], [2822.44, 0.064], [2822.43, 0.015], [2822.42, 0.008], [2822.41, 0.033]], "asks": [[2822.63, 34.623], [2822.64, 0.038], [2822.65, 0.054], [2822.66, 0.035], [2822.67, 0.017], [2822.68, 0.048], [2822.69, 0.026], [2822.7, 0.06], [2822.71, 0.042], [2822.72, 0.724], [2822.73, 1.435], [2822.74, 1.805], [2822.75, 0.017], [2822.76, 0.017], [2822.77, 0.045], [2822.78, 0.018], [2822.79, 0.032], [2822.8, 0.009], [2822.81, 0.522], [2822.82, 0.024]], "timestamp": "2025-12-18T01:12:12.992936+00:00"}, {"symbol": "ETHUSDT", "bids": [[2825.23, 22.953], [2825.22, 0.168], [2825.21, 0.018], [2825.2, 0.025], [2825.19, 0.017], [2825.18, 0.018], [2825.17, 0.009], [2825.16, 0.193], [2825.15, 0.109], [2825.14, 0.017], [2825.13, 0.018], [2825.12, 0.032], [2825.11, 0.024], [2825.1, 0.088], [2825.09, 0.024], [2825.08, 2.091], [2825.07, 0.072], [2825.06, 0.034], [2825.05, 0.034], [2825.04, 0.379]], "asks": [[2825.24, 120.039], [2825.25, 0.134], [2825.26, 0.008], [2825.27, 1.77], [2825.28, 0.017], [2825.29, 0.009], [2825.3, 0.024], [2825.32, 0.024], [2825.33, 1.616], [2825.34, 0.032], [2825.35, 26.971], [2825.36, 30.878], [2825.37, 36.908], [2825.38, 31.441], [2825.39, 30.024], [2825.4, 34.114], [2825.41, 0.052], [2825.42, 0.015], [2825.43, 0.236], [2825.44, 1.509]], "timestamp": "2025-12-18T01:13:06.753865+00:00"}, {"symbol": "ETHUSDT", "bids": [[2827.79, 79.321], [2827.78, 0.026], [2827.77, 0.105], [2827.75, 0.018], [2827.74, 0.024], [2827.72, 0.026], [2827.71, 1.792], [2827.69, 0.033], [2827.68, 0.024], [2827.66, 0.024], [2827.65, 0.194], [2827.64, 0.856], [2827.63, 0.009], [2827.62, 0.06], [2827.61, 1.785], [2827.6, 0.024], [2827.59, 0.716], [2827.58, 0.37], [2827.57, 0.017], [2827.56, 0.362]], "asks": [[2827.8, 53.024], [2827.81, 0.036], [2827.82, 0.018], [2827.83, 0.011], [2827.84, 1.521], [2827.85, 0.032], [2827.86, 0.741], [2827.87, 0.105], [2827.88, 3.948], [2827.89, 1.794], [2827.9, 0.169], [2827.91, 0.018], [2827.92, 1.314], [2827.93, 0.027], [2827.94, 2.669], [2827.95, 1.792], [2827.96, 0.033], [2827.97, 2.163], [2827.98, 8.284], [2827.99, 1.805]], "timestamp": "2025-12-18T01:14:00.401288+00:00"}, {"symbol": "ETHUSDT", "bids": [[2827.79, 32.801], [2827.78, 0.167], [2827.77, 0.018], [2827.76, 0.397], [2827.75, 0.017], [2827.74, 1.847], [2827.73, 3.016], [2827.72, 0.032], [2827.71, 0.009], [2827.7, 0.04], [2827.69, 0.008], [2827.68, 0.353], [2827.67, 0.049], [2827.66, 0.009], [2827.65, 0.024], [2827.64, 0.166], [2827.63, 0.024], [2827.62, 0.033], [2827.61, 0.053], [2827.6, 0.909]], "asks": [[2827.8, 50.209], [2827.81, 0.179], [2827.82, 1.334], [2827.84, 2.879], [2827.85, 3.672], [2827.86, 0.024], [2827.87, 3.307], [2827.88, 0.477], [2827.89, 0.033], [2827.9, 0.09], [2827.91, 0.02], [2827.92, 0.025], [2827.93, 0.041], [2827.94, 0.017], [2827.95, 2.677], [2827.96, 0.035], [2827.97, 0.063], [2827.98, 2.705], [2827.99, 0.121], [2828.0, 12.921]], "timestamp": "2025-12-18T01:14:53.835638+00:00"}, {"symbol": "ETHUSDT", "bids": [[2830.3, 32.067], [2830.29, 0.018], [2830.27, 0.016], [2830.26, 1.003], [2830.25, 0.055], [2830.24, 0.924], [2830.23, 1.041], [2830.22, 0.096], [2830.21, 0.041], [2830.2, 0.722], [2830.19, 0.031], [2830.18, 0.026], [2830.17, 0.015], [2830.16, 0.025], [2830.15, 0.024], [2830.14, 0.282], [2830.13, 0.04], [2830.12, 0.827], [2830.11, 0.024], [2830.1, 0.077]], "asks": [[2830.31, 61.548], [2830.32, 0.143], [2830.33, 0.222], [2830.34, 0.487], [2830.35, 2.669], [2830.36, 0.146], [2830.37, 0.026], [2830.38, 0.753], [2830.39, 1.926], [2830.4, 0.407], [2830.41, 0.033], [2830.42, 0.208], [2830.43, 0.035], [2830.44, 1.068], [2830.45, 0.049], [2830.46, 2.876], [2830.47, 0.024], [2830.48, 0.018], [2830.49, 1.939], [2830.5, 1.881]], "timestamp": "2025-12-18T01:15:47.958528+00:00"}, {"symbol": "ETHUSDT", "bids": [[2828.83, 8.456], [2828.82, 0.009], [2828.81, 0.106], [2828.8, 0.128], [2828.79, 0.017], [2828.78, 0.024], [2828.77, 0.018], [2828.76, 0.208], [2828.75, 0.009], [2828.74, 0.522], [2828.73, 0.725], [2828.72, 0.875], [2828.71, 0.018], [2828.7, 0.09], [2828.69, 1.442], [2828.68, 0.141], [2828.67, 0.039], [2828.66, 0.018], [2828.65, 0.048], [2828.64, 0.734]], "asks": [[2828.84, 80.216], [2828.85, 0.033], [2828.88, 0.026], [2828.89, 0.015], [2828.9, 10.342], [2828.91, 30.033], [2828.93, 0.024], [2828.94, 30.065], [2828.95, 0.024], [2828.96, 0.008], [2828.97, 0.023], [2828.98, 0.053], [2828.99, 0.015], [2829.0, 1.455], [2829.01, 0.821], [2829.02, 1.795], [2829.03, 0.024], [2829.04, 0.008], [2829.05, 0.009], [2829.06, 0.049]], "timestamp": "2025-12-18T01:16:41.592179+00:00"}, {"symbol": "ETHUSDT", "bids": [[2827.12, 28.071], [2827.11, 0.017], [2827.1, 0.009], [2827.09, 0.027], [2827.08, 0.008], [2827.07, 0.333], [2827.06, 0.009], [2827.05, 0.033], [2827.04, 0.038], [2827.03, 0.026], [2827.02, 0.219], [2827.01, 0.052], [2827.0, 0.496], [2826.99, 0.049], [2826.98, 0.009], [2826.97, 0.033], [2826.96, 0.028], [2826.95, 0.032], [2826.94, 0.017], [2826.93, 1.316]], "asks": [[2827.13, 142.701], [2827.14, 10.136], [2827.15, 0.008], [2827.16, 0.017], [2827.17, 0.017], [2827.18, 0.015], [2827.19, 0.009], [2827.2, 0.061], [2827.22, 0.015], [2827.23, 30.009], [2827.24, 3.199], [2827.25, 0.018], [2827.26, 0.031], [2827.27, 0.08], [2827.28, 30.421], [2827.29, 0.192], [2827.3, 3.383], [2827.31, 2.611], [2827.32, 0.37], [2827.33, 0.024]], "timestamp": "2025-12-18T01:17:35.045435+00:00"}, {"symbol": "ETHUSDT", "bids": [[2821.42, 0.179], [2821.41, 0.185], [2821.4, 0.353], [2821.39, 0.026], [2821.38, 0.015], [2821.37, 0.055], [2821.36, 0.033], [2821.34, 0.023], [2821.33, 0.026], [2821.32, 0.046], [2821.31, 0.109], [2821.3, 53.573], [2821.29, 0.843], [2821.28, 3.535], [2821.27, 0.147], [2821.26, 0.015], [2821.25, 0.017], [2821.24, 0.042], [2821.23, 7.451], [2821.22, 0.04]], "asks": [[2821.43, 244.247], [2821.44, 2.713], [2821.45, 3.526], [2821.46, 92.165], [2821.47, 2.894], [2821.48, 45.099], [2821.49, 152.912], [2821.5, 0.032], [2821.51, 2.338], [2821.52, 29.498], [2821.53, 2.338], [2821.54, 2.752], [2821.55, 2.106], [2821.56, 0.023], [2821.57, 2.368], [2821.58, 15.002], [2821.59, 3.803], [2821.6, 1.433], [2821.62, 0.595], [2821.63, 0.604]], "timestamp": "2025-12-18T01:18:28.396668+00:00"}, {"symbol": "ETHUSDT", "bids": [[2825.45, 115.466], [2825.44, 0.017], [2825.42, 0.009], [2825.41, 0.017], [2825.4, 0.154], [2825.39, 4.426], [2825.38, 0.024], [2825.37, 1.012], [2825.36, 0.04], [2825.35, 0.033], [2825.34, 0.023], [2825.33, 0.026], [2825.32, 0.032], [2825.3, 0.035], [2825.29, 0.025], [2825.28, 0.032], [2825.26, 0.186], [2825.25, 0.936], [2825.24, 0.993], [2825.23, 0.032]], "asks": [[2825.46, 22.907], [2825.47, 0.008], [2825.48, 0.017], [2825.49, 0.084], [2825.5, 0.021], [2825.51, 0.024], [2825.52, 0.031], [2825.53, 0.122], [2825.55, 0.062], [2825.56, 0.009], [2825.57, 0.035], [2825.58, 0.05], [2825.59, 0.044], [2825.6, 0.035], [2825.61, 0.033], [2825.62, 0.042], [2825.63, 0.023], [2825.64, 0.893], [2825.65, 0.032], [2825.66, 0.042]], "timestamp": "2025-12-18T01:19:22.874009+00:00"}, {"symbol": "ETHUSDT", "bids": [[2825.93, 155.827], [2825.92, 1.259], [2825.91, 196.412], [2825.9, 32.711], [2825.89, 29.228], [2825.88, 27.494], [2825.87, 23.343], [2825.86, 111.405], [2825.85, 81.004], [2825.84, 2.832], [2825.83, 1.77], [2825.82, 0.017], [2825.81, 11.154], [2825.8, 0.009], [2825.79, 23.37], [2825.76, 0.026], [2825.75, 14.905], [2825.74, 0.009], [2825.73, 57.602], [2825.72, 32.761]], "asks": [[2825.94, 0.042], [2825.96, 0.032], [2825.97, 0.009], [2825.98, 0.024], [2825.99, 1.39], [2826.0, 1.482], [2826.01, 0.6], [2826.02, 0.089], [2826.03, 0.032], [2826.04, 0.032], [2826.05, 0.025], [2826.06, 0.05], [2826.07, 0.036], [2826.08, 0.04], [2826.09, 0.016], [2826.1, 3.164], [2826.11, 0.033], [2826.12, 0.015], [2826.13, 0.017], [2826.14, 0.032]], "timestamp": "2025-12-18T01:20:16.429971+00:00"}, {"symbol": "ETHUSDT", "bids": [[2828.44, 33.121], [2828.43, 0.025], [2828.42, 0.017], [2828.41, 0.017], [2828.4, 0.033], [2828.39, 0.009], [2828.38, 1.437], [2828.37, 0.015], [2828.36, 0.035], [2828.35, 0.048], [2828.34, 0.008], [2828.33, 0.041], [2828.32, 0.025], [2828.31, 0.026], [2828.3, 0.045], [2828.29, 1.101], [2828.28, 0.027], [2828.27, 0.04], [2828.26, 0.034], [2828.25, 0.216]], "asks": [[2828.45, 112.692], [2828.46, 3.78], [2828.49, 0.009], [2828.5, 0.024], [2828.51, 1.768], [2828.52, 0.42], [2828.53, 1.256], [2828.54, 0.189], [2828.55, 0.555], [2828.56, 18.212], [2828.57, 0.114], [2828.58, 10.052], [2828.59, 60.405], [2828.6, 0.048], [2828.61, 0.06], [2828.62, 1.792], [2828.63, 0.017], [2828.64, 1.752], [2828.65, 1.556], [2828.66, 0.121]], "timestamp": "2025-12-18T01:21:11.112454+00:00"}, {"symbol": "ETHUSDT", "bids": [[2829.39, 69.916], [2829.38, 0.029], [2829.37, 0.017], [2829.36, 0.026], [2829.35, 0.018], [2829.34, 0.024], [2829.33, 0.024], [2829.32, 0.873], [2829.31, 0.009], [2829.3, 0.199], [2829.29, 0.018], [2829.28, 0.015], [2829.27, 0.009], [2829.26, 0.032], [2829.25, 1.458], [2829.24, 0.737], [2829.23, 0.018], [2829.22, 0.034], [2829.21, 0.009], [2829.2, 0.041]], "asks": [[2829.4, 59.593], [2829.41, 0.017], [2829.42, 0.008], [2829.44, 0.009], [2829.45, 0.018], [2829.47, 1.792], [2829.48, 0.008], [2829.49, 0.164], [2829.5, 0.796], [2829.51, 2.877], [2829.52, 0.017], [2829.53, 0.097], [2829.54, 0.032], [2829.56, 17.755], [2829.57, 1.786], [2829.58, 1.438], [2829.59, 0.017], [2829.6, 0.956], [2829.61, 15.343], [2829.62, 1.295]], "timestamp": "2025-12-18T01:22:05.198270+00:00"}, {"symbol": "ETHUSDT", "bids": [[2829.6, 8.57], [2829.59, 0.107], [2829.58, 0.018], [2829.57, 0.017], [2829.56, 0.017], [2829.55, 0.024], [2829.54, 0.042], [2829.53, 0.024], [2829.52, 0.009], [2829.51, 0.033], [2829.5, 0.018], [2829.49, 0.016], [2829.48, 0.026], [2829.47, 0.042], [2829.46, 0.009], [2829.45, 0.017], [2829.44, 0.033], [2829.43, 0.009], [2829.42, 0.051], [2829.41, 0.023]], "asks": [[2829.61, 78.725], [2829.62, 0.026], [2829.63, 0.08], [2829.65, 5.305], [2829.66, 3.373], [2829.67, 0.088], [2829.68, 0.613], [2829.69, 0.008], [2829.7, 17.662], [2829.71, 59.028], [2829.72, 8.191], [2829.73, 0.11], [2829.74, 0.024], [2829.75, 8.455], [2829.76, 4.937], [2829.77, 0.017], [2829.78, 3.888], [2829.79, 5.667], [2829.8, 17.84], [2829.81, 1.454]], "timestamp": "2025-12-18T01:22:58.882241+00:00"}, {"symbol": "ETHUSDT", "bids": [[2828.69, 147.757], [2828.68, 0.266], [2828.67, 0.009], [2828.66, 0.016], [2828.65, 0.018], [2828.64, 0.626], [2828.63, 1.405], [2828.62, 1.439], [2828.61, 0.042], [2828.6, 0.043], [2828.59, 0.39], [2828.58, 0.041], [2828.57, 0.017], [2828.56, 0.068], [2828.55, 0.026], [2828.54, 0.024], [2828.53, 0.026], [2828.52, 1.835], [2828.51, 0.017], [2828.5, 4.074]], "asks": [[2828.7, 3.376], [2828.71, 0.048], [2828.72, 0.009], [2828.73, 0.724], [2828.74, 0.008], [2828.75, 0.371], [2828.76, 1.377], [2828.77, 0.019], [2828.78, 0.018], [2828.79, 0.096], [2828.8, 0.115], [2828.81, 0.123], [2828.82, 0.019], [2828.83, 0.123], [2828.84, 0.129], [2828.85, 0.428], [2828.86, 0.112], [2828.87, 0.715], [2828.88, 0.031], [2828.89, 3.206]], "timestamp": "2025-12-18T01:23:53.212543+00:00"}, {"symbol": "ETHUSDT", "bids": [[2828.43, 34.067], [2828.42, 0.017], [2828.41, 0.008], [2828.4, 0.062], [2828.39, 0.009], [2828.38, 0.065], [2828.37, 0.026], [2828.36, 0.023], [2828.35, 0.1], [2828.34, 0.049], [2828.33, 0.023], [2828.32, 0.051], [2828.31, 0.009], [2828.3, 0.042], [2828.29, 0.009], [2828.28, 0.224], [2828.27, 0.026], [2828.26, 0.044], [2828.25, 0.033], [2828.24, 1.867]], "asks": [[2828.44, 35.383], [2828.45, 0.008], [2828.47, 0.009], [2828.48, 0.009], [2828.5, 0.009], [2828.51, 0.467], [2828.52, 2.164], [2828.53, 0.033], [2828.54, 0.458], [2828.55, 0.202], [2828.56, 9.088], [2828.57, 17.824], [2828.58, 8.102], [2828.59, 0.024], [2828.6, 0.106], [2828.61, 0.04], [2828.62, 0.009], [2828.63, 0.199], [2828.64, 0.364], [2828.65, 0.909]], "timestamp": "2025-12-18T01:24:47.176614+00:00"}, {"symbol": "ETHUSDT", "bids": [[2827.56, 3.387], [2827.55, 0.009], [2827.54, 0.042], [2827.53, 0.034], [2827.52, 0.009], [2827.51, 0.7], [2827.5, 0.729], [2827.49, 0.347], [2827.48, 0.009], [2827.47, 0.018], [2827.46, 0.026], [2827.45, 0.009], [2827.44, 0.059], [2827.43, 0.036], [2827.42, 0.033], [2827.41, 0.749], [2827.4, 0.411], [2827.39, 0.051], [2827.38, 0.867], [2827.37, 0.059]], "asks": [[2827.57, 141.589], [2827.58, 30.033], [2827.59, 50.755], [2827.6, 30.035], [2827.61, 30.017], [2827.62, 0.023], [2827.63, 0.009], [2827.64, 0.024], [2827.65, 1.287], [2827.66, 0.063], [2827.67, 1.519], [2827.68, 20.865], [2827.69, 0.605], [2827.7, 1.929], [2827.71, 20.008], [2827.72, 8.54], [2827.73, 1.466], [2827.74, 0.729], [2827.76, 0.024], [2827.77, 0.749]], "timestamp": "2025-12-18T01:25:41.038848+00:00"}, {"symbol": "ETHUSDT", "bids": [[2825.49, 2.755], [2825.48, 0.039], [2825.47, 0.039], [2825.46, 0.715], [2825.45, 0.009], [2825.44, 0.859], [2825.43, 0.208], [2825.42, 0.025], [2825.41, 0.043], [2825.4, 0.387], [2825.39, 0.009], [2825.38, 0.017], [2825.37, 0.015], [2825.36, 2.059], [2825.35, 0.045], [2825.34, 0.42], [2825.33, 0.024], [2825.32, 0.026], [2825.31, 0.015], [2825.3, 0.124]], "asks": [[2825.5, 194.527], [2825.51, 1.151], [2825.52, 0.018], [2825.54, 1.12], [2825.55, 21.811], [2825.56, 43.022], [2825.57, 20.04], [2825.58, 38.276], [2825.59, 30.008], [2825.6, 0.017], [2825.62, 0.025], [2825.63, 19.12], [2825.64, 0.016], [2825.65, 13.852], [2825.66, 20.029], [2825.67, 31.82], [2825.68, 7.086], [2825.69, 7.102], [2825.7, 0.201], [2825.71, 0.04]], "timestamp": "2025-12-18T01:26:34.937979+00:00"}, {"symbol": "ETHUSDT", "bids": [[2825.76, 104.566], [2825.75, 0.258], [2825.74, 4.417], [2825.73, 0.096], [2825.72, 1.45], [2825.71, 0.024], [2825.7, 0.193], [2825.69, 0.039], [2825.68, 0.407], [2825.67, 0.368], [2825.66, 0.009], [2825.65, 0.032], [2825.64, 0.49], [2825.63, 0.024], [2825.62, 0.017], [2825.61, 0.024], [2825.6, 1.485], [2825.59, 0.015], [2825.58, 0.043], [2825.57, 0.257]], "asks": [[2825.77, 17.834], [2825.78, 0.008], [2825.79, 1.778], [2825.8, 0.026], [2825.81, 0.018], [2825.82, 0.016], [2825.83, 0.017], [2825.84, 0.024], [2825.85, 0.024], [2825.86, 0.024], [2825.87, 0.008], [2825.88, 0.049], [2825.89, 0.017], [2825.9, 0.128], [2825.91, 1.82], [2825.92, 1.801], [2825.93, 0.025], [2825.94, 4.941], [2825.95, 0.294], [2825.96, 0.111]], "timestamp": "2025-12-18T01:27:28.353471+00:00"}, {"symbol": "ETHUSDT", "bids": [[2826.33, 39.446], [2826.32, 0.299], [2826.31, 0.017], [2826.3, 0.044], [2826.29, 0.008], [2826.28, 0.041], [2826.27, 0.028], [2826.26, 0.048], [2826.25, 0.026], [2826.24, 2.275], [2826.23, 0.033], [2826.22, 0.033], [2826.21, 0.315], [2826.2, 0.067], [2826.19, 0.015], [2826.18, 0.442], [2826.17, 0.073], [2826.16, 0.734], [2826.15, 0.739], [2826.14, 0.017]], "asks": [[2826.34, 99.46], [2826.35, 0.016], [2826.36, 10.421], [2826.37, 0.009], [2826.38, 1.778], [2826.39, 17.754], [2826.4, 1.779], [2826.41, 0.024], [2826.42, 1.425], [2826.43, 1.515], [2826.44, 0.415], [2826.45, 0.216], [2826.46, 0.008], [2826.47, 0.033], [2826.48, 0.814], [2826.49, 25.975], [2826.5, 1.786], [2826.51, 1.884], [2826.52, 0.008], [2826.53, 0.033]], "timestamp": "2025-12-18T01:28:22.420318+00:00"}, {"symbol": "ETHUSDT", "bids": [[2826.18, 57.153], [2826.17, 1.95], [2826.16, 0.345], [2826.15, 0.315], [2826.14, 0.042], [2826.13, 0.033], [2826.12, 0.202], [2826.11, 0.062], [2826.1, 0.037], [2826.09, 0.241], [2826.08, 0.447], [2826.07, 3.731], [2826.06, 1.81], [2826.05, 3.924], [2826.04, 4.413], [2826.03, 1.952], [2826.02, 0.024], [2826.01, 3.748], [2826.0, 28.605], [2825.99, 0.339]], "asks": [[2826.19, 18.871], [2826.2, 0.361], [2826.21, 0.009], [2826.22, 0.024], [2826.23, 0.009], [2826.24, 0.106], [2826.25, 0.025], [2826.26, 0.015], [2826.28, 0.041], [2826.29, 0.03], [2826.3, 0.235], [2826.31, 1.812], [2826.32, 4.055], [2826.33, 0.819], [2826.34, 17.741], [2826.35, 1.813], [2826.36, 0.622], [2826.37, 0.009], [2826.38, 0.293], [2826.39, 0.032]], "timestamp": "2025-12-18T01:29:17.179729+00:00"}, {"symbol": "ETHUSDT", "bids": [[2824.38, 167.717], [2824.37, 1.789], [2824.36, 0.008], [2824.34, 0.026], [2824.33, 0.024], [2824.31, 4.441], [2824.3, 0.017], [2824.29, 0.008], [2824.28, 0.009], [2824.27, 0.027], [2824.25, 1.799], [2824.24, 0.018], [2824.23, 2.677], [2824.22, 0.017], [2824.21, 0.025], [2824.2, 4.64], [2824.19, 0.008], [2824.18, 0.208], [2824.17, 1.443], [2824.16, 0.025]], "asks": [[2824.39, 12.74], [2824.4, 0.008], [2824.41, 0.028], [2824.43, 0.041], [2824.44, 0.017], [2824.45, 0.009], [2824.46, 0.023], [2824.47, 0.017], [2824.48, 0.024], [2824.49, 0.027], [2824.5, 0.039], [2824.51, 2.824], [2824.52, 0.076], [2824.53, 0.535], [2824.54, 0.395], [2824.55, 0.034], [2824.56, 0.572], [2824.57, 0.018], [2824.58, 0.048], [2824.59, 0.2]], "timestamp": "2025-12-18T01:30:11.271935+00:00"}, {"symbol": "ETHUSDT", "bids": [[2825.25, 24.681], [2825.24, 0.03], [2825.22, 0.009], [2825.21, 0.017], [2825.2, 0.032], [2825.19, 0.009], [2825.18, 0.04], [2825.16, 0.874], [2825.15, 0.009], [2825.14, 0.033], [2825.13, 0.201], [2825.12, 0.024], [2825.11, 0.009], [2825.1, 2.524], [2825.09, 0.028], [2825.08, 0.024], [2825.06, 0.032], [2825.05, 0.017], [2825.04, 0.015], [2825.03, 0.017]], "asks": [[2825.26, 83.08], [2825.27, 48.623], [2825.28, 30.025], [2825.29, 30.032], [2825.3, 30.02], [2825.31, 0.06], [2825.32, 0.018], [2825.33, 0.125], [2825.34, 0.404], [2825.35, 0.052], [2825.36, 0.128], [2825.37, 1.828], [2825.38, 2.099], [2825.39, 0.04], [2825.4, 0.025], [2825.41, 0.056], [2825.42, 1.806], [2825.43, 1.307], [2825.44, 18.339], [2825.45, 0.027]], "timestamp": "2025-12-18T01:31:05.544364+00:00"}, {"symbol": "ETHUSDT", "bids": [[2823.85, 56.629], [2823.84, 0.297], [2823.82, 0.008], [2823.81, 3.362], [2823.8, 4.898], [2823.79, 0.008], [2823.78, 0.732], [2823.77, 0.031], [2823.76, 0.033], [2823.75, 0.212], [2823.74, 0.04], [2823.73, 0.028], [2823.72, 0.866], [2823.71, 0.016], [2823.7, 14.765], [2823.69, 0.025], [2823.68, 0.017], [2823.67, 0.015], [2823.66, 0.76], [2823.65, 0.048]], "asks": [[2823.86, 6.268], [2823.87, 0.016], [2823.88, 7.1], [2823.89, 0.018], [2823.9, 0.033], [2823.91, 0.033], [2823.92, 0.025], [2823.93, 0.033], [2823.94, 8.118], [2823.95, 7.098], [2823.96, 0.722], [2823.97, 0.368], [2823.98, 0.05], [2823.99, 23.79], [2824.0, 0.033], [2824.01, 8.878], [2824.02, 0.615], [2824.03, 0.026], [2824.04, 0.444], [2824.05, 0.026]], "timestamp": "2025-12-18T01:31:59.325285+00:00"}, {"symbol": "ETHUSDT", "bids": [[2824.99, 30.044], [2824.98, 0.017], [2824.97, 0.009], [2824.96, 5.617], [2824.95, 0.057], [2824.93, 0.034], [2824.92, 0.048], [2824.91, 0.029], [2824.9, 0.058], [2824.89, 0.023], [2824.88, 0.033], [2824.87, 0.042], [2824.86, 0.023], [2824.85, 0.025], [2824.84, 0.892], [2824.83, 0.177], [2824.82, 0.041], [2824.81, 0.042], [2824.8, 0.244], [2824.79, 0.025]], "asks": [[2825.0, 101.921], [2825.01, 3.914], [2825.02, 0.008], [2825.03, 0.009], [2825.04, 0.018], [2825.05, 0.809], [2825.06, 0.023], [2825.07, 1.955], [2825.08, 0.024], [2825.1, 0.658], [2825.11, 18.408], [2825.12, 0.413], [2825.13, 1.777], [2825.14, 0.024], [2825.15, 0.009], [2825.16, 0.024], [2825.17, 1.795], [2825.18, 0.015], [2825.19, 0.025], [2825.2, 0.476]], "timestamp": "2025-12-18T01:32:53.576453+00:00"}, {"symbol": "ETHUSDT", "bids": [[2824.76, 54.873], [2824.75, 0.025], [2824.74, 0.008], [2824.73, 0.025], [2824.72, 0.009], [2824.71, 0.015], [2824.7, 0.025], [2824.69, 0.024], [2824.68, 0.566], [2824.67, 0.071], [2824.66, 1.771], [2824.65, 0.032], [2824.64, 3.011], [2824.63, 0.009], [2824.62, 0.015], [2824.61, 0.024], [2824.6, 0.639], [2824.59, 0.377], [2824.57, 0.033], [2824.56, 0.024]], "asks": [[2824.77, 26.871], [2824.78, 0.525], [2824.79, 0.018], [2824.8, 0.008], [2824.81, 0.017], [2824.82, 0.009], [2824.83, 0.036], [2824.84, 0.023], [2824.85, 0.018], [2824.86, 1.849], [2824.87, 0.009], [2824.88, 0.017], [2824.89, 0.04], [2824.9, 0.009], [2824.91, 0.031], [2824.92, 3.129], [2824.93, 0.024], [2824.94, 0.388], [2824.95, 0.332], [2824.96, 0.859]], "timestamp": "2025-12-18T01:33:46.627706+00:00"}, {"symbol": "ETHUSDT", "bids": [[2826.47, 43.547], [2826.46, 0.025], [2826.45, 0.025], [2826.44, 0.009], [2826.43, 0.113], [2826.42, 0.024], [2826.4, 0.069], [2826.39, 0.056], [2826.38, 0.024], [2826.37, 0.033], [2826.36, 0.608], [2826.35, 0.023], [2826.34, 0.049], [2826.33, 0.724], [2826.32, 0.483], [2826.31, 0.033], [2826.3, 0.723], [2826.29, 0.032], [2826.28, 0.009], [2826.27, 0.04]], "asks": [[2826.48, 118.2], [2826.49, 0.016], [2826.51, 1.315], [2826.52, 0.009], [2826.53, 1.516], [2826.54, 1.801], [2826.55, 0.009], [2826.56, 0.015], [2826.57, 0.024], [2826.58, 1.559], [2826.59, 0.032], [2826.6, 9.955], [2826.61, 0.086], [2826.62, 5.828], [2826.63, 17.92], [2826.64, 2.197], [2826.65, 0.032], [2826.67, 1.44], [2826.68, 0.517], [2826.69, 1.083]], "timestamp": "2025-12-18T01:34:40.379730+00:00"}, {"symbol": "ETHUSDT", "bids": [[2823.84, 56.9], [2823.83, 1.042], [2823.82, 0.106], [2823.81, 0.009], [2823.8, 0.069], [2823.79, 0.036], [2823.78, 0.033], [2823.77, 0.032], [2823.76, 0.851], [2823.75, 0.228], [2823.73, 0.026], [2823.72, 0.024], [2823.71, 0.009], [2823.7, 0.05], [2823.69, 0.998], [2823.68, 1.088], [2823.67, 0.051], [2823.66, 0.935], [2823.65, 0.035], [2823.64, 0.018]], "asks": [[2823.85, 99.575], [2823.86, 0.016], [2823.87, 0.016], [2823.89, 0.018], [2823.9, 0.025], [2823.92, 0.033], [2823.93, 0.016], [2823.94, 0.023], [2823.95, 0.026], [2823.96, 0.015], [2823.97, 7.798], [2823.98, 3.127], [2823.99, 1.771], [2824.0, 17.77], [2824.01, 0.026], [2824.02, 0.2], [2824.03, 0.009], [2824.04, 0.438], [2824.05, 0.372], [2824.06, 0.055]], "timestamp": "2025-12-18T01:35:34.056620+00:00"}, {"symbol": "ETHUSDT", "bids": [[2826.99, 163.282], [2826.98, 0.477], [2826.97, 1.974], [2826.96, 6.682], [2826.95, 3.541], [2826.94, 0.227], [2826.93, 0.032], [2826.92, 1.054], [2826.91, 0.009], [2826.9, 2.25], [2826.89, 1.424], [2826.88, 0.016], [2826.87, 0.024], [2826.86, 1.391], [2826.85, 0.024], [2826.84, 3.199], [2826.83, 0.052], [2826.82, 0.015], [2826.81, 0.017], [2826.8, 1.804]], "asks": [[2827.0, 7.213], [2827.01, 0.027], [2827.02, 0.044], [2827.03, 0.113], [2827.04, 0.018], [2827.05, 0.017], [2827.06, 0.028], [2827.07, 0.483], [2827.08, 0.034], [2827.09, 0.017], [2827.1, 0.029], [2827.11, 0.026], [2827.12, 0.033], [2827.13, 0.027], [2827.14, 0.05], [2827.15, 0.018], [2827.16, 0.031], [2827.17, 1.812], [2827.18, 1.501], [2827.19, 2.453]], "timestamp": "2025-12-18T01:36:28.105230+00:00"}, {"symbol": "ETHUSDT", "bids": [[2828.27, 69.678], [2828.26, 0.205], [2828.25, 0.017], [2828.24, 0.008], [2828.23, 0.018], [2828.22, 0.553], [2828.21, 0.019], [2828.2, 0.952], [2828.19, 0.362], [2828.18, 0.031], [2828.17, 0.018], [2828.16, 0.023], [2828.15, 0.027], [2828.14, 0.793], [2828.13, 0.017], [2828.12, 0.19], [2828.11, 0.025], [2828.1, 0.04], [2828.09, 0.017], [2828.08, 0.024]], "asks": [[2828.28, 2.356], [2828.29, 0.024], [2828.3, 0.018], [2828.31, 0.025], [2828.32, 0.009], [2828.33, 0.072], [2828.34, 0.034], [2828.35, 0.032], [2828.36, 0.018], [2828.37, 0.032], [2828.38, 0.018], [2828.39, 0.049], [2828.4, 0.017], [2828.41, 0.042], [2828.42, 2.323], [2828.43, 0.043], [2828.44, 0.033], [2828.45, 0.035], [2828.46, 0.033], [2828.47, 0.025]], "timestamp": "2025-12-18T01:37:22.377461+00:00"}, {"symbol": "ETHUSDT", "bids": [[2827.63, 26.975], [2827.62, 0.176], [2827.61, 0.018], [2827.6, 0.046], [2827.59, 0.009], [2827.58, 0.21], [2827.57, 0.034], [2827.56, 0.165], [2827.55, 0.027], [2827.53, 0.026], [2827.52, 0.015], [2827.51, 0.691], [2827.5, 0.168], [2827.49, 0.169], [2827.48, 0.191], [2827.47, 0.037], [2827.46, 2.015], [2827.45, 1.424], [2827.44, 1.132], [2827.43, 0.035]], "asks": [[2827.64, 161.842], [2827.65, 43.522], [2827.68, 0.009], [2827.69, 0.009], [2827.7, 0.009], [2827.71, 1.134], [2827.72, 30.033], [2827.73, 20.023], [2827.74, 31.058], [2827.75, 20.031], [2827.76, 30.254], [2827.77, 0.031], [2827.78, 1.803], [2827.79, 0.015], [2827.8, 0.025], [2827.81, 0.023], [2827.82, 0.018], [2827.84, 1.44], [2827.85, 0.901], [2827.86, 1.84]], "timestamp": "2025-12-18T01:38:16.305976+00:00"}, {"symbol": "ETHUSDT", "bids": [[2827.32, 210.878], [2827.31, 1.75], [2827.3, 0.025], [2827.29, 0.017], [2827.28, 0.032], [2827.27, 0.026], [2827.26, 0.031], [2827.25, 0.051], [2827.24, 0.033], [2827.23, 1.511], [2827.22, 0.115], [2827.21, 0.026], [2827.2, 1.621], [2827.19, 1.12], [2827.18, 0.042], [2827.17, 1.989], [2827.16, 0.528], [2827.15, 2.986], [2827.14, 10.829], [2827.12, 0.5]], "asks": [[2827.33, 35.498], [2827.34, 0.025], [2827.36, 0.009], [2827.37, 0.009], [2827.38, 0.033], [2827.4, 0.404], [2827.41, 13.477], [2827.42, 30.024], [2827.43, 30.017], [2827.44, 31.968], [2827.45, 0.018], [2827.46, 0.032], [2827.47, 0.707], [2827.48, 0.484], [2827.49, 0.018], [2827.5, 8.406], [2827.51, 30.02], [2827.52, 0.032], [2827.53, 0.435], [2827.54, 2.813]], "timestamp": "2025-12-18T01:39:10.121899+00:00"}, {"symbol": "ETHUSDT", "bids": [[2825.93, 103.293], [2825.92, 2.858], [2825.91, 0.081], [2825.9, 0.017], [2825.89, 0.017], [2825.88, 0.377], [2825.87, 0.018], [2825.86, 0.015], [2825.85, 1.788], [2825.84, 0.033], [2825.83, 0.015], [2825.82, 0.043], [2825.81, 0.018], [2825.8, 0.015], [2825.79, 0.008], [2825.78, 0.033], [2825.77, 0.008], [2825.76, 0.041], [2825.75, 0.912], [2825.74, 1.793]], "asks": [[2825.94, 37.017], [2825.95, 0.018], [2825.96, 0.009], [2825.97, 0.336], [2825.98, 0.018], [2825.99, 0.009], [2826.0, 0.075], [2826.01, 0.024], [2826.02, 0.018], [2826.03, 0.049], [2826.04, 0.044], [2826.05, 0.067], [2826.06, 0.009], [2826.07, 0.129], [2826.08, 0.019], [2826.09, 0.714], [2826.1, 0.035], [2826.11, 0.035], [2826.12, 0.801], [2826.13, 1.47]], "timestamp": "2025-12-18T01:40:04.170640+00:00"}, {"symbol": "ETHUSDT", "bids": [[2826.58, 38.999], [2826.57, 0.025], [2826.56, 0.009], [2826.55, 0.018], [2826.54, 0.041], [2826.53, 0.015], [2826.52, 0.018], [2826.51, 0.048], [2826.5, 0.02], [2826.49, 0.041], [2826.48, 0.025], [2826.47, 0.105], [2826.46, 0.065], [2826.45, 0.033], [2826.44, 0.033], [2826.43, 1.055], [2826.42, 0.032], [2826.41, 0.103], [2826.4, 0.08], [2826.39, 0.03]], "asks": [[2826.59, 19.481], [2826.6, 3.499], [2826.62, 0.009], [2826.63, 0.009], [2826.64, 1.078], [2826.65, 1.787], [2826.66, 0.015], [2826.67, 0.488], [2826.68, 17.754], [2826.7, 0.008], [2826.71, 0.521], [2826.72, 0.008], [2826.73, 0.024], [2826.74, 5.406], [2826.75, 0.009], [2826.76, 2.612], [2826.77, 0.599], [2826.78, 0.024], [2826.8, 0.12], [2826.81, 0.033]], "timestamp": "2025-12-18T01:40:58.370749+00:00"}, {"symbol": "ETHUSDT", "bids": [[2827.99, 79.483], [2827.98, 1.575], [2827.97, 0.088], [2827.96, 1.615], [2827.95, 0.018], [2827.93, 0.008], [2827.92, 0.018], [2827.91, 0.015], [2827.9, 0.017], [2827.89, 0.032], [2827.88, 0.015], [2827.87, 0.104], [2827.86, 0.208], [2827.85, 0.009], [2827.84, 0.891], [2827.83, 0.009], [2827.82, 0.582], [2827.81, 1.424], [2827.8, 0.44], [2827.79, 0.027]], "asks": [[2828.0, 15.832], [2828.01, 0.008], [2828.02, 0.017], [2828.03, 0.026], [2828.04, 0.042], [2828.05, 0.363], [2828.06, 1.02], [2828.07, 0.042], [2828.08, 0.071], [2828.09, 0.029], [2828.1, 0.414], [2828.11, 0.023], [2828.12, 0.64], [2828.13, 0.595], [2828.14, 4.487], [2828.15, 3.139], [2828.16, 0.549], [2828.17, 0.033], [2828.18, 0.019], [2828.19, 1.133]], "timestamp": "2025-12-18T01:41:52.613200+00:00"}, {"symbol": "ETHUSDT", "bids": [[2828.64, 36.37], [2828.63, 0.017], [2828.61, 0.105], [2828.6, 0.017], [2828.59, 0.015], [2828.58, 0.017], [2828.57, 0.023], [2828.56, 0.017], [2828.55, 0.041], [2828.54, 0.008], [2828.53, 0.026], [2828.52, 0.943], [2828.51, 0.024], [2828.5, 0.008], [2828.49, 0.216], [2828.48, 1.786], [2828.47, 0.015], [2828.46, 0.386], [2828.45, 0.032], [2828.44, 0.017]], "asks": [[2828.65, 43.655], [2828.66, 0.008], [2828.68, 0.016], [2828.69, 3.116], [2828.7, 0.033], [2828.71, 0.685], [2828.72, 0.024], [2828.73, 0.057], [2828.74, 0.026], [2828.75, 1.785], [2828.76, 0.185], [2828.77, 0.112], [2828.78, 0.015], [2828.79, 7.866], [2828.8, 4.376], [2828.81, 0.517], [2828.82, 0.54], [2828.83, 3.83], [2828.84, 9.05], [2828.85, 3.596]], "timestamp": "2025-12-18T01:42:46.783010+00:00"}, {"symbol": "ETHUSDT", "bids": [[2828.78, 72.947], [2828.77, 0.033], [2828.76, 1.159], [2828.75, 0.017], [2828.74, 0.017], [2828.73, 0.353], [2828.72, 0.025], [2828.71, 0.112], [2828.7, 0.386], [2828.69, 0.032], [2828.68, 0.009], [2828.67, 0.024], [2828.66, 0.009], [2828.65, 0.015], [2828.64, 0.009], [2828.63, 0.032], [2828.61, 0.032], [2828.6, 0.046], [2828.59, 0.909], [2828.58, 1.415]], "asks": [[2828.79, 24.175], [2828.8, 0.016], [2828.81, 0.018], [2828.82, 0.009], [2828.83, 0.009], [2828.84, 0.049], [2828.85, 0.122], [2828.86, 0.023], [2828.87, 2.156], [2828.88, 4.193], [2828.89, 0.059], [2828.9, 0.055], [2828.91, 1.99], [2828.92, 0.469], [2828.93, 4.748], [2828.94, 0.026], [2828.95, 0.024], [2828.96, 0.363], [2828.97, 2.349], [2828.98, 7.811]], "timestamp": "2025-12-18T01:43:40.543411+00:00"}, {"symbol": "ETHUSDT", "bids": [[2827.99, 16.894], [2827.98, 0.017], [2827.96, 0.017], [2827.95, 0.009], [2827.93, 0.105], [2827.92, 0.026], [2827.9, 0.019], [2827.89, 0.026], [2827.87, 0.027], [2827.86, 0.034], [2827.85, 0.018], [2827.84, 0.023], [2827.83, 0.008], [2827.82, 0.024], [2827.81, 0.026], [2827.8, 0.049], [2827.79, 0.034], [2827.78, 0.091], [2827.77, 0.009], [2827.76, 0.773]], "asks": [[2828.0, 42.393], [2828.01, 1.587], [2828.02, 1.539], [2828.03, 0.139], [2828.04, 0.858], [2828.05, 1.238], [2828.06, 1.853], [2828.07, 0.048], [2828.08, 0.808], [2828.09, 0.032], [2828.1, 0.371], [2828.11, 0.393], [2828.12, 0.929], [2828.13, 0.386], [2828.14, 4.075], [2828.15, 4.112], [2828.16, 2.863], [2828.17, 0.061], [2828.18, 4.255], [2828.19, 1.734]], "timestamp": "2025-12-18T01:44:34.815885+00:00"}, {"symbol": "ETHUSDT", "bids": [[2828.68, 33.239], [2828.67, 0.018], [2828.66, 0.008], [2828.65, 0.009], [2828.63, 0.049], [2828.62, 0.096], [2828.61, 0.056], [2828.6, 0.017], [2828.59, 0.024], [2828.58, 1.776], [2828.57, 0.042], [2828.56, 0.049], [2828.55, 0.368], [2828.54, 1.104], [2828.53, 3.96], [2828.52, 0.76], [2828.51, 1.415], [2828.5, 0.044], [2828.49, 0.026], [2828.48, 0.015]], "asks": [[2828.69, 58.228], [2828.7, 0.033], [2828.73, 0.009], [2828.74, 0.009], [2828.76, 0.024], [2828.77, 0.009], [2828.78, 0.024], [2828.79, 0.016], [2828.8, 0.024], [2828.81, 0.017], [2828.82, 0.499], [2828.83, 3.203], [2828.84, 0.041], [2828.85, 0.017], [2828.86, 6.75], [2828.87, 0.114], [2828.88, 0.031], [2828.89, 0.008], [2828.9, 0.046], [2828.91, 20.111]], "timestamp": "2025-12-18T01:45:28.473971+00:00"}, {"symbol": "ETHUSDT", "bids": [[2829.63, 472.708], [2829.62, 21.742], [2829.61, 35.526], [2829.6, 21.833], [2829.59, 0.034], [2829.58, 30.0], [2829.57, 30.025], [2829.56, 20.03], [2829.55, 30.167], [2829.54, 0.129], [2829.53, 0.024], [2829.51, 0.025], [2829.5, 0.042], [2829.49, 30.184], [2829.48, 0.064], [2829.47, 0.018], [2829.46, 0.023], [2829.45, 0.182], [2829.44, 0.024], [2829.43, 0.017]], "asks": [[2829.64, 0.695], [2829.65, 0.018], [2829.66, 0.018], [2829.67, 0.017], [2829.68, 0.133], [2829.69, 0.032], [2829.7, 0.455], [2829.71, 0.017], [2829.72, 0.466], [2829.73, 0.445], [2829.75, 1.461], [2829.76, 0.637], [2829.77, 0.019], [2829.78, 1.299], [2829.79, 0.765], [2829.8, 0.009], [2829.81, 0.748], [2829.82, 0.054], [2829.83, 0.074], [2829.84, 4.928]], "timestamp": "2025-12-18T01:46:22.439617+00:00"}, {"symbol": "ETHUSDT", "bids": [[2828.69, 57.972], [2828.68, 0.009], [2828.67, 0.707], [2828.66, 0.008], [2828.65, 0.009], [2828.64, 1.777], [2828.63, 0.008], [2828.62, 0.024], [2828.61, 0.192], [2828.6, 0.891], [2828.59, 0.008], [2828.58, 0.377], [2828.57, 0.017], [2828.56, 0.041], [2828.55, 0.069], [2828.54, 1.889], [2828.53, 1.306], [2828.52, 0.447], [2828.51, 0.018], [2828.5, 0.024]], "asks": [[2828.7, 5.532], [2828.71, 0.033], [2828.72, 0.009], [2828.73, 0.017], [2828.74, 0.027], [2828.75, 0.024], [2828.76, 4.03], [2828.77, 0.032], [2828.78, 2.908], [2828.79, 1.472], [2828.81, 0.05], [2828.82, 0.008], [2828.83, 17.747], [2828.84, 2.059], [2828.85, 0.009], [2828.86, 2.054], [2828.87, 0.028], [2828.88, 0.622], [2828.89, 0.034], [2828.9, 0.059]], "timestamp": "2025-12-18T01:47:16.199545+00:00"}, {"symbol": "ETHUSDT", "bids": [[2829.07, 64.769], [2829.06, 0.394], [2829.04, 0.397], [2829.03, 0.642], [2829.02, 1.431], [2829.01, 0.009], [2829.0, 0.039], [2828.99, 0.009], [2828.98, 0.041], [2828.97, 0.019], [2828.96, 0.024], [2828.95, 0.009], [2828.94, 0.032], [2828.92, 0.102], [2828.91, 0.009], [2828.9, 0.034], [2828.89, 0.406], [2828.88, 0.025], [2828.87, 1.495], [2828.86, 0.017]], "asks": [[2829.08, 38.164], [2829.09, 0.008], [2829.1, 0.026], [2829.11, 0.026], [2829.12, 0.026], [2829.13, 0.032], [2829.14, 0.017], [2829.15, 0.04], [2829.16, 0.034], [2829.17, 0.023], [2829.18, 0.027], [2829.19, 0.032], [2829.2, 0.512], [2829.21, 1.464], [2829.22, 0.009], [2829.23, 0.009], [2829.24, 1.799], [2829.25, 0.061], [2829.26, 0.034], [2829.27, 0.024]], "timestamp": "2025-12-18T01:48:10.574856+00:00"}, {"symbol": "ETHUSDT", "bids": [[2831.05, 130.178], [2831.04, 5.48], [2831.03, 0.008], [2831.02, 0.016], [2831.01, 0.05], [2831.0, 0.024], [2830.99, 0.009], [2830.98, 0.015], [2830.97, 0.009], [2830.96, 0.112], [2830.95, 1.959], [2830.94, 0.049], [2830.93, 0.009], [2830.92, 0.032], [2830.91, 11.999], [2830.9, 0.044], [2830.89, 9.981], [2830.88, 0.015], [2830.87, 20.009], [2830.86, 30.107]], "asks": [[2831.06, 0.802], [2831.07, 0.017], [2831.08, 0.035], [2831.1, 0.035], [2831.11, 0.054], [2831.12, 0.009], [2831.13, 0.041], [2831.14, 0.018], [2831.15, 0.032], [2831.16, 0.018], [2831.17, 0.017], [2831.18, 0.009], [2831.19, 0.069], [2831.2, 0.154], [2831.21, 0.024], [2831.22, 0.059], [2831.23, 0.934], [2831.24, 0.76], [2831.25, 1.942], [2831.26, 1.431]], "timestamp": "2025-12-18T01:49:04.643121+00:00"}, {"symbol": "ETHUSDT", "bids": [[2829.36, 34.177], [2829.35, 0.017], [2829.34, 0.017], [2829.33, 0.008], [2829.32, 0.026], [2829.31, 0.017], [2829.3, 0.017], [2829.29, 0.015], [2829.27, 0.033], [2829.26, 0.008], [2829.25, 0.054], [2829.24, 0.096], [2829.23, 0.024], [2829.22, 1.891], [2829.21, 1.434], [2829.2, 0.414], [2829.19, 0.027], [2829.18, 0.907], [2829.17, 0.024], [2829.16, 0.009]], "asks": [[2829.37, 50.353], [2829.38, 0.017], [2829.39, 0.008], [2829.4, 0.017], [2829.41, 0.008], [2829.42, 0.225], [2829.44, 1.161], [2829.45, 0.943], [2829.46, 0.47], [2829.47, 0.473], [2829.48, 0.412], [2829.49, 0.412], [2829.5, 0.023], [2829.51, 0.386], [2829.52, 0.052], [2829.54, 1.181], [2829.55, 0.009], [2829.56, 7.612], [2829.57, 5.25], [2829.58, 4.043]], "timestamp": "2025-12-18T01:49:58.255654+00:00"}, {"symbol": "ETHUSDT", "bids": [[2829.48, 42.303], [2829.47, 0.106], [2829.46, 0.009], [2829.45, 0.016], [2829.44, 0.009], [2829.43, 0.026], [2829.42, 0.176], [2829.41, 0.023], [2829.4, 0.486], [2829.39, 0.368], [2829.38, 0.035], [2829.37, 0.034], [2829.36, 0.377], [2829.35, 0.009], [2829.34, 0.033], [2829.33, 0.008], [2829.32, 0.032], [2829.31, 0.031], [2829.3, 0.025], [2829.29, 0.035]], "asks": [[2829.49, 166.181], [2829.5, 0.04], [2829.51, 0.008], [2829.52, 1.414], [2829.53, 0.018], [2829.54, 3.819], [2829.55, 18.105], [2829.56, 0.111], [2829.57, 1.795], [2829.58, 0.032], [2829.59, 0.009], [2829.6, 0.756], [2829.61, 0.018], [2829.62, 0.171], [2829.63, 0.273], [2829.64, 0.826], [2829.65, 0.111], [2829.66, 1.815], [2829.67, 1.438], [2829.68, 0.032]], "timestamp": "2025-12-18T01:50:52.368132+00:00"}