[{"id": "2677413666", "price": 2825.24, "amount": 3.017, "side": "sell", "timestamp": 1766028978974}, {"id": "2677413667", "price": 2825.23, "amount": 1.217, "side": "sell", "timestamp": 1766028978976}, {"id": "2677413668", "price": 2825.22, "amount": 0.027, "side": "sell", "timestamp": 1766028978976}, {"id": "2677413669", "price": 2825.21, "amount": 0.017, "side": "sell", "timestamp": 1766028978984}, {"id": "2677413670", "price": 2825.2, "amount": 0.033, "side": "sell", "timestamp": 1766028978984}, {"id": "2677413671", "price": 2825.19, "amount": 0.042, "side": "sell", "timestamp": 1766028978984}, {"id": "2677413672", "price": 2825.18, "amount": 0.018, "side": "sell", "timestamp": 1766028978984}, {"id": "2677413673", "price": 2825.17, "amount": 0.017, "side": "sell", "timestamp": 1766028978984}, {"id": "2677413674", "price": 2825.16, "amount": 0.014, "side": "sell", "timestamp": 1766028978984}, {"id": "2677413675", "price": 2825.29, "amount": 0.056, "side": "buy", "timestamp": 1766028979001}, {"id": "2677413676", "price": 2825.21, "amount": 0.008, "side": "sell", "timestamp": 1766028979012}, {"id": "2677413677", "price": 2825.16, "amount": 0.033, "side": "sell", "timestamp": 1766028979075}, {"id": "2677413678", "price": 2825.15, "amount": 0.001, "side": "sell", "timestamp": 1766028979075}, {"id": "2677413679", "price": 2825.16, "amount": 0.06, "side": "buy", "timestamp": 1766028979076}, {"id": "2677413680", "price": 2825.15, "amount": 0.007, "side": "sell", "timestamp": 1766028979089}, {"id": "2677413681", "price": 2825.14, "amount": 0.36, "side": "sell", "timestamp": 1766028979089}, {"id": "2677413682", "price": 2825.13, "amount": 0.026, "side": "sell", "timestamp": 1766028979108}, {"id": "2677413683", "price": 2825.12, "amount": 0.018, "side": "sell", "timestamp": 1766028979108}, {"id": "2677413684", "price": 2825.1, "amount": 0.115, "side": "sell", "timestamp": 1766028979127}, {"id": "2677413685", "price": 2825.09, "amount": 0.565, "side": "sell", "timestamp": 1766028979150}, {"id": "2677413686", "price": 2825.08, "amount": 0.009, "side": "sell", "timestamp": 1766028979150}, {"id": "2677413687", "price": 2825.07, "amount": 0.018, "side": "sell", "timestamp": 1766028979150}, {"id": "2677413688", "price": 2825.06, "amount": 0.033, "side": "sell", "timestamp": 1766028979150}, {"id": "2677413689", "price": 2825.05, "amount": 0.009, "side": "sell", "timestamp": 1766028979170}, {"id": "2677413690", "price": 2825.04, "amount": 0.027, "side": "sell", "timestamp": 1766028979178}, {"id": "2677413691", "price": 2825.03, "amount": 0.009, "side": "sell", "timestamp": 1766028979178}, {"id": "2677413692", "price": 2825.02, "amount": 0.018, "side": "sell", "timestamp": 1766028979178}, {"id": "2677413693", "price": 2825.01, "amount": 0.017, "side": "sell", "timestamp": 1766028979178}, {"id": "2677413694", "price": 2825.0, "amount": 0.027, "side": "sell", "timestamp": 1766028979178}, {"id": "2677413695", "price": 2824.99, "amount": 0.018, "side": "sell", "timestamp": 1766028979179}, {"id": "2677413696", "price": 2824.98, "amount": 0.017, "side": "sell", "timestamp": 1766028979181}, {"id": "2677413697", "price": 2824.97, "amount": 0.026, "side": "sell", "timestamp": 1766028979181}, {"id": "2677413698", "price": 2824.96, "amount": 0.009, "side": "sell", "timestamp": 1766028979181}, {"id": "2677413699", "price": 2824.95, "amount": 0.018, "side": "sell", "timestamp": 1766028979181}, {"id": "2677413700", "price": 2824.94, "amount": 0.008, "side": "sell", "timestamp": 1766028979181}, {"id": "2677413701", "price": 2824.93, "amount": 0.01, "side": "sell", "timestamp": 1766028979211}, {"id": "2677413702", "price": 2824.94, "amount": 0.071, "side": "buy", "timestamp": 1766028979245}, {"id": "2677413703", "price": 2824.93, "amount": 0.9, "side": "sell", "timestamp": 1766028979297}, {"id": "2677413704", "price": 2824.92, "amount": 0.043, "side": "sell", "timestamp": 1766028979297}, {"id": "2677413705", "price": 2824.91, "amount": 0.506, "side": "sell", "timestamp": 1766028979297}, {"id": "2677413706", "price": 2824.9, "amount": 1.185, "side": "sell", "timestamp": 1766028979351}, {"id": "2677413707", "price": 2824.89, "amount": 0.426, "side": "sell", "timestamp": 1766028979366}, {"id": "2677413708", "price": 2824.9, "amount": 0.09, "side": "buy", "timestamp": 1766028979483}, {"id": "2677413709", "price": 2824.9, "amount": 75.835, "side": "buy", "timestamp": 1766028979655}, {"id": "2677413710", "price": 2824.9, "amount": 42.645, "side": "buy", "timestamp": 1766028979876}, {"id": "2677413711", "price": 2824.9, "amount": 0.008, "side": "buy", "timestamp": 1766028980165}, {"id": "2677413712", "price": 2824.89, "amount": 8.737, "side": "sell", "timestamp": 1766028980318}, {"id": "2677413713", "price": 2824.9, "amount": 0.071, "side": "buy", "timestamp": 1766028981044}, {"id": "2677413714", "price": 2824.9, "amount": 0.113, "side": "buy", "timestamp": 1766028981657}, {"id": "2677413715", "price": 2824.89, "amount": 0.431, "side": "sell", "timestamp": 1766028981718}, {"id": "2677415120", "price": 2823.18, "amount": 2.721, "side": "buy", "timestamp": 1766029029774}, {"id": "2677415121", "price": 2823.19, "amount": 0.023, "side": "buy", "timestamp": 1766029029776}, {"id": "2677415122", "price": 2823.2, "amount": 0.482, "side": "buy", "timestamp": 1766029029776}, {"id": "2677415123", "price": 2823.21, "amount": 0.008, "side": "buy", "timestamp": 1766029029776}, {"id": "2677415124", "price": 2823.22, "amount": 0.018, "side": "buy", "timestamp": 1766029029776}, {"id": "2677415125", "price": 2823.23, "amount": 0.031, "side": "buy", "timestamp": 1766029029776}, {"id": "2677415126", "price": 2823.24, "amount": 0.431, "side": "buy", "timestamp": 1766029029776}, {"id": "2677415127", "price": 2823.25, "amount": 0.73, "side": "buy", "timestamp": 1766029029776}, {"id": "2677415128", "price": 2823.26, "amount": 0.027, "side": "buy", "timestamp": 1766029029777}, {"id": "2677415129", "price": 2823.27, "amount": 0.032, "side": "buy", "timestamp": 1766029029777}, {"id": "2677415130", "price": 2823.28, "amount": 0.108, "side": "buy", "timestamp": 1766029029777}, {"id": "2677415131", "price": 2823.29, "amount": 1.415, "side": "buy", "timestamp": 1766029029777}, {"id": "2677415132", "price": 2823.3, "amount": 0.091, "side": "buy", "timestamp": 1766029029777}, {"id": "2677415133", "price": 2823.31, "amount": 0.024, "side": "buy", "timestamp": 1766029029777}, {"id": "2677415134", "price": 2823.32, "amount": 0.041, "side": "buy", "timestamp": 1766029029777}, {"id": "2677415135", "price": 2823.33, "amount": 0.405, "side": "buy", "timestamp": 1766029029778}, {"id": "2677415136", "price": 2823.35, "amount": 16.148, "side": "buy", "timestamp": 1766029029794}, {"id": "2677415137", "price": 2823.36, "amount": 0.121, "side": "buy", "timestamp": 1766029029871}, {"id": "2677415138", "price": 2823.38, "amount": 0.008, "side": "buy", "timestamp": 1766029029871}, {"id": "2677415139", "price": 2823.39, "amount": 0.035, "side": "buy", "timestamp": 1766029029871}, {"id": "2677415140", "price": 2823.4, "amount": 0.026, "side": "buy", "timestamp": 1766029029871}, {"id": "2677415141", "price": 2823.41, "amount": 0.02, "side": "buy", "timestamp": 1766029029871}, {"id": "2677415142", "price": 2823.42, "amount": 0.033, "side": "buy", "timestamp": 1766029029871}, {"id": "2677415143", "price": 2823.43, "amount": 0.009, "side": "buy", "timestamp": 1766029029871}, {"id": "2677415144", "price": 2823.44, "amount": 0.152, "side": "buy", "timestamp": 1766029029871}, {"id": "2677415145", "price": 2823.45, "amount": 0.124, "side": "buy", "timestamp": 1766029029875}, {"id": "2677415146", "price": 2823.46, "amount": 0.264, "side": "buy", "timestamp": 1766029029879}, {"id": "2677415147", "price": 2823.47, "amount": 0.009, "side": "buy", "timestamp": 1766029029879}, {"id": "2677415148", "price": 2823.48, "amount": 0.035, "side": "buy", "timestamp": 1766029029879}, {"id": "2677415149", "price": 2823.5, "amount": 0.027, "side": "buy", "timestamp": 1766029029879}, {"id": "2677415150", "price": 2823.51, "amount": 0.124, "side": "buy", "timestamp": 1766029029879}, {"id": "2677415151", "price": 2823.52, "amount": 0.465, "side": "buy", "timestamp": 1766029030063}, {"id": "2677415152", "price": 2823.51, "amount": 0.059, "side": "sell", "timestamp": 1766029030168}, {"id": "2677415153", "price": 2823.51, "amount": 2.026, "side": "sell", "timestamp": 1766029030392}, {"id": "2677415154", "price": 2823.52, "amount": 2.0, "side": "buy", "timestamp": 1766029030560}, {"id": "2677415155", "price": 2823.52, "amount": 0.071, "side": "buy", "timestamp": 1766029031177}, {"id": "2677415156", "price": 2823.52, "amount": 13.991, "side": "buy", "timestamp": 1766029031556}, {"id": "2677415157", "price": 2823.53, "amount": 0.176, "side": "buy", "timestamp": 1766029031647}, {"id": "2677415158", "price": 2823.54, "amount": 0.009, "side": "buy", "timestamp": 1766029031647}, {"id": "2677415159", "price": 2823.55, "amount": 0.244, "side": "buy", "timestamp": 1766029031672}, {"id": "2677415160", "price": 2823.55, "amount": 0.193, "side": "buy", "timestamp": 1766029031787}, {"id": "2677415161", "price": 2823.54, "amount": 0.021, "side": "sell", "timestamp": 1766029032017}, {"id": "2677415162", "price": 2823.55, "amount": 1.009, "side": "buy", "timestamp": 1766029032080}, {"id": "2677415163", "price": 2823.55, "amount": 0.008, "side": "buy", "timestamp": 1766029032182}, {"id": "2677415164", "price": 2823.54, "amount": 36.339, "side": "sell", "timestamp": 1766029032222}, {"id": "2677415165", "price": 2823.55, "amount": 0.035, "side": "buy", "timestamp": 1766029032663}, {"id": "2677415166", "price": 2823.55, "amount": 0.071, "side": "buy", "timestamp": 1766029033052}, {"id": "2677415167", "price": 2823.54, "amount": 0.008, "side": "sell", "timestamp": 1766029033075}, {"id": "2677415168", "price": 2823.55, "amount": 4.243, "side": "buy", "timestamp": 1766029033554}, {"id": "2677415169", "price": 2823.54, "amount": 0.022, "side": "sell", "timestamp": 1766029033587}, {"id": "2677415668", "price": 2824.85, "amount": 0.026, "side": "sell", "timestamp": 1766029084144}, {"id": "2677415669", "price": 2824.84, "amount": 0.026, "side": "sell", "timestamp": 1766029084144}, {"id": "2677415670", "price": 2824.83, "amount": 0.017, "side": "sell", "timestamp": 1766029084144}, {"id": "2677415671", "price": 2824.82, "amount": 0.026, "side": "sell", "timestamp": 1766029084144}, {"id": "2677415672", "price": 2824.81, "amount": 0.008, "side": "sell", "timestamp": 1766029084144}, {"id": "2677415673", "price": 2824.8, "amount": 0.035, "side": "sell", "timestamp": 1766029084145}, {"id": "2677415674", "price": 2824.79, "amount": 0.033, "side": "sell", "timestamp": 1766029084148}, {"id": "2677415675", "price": 2824.78, "amount": 0.025, "side": "sell", "timestamp": 1766029084148}, {"id": "2677415676", "price": 2824.77, "amount": 0.018, "side": "sell", "timestamp": 1766029084148}, {"id": "2677415677", "price": 2824.76, "amount": 0.024, "side": "sell", "timestamp": 1766029084148}, {"id": "2677415678", "price": 2824.75, "amount": 0.009, "side": "sell", "timestamp": 1766029084148}, {"id": "2677415679", "price": 2824.74, "amount": 0.211, "side": "sell", "timestamp": 1766029084148}, {"id": "2677415680", "price": 2824.73, "amount": 0.04, "side": "sell", "timestamp": 1766029084148}, {"id": "2677415681", "price": 2824.72, "amount": 1.01, "side": "sell", "timestamp": 1766029084153}, {"id": "2677415682", "price": 2824.71, "amount": 0.01, "side": "sell", "timestamp": 1766029084159}, {"id": "2677415683", "price": 2824.7, "amount": 0.016, "side": "sell", "timestamp": 1766029084159}, {"id": "2677415684", "price": 2824.69, "amount": 0.018, "side": "sell", "timestamp": 1766029084159}, {"id": "2677415685", "price": 2824.68, "amount": 0.035, "side": "sell", "timestamp": 1766029084159}, {"id": "2677415686", "price": 2824.67, "amount": 0.008, "side": "sell", "timestamp": 1766029084159}, {"id": "2677415687", "price": 2824.66, "amount": 0.027, "side": "sell", "timestamp": 1766029084159}, {"id": "2677415688", "price": 2824.65, "amount": 0.044, "side": "sell", "timestamp": 1766029084159}, {"id": "2677415689", "price": 2824.64, "amount": 0.041, "side": "sell", "timestamp": 1766029084159}, {"id": "2677415690", "price": 2824.63, "amount": 0.027, "side": "sell", "timestamp": 1766029084159}, {"id": "2677415691", "price": 2824.62, "amount": 1.165, "side": "buy", "timestamp": 1766029084188}, {"id": "2677415692", "price": 2824.62, "amount": 0.081, "side": "buy", "timestamp": 1766029084582}, {"id": "2677415693", "price": 2824.61, "amount": 0.053, "side": "sell", "timestamp": 1766029085080}, {"id": "2677415694", "price": 2824.62, "amount": 0.945, "side": "buy", "timestamp": 1766029085126}, {"id": "2677415695", "price": 2824.61, "amount": 1.0, "side": "sell", "timestamp": 1766029085191}, {"id": "2677415696", "price": 2824.62, "amount": 0.143, "side": "buy", "timestamp": 1766029085419}, {"id": "2677415697", "price": 2824.61, "amount": 0.211, "side": "sell", "timestamp": 1766029085620}, {"id": "2677415698", "price": 2824.62, "amount": 0.176, "side": "buy", "timestamp": 1766029085735}, {"id": "2677415699", "price": 2824.62, "amount": 0.008, "side": "buy", "timestamp": 1766029086074}, {"id": "2677415700", "price": 2824.61, "amount": 0.012, "side": "sell", "timestamp": 1766029086112}, {"id": "2677415701", "price": 2824.62, "amount": 5.0, "side": "buy", "timestamp": 1766029086215}, {"id": "2677415702", "price": 2824.61, "amount": 5.939, "side": "sell", "timestamp": 1766029086422}, {"id": "2677415703", "price": 2824.6, "amount": 7.019, "side": "sell", "timestamp": 1766029086423}, {"id": "2677415704", "price": 2824.59, "amount": 1.5, "side": "sell", "timestamp": 1766029086424}, {"id": "2677415705", "price": 2824.58, "amount": 0.008, "side": "sell", "timestamp": 1766029086432}, {"id": "2677415706", "price": 2824.57, "amount": 0.009, "side": "sell", "timestamp": 1766029086432}, {"id": "2677415707", "price": 2824.56, "amount": 0.033, "side": "sell", "timestamp": 1766029086432}, {"id": "2677415708", "price": 2824.55, "amount": 0.009, "side": "sell", "timestamp": 1766029086432}, {"id": "2677415709", "price": 2824.54, "amount": 0.033, "side": "sell", "timestamp": 1766029086432}, {"id": "2677415710", "price": 2824.53, "amount": 0.025, "side": "sell", "timestamp": 1766029086432}, {"id": "2677415711", "price": 2824.52, "amount": 0.018, "side": "sell", "timestamp": 1766029086432}, {"id": "2677415712", "price": 2824.51, "amount": 0.049, "side": "sell", "timestamp": 1766029086433}, {"id": "2677415713", "price": 2824.5, "amount": 0.059, "side": "sell", "timestamp": 1766029086433}, {"id": "2677415714", "price": 2824.49, "amount": 0.017, "side": "sell", "timestamp": 1766029086433}, {"id": "2677415715", "price": 2824.48, "amount": 0.27, "side": "sell", "timestamp": 1766029086433}, {"id": "2677415716", "price": 2824.47, "amount": 0.017, "side": "sell", "timestamp": 1766029086433}, {"id": "2677415717", "price": 2824.46, "amount": 0.009, "side": "sell", "timestamp": 1766029086433}, {"id": "2677416153", "price": 2825.95, "amount": 1.895, "side": "buy", "timestamp": 1766029134304}, {"id": "2677416154", "price": 2825.96, "amount": 0.026, "side": "buy", "timestamp": 1766029134304}, {"id": "2677416155", "price": 2825.97, "amount": 0.065, "side": "buy", "timestamp": 1766029134304}, {"id": "2677416156", "price": 2825.98, "amount": 7.159, "side": "buy", "timestamp": 1766029134304}, {"id": "2677416157", "price": 2825.99, "amount": 0.185, "side": "buy", "timestamp": 1766029134306}, {"id": "2677416158", "price": 2826.0, "amount": 0.354, "side": "buy", "timestamp": 1766029134306}, {"id": "2677416159", "price": 2826.01, "amount": 0.048, "side": "buy", "timestamp": 1766029134308}, {"id": "2677416160", "price": 2826.02, "amount": 0.09, "side": "buy", "timestamp": 1766029134308}, {"id": "2677416161", "price": 2826.03, "amount": 0.025, "side": "buy", "timestamp": 1766029134308}, {"id": "2677416162", "price": 2826.04, "amount": 2.578, "side": "buy", "timestamp": 1766029134308}, {"id": "2677416163", "price": 2826.05, "amount": 0.077, "side": "buy", "timestamp": 1766029134308}, {"id": "2677416164", "price": 2826.06, "amount": 0.241, "side": "buy", "timestamp": 1766029134308}, {"id": "2677416165", "price": 2826.07, "amount": 0.278, "side": "buy", "timestamp": 1766029134308}, {"id": "2677416166", "price": 2826.08, "amount": 7.145, "side": "buy", "timestamp": 1766029134312}, {"id": "2677416167", "price": 2826.09, "amount": 0.682, "side": "buy", "timestamp": 1766029134374}, {"id": "2677416168", "price": 2826.11, "amount": 0.042, "side": "buy", "timestamp": 1766029134375}, {"id": "2677416169", "price": 2826.12, "amount": 0.084, "side": "buy", "timestamp": 1766029134375}, {"id": "2677416170", "price": 2826.13, "amount": 0.211, "side": "buy", "timestamp": 1766029134376}, {"id": "2677416171", "price": 2826.14, "amount": 4.577, "side": "buy", "timestamp": 1766029134376}, {"id": "2677416172", "price": 2826.15, "amount": 0.017, "side": "buy", "timestamp": 1766029134376}, {"id": "2677416173", "price": 2826.16, "amount": 7.094, "side": "buy", "timestamp": 1766029134376}, {"id": "2677416174", "price": 2826.17, "amount": 0.018, "side": "buy", "timestamp": 1766029134377}, {"id": "2677416175", "price": 2826.18, "amount": 0.082, "side": "buy", "timestamp": 1766029134377}, {"id": "2677416176", "price": 2826.19, "amount": 0.115, "side": "buy", "timestamp": 1766029134377}, {"id": "2677416177", "price": 2826.2, "amount": 0.035, "side": "buy", "timestamp": 1766029134381}, {"id": "2677416178", "price": 2826.21, "amount": 7.132, "side": "buy", "timestamp": 1766029134381}, {"id": "2677416179", "price": 2826.22, "amount": 8.28, "side": "buy", "timestamp": 1766029134381}, {"id": "2677416180", "price": 2826.23, "amount": 0.042, "side": "buy", "timestamp": 1766029134381}, {"id": "2677416181", "price": 2826.24, "amount": 0.041, "side": "buy", "timestamp": 1766029134381}, {"id": "2677416182", "price": 2826.25, "amount": 0.039, "side": "buy", "timestamp": 1766029134381}, {"id": "2677416183", "price": 2826.26, "amount": 1.705, "side": "buy", "timestamp": 1766029134382}, {"id": "2677416184", "price": 2826.19, "amount": 0.043, "side": "sell", "timestamp": 1766029134395}, {"id": "2677416185", "price": 2826.22, "amount": 0.019, "side": "buy", "timestamp": 1766029134404}, {"id": "2677416186", "price": 2826.25, "amount": 4.193, "side": "buy", "timestamp": 1766029134554}, {"id": "2677416187", "price": 2826.25, "amount": 0.071, "side": "buy", "timestamp": 1766029135074}, {"id": "2677416188", "price": 2826.24, "amount": 0.008, "side": "sell", "timestamp": 1766029135186}, {"id": "2677416189", "price": 2826.24, "amount": 0.024, "side": "sell", "timestamp": 1766029135334}, {"id": "2677416190", "price": 2826.24, "amount": 1.167, "side": "sell", "timestamp": 1766029135886}, {"id": "2677416191", "price": 2826.25, "amount": 0.713, "side": "buy", "timestamp": 1766029136040}, {"id": "2677416192", "price": 2826.24, "amount": 0.009, "side": "sell", "timestamp": 1766029136212}, {"id": "2677416193", "price": 2826.25, "amount": 0.024, "side": "buy", "timestamp": 1766029136265}, {"id": "2677416194", "price": 2826.24, "amount": 0.017, "side": "sell", "timestamp": 1766029136326}, {"id": "2677416195", "price": 2826.25, "amount": 0.071, "side": "buy", "timestamp": 1766029137126}, {"id": "2677416196", "price": 2826.25, "amount": 6.821, "side": "buy", "timestamp": 1766029137267}, {"id": "2677416197", "price": 2826.25, "amount": 0.45, "side": "buy", "timestamp": 1766029137615}, {"id": "2677416198", "price": 2826.25, "amount": 0.151, "side": "buy", "timestamp": 1766029137905}, {"id": "2677416199", "price": 2826.24, "amount": 0.008, "side": "sell", "timestamp": 1766029138034}, {"id": "2677416200", "price": 2826.25, "amount": 0.008, "side": "buy", "timestamp": 1766029138069}, {"id": "2677416201", "price": 2826.25, "amount": 0.244, "side": "buy", "timestamp": 1766029138302}, {"id": "2677416202", "price": 2826.24, "amount": 0.001, "side": "sell", "timestamp": 1766029138387}, {"id": "2677416897", "price": 2828.0, "amount": 0.174, "side": "buy", "timestamp": 1766029186974}, {"id": "2677416898", "price": 2828.0, "amount": 1.054, "side": "buy", "timestamp": 1766029187328}, {"id": "2677416899", "price": 2827.99, "amount": 13.072, "side": "sell", "timestamp": 1766029187386}, {"id": "2677416900", "price": 2828.0, "amount": 2.291, "side": "buy", "timestamp": 1766029187614}, {"id": "2677416901", "price": 2827.99, "amount": 0.012, "side": "sell", "timestamp": 1766029187855}, {"id": "2677416902", "price": 2828.0, "amount": 0.053, "side": "buy", "timestamp": 1766029187965}, {"id": "2677416903", "price": 2828.0, "amount": 0.071, "side": "buy", "timestamp": 1766029188067}, {"id": "2677416904", "price": 2827.99, "amount": 0.012, "side": "sell", "timestamp": 1766029188067}, {"id": "2677416905", "price": 2827.99, "amount": 0.1, "side": "sell", "timestamp": 1766029188314}, {"id": "2677416906", "price": 2828.0, "amount": 68.636, "side": "buy", "timestamp": 1766029188333}, {"id": "2677416907", "price": 2828.01, "amount": 0.067, "side": "buy", "timestamp": 1766029188345}, {"id": "2677416908", "price": 2828.02, "amount": 0.009, "side": "buy", "timestamp": 1766029188345}, {"id": "2677416909", "price": 2828.03, "amount": 7.111, "side": "buy", "timestamp": 1766029188345}, {"id": "2677416910", "price": 2828.04, "amount": 0.041, "side": "buy", "timestamp": 1766029188345}, {"id": "2677416911", "price": 2828.05, "amount": 2.334, "side": "buy", "timestamp": 1766029188345}, {"id": "2677416912", "price": 2828.06, "amount": 19.739, "side": "buy", "timestamp": 1766029188345}, {"id": "2677416913", "price": 2828.07, "amount": 7.102, "side": "buy", "timestamp": 1766029188345}, {"id": "2677416914", "price": 2828.08, "amount": 0.355, "side": "buy", "timestamp": 1766029188345}, {"id": "2677416915", "price": 2828.09, "amount": 0.531, "side": "buy", "timestamp": 1766029188345}, {"id": "2677416916", "price": 2828.1, "amount": 0.053, "side": "buy", "timestamp": 1766029188345}, {"id": "2677416917", "price": 2828.11, "amount": 0.056, "side": "buy", "timestamp": 1766029188345}, {"id": "2677416918", "price": 2828.12, "amount": 0.051, "side": "buy", "timestamp": 1766029188345}, {"id": "2677416919", "price": 2828.13, "amount": 0.024, "side": "buy", "timestamp": 1766029188345}, {"id": "2677416920", "price": 2828.14, "amount": 2.066, "side": "buy", "timestamp": 1766029188345}, {"id": "2677416921", "price": 2828.15, "amount": 0.056, "side": "buy", "timestamp": 1766029188527}, {"id": "2677416922", "price": 2828.15, "amount": 7.24, "side": "buy", "timestamp": 1766029188660}, {"id": "2677416923", "price": 2828.16, "amount": 0.016, "side": "buy", "timestamp": 1766029188672}, {"id": "2677416924", "price": 2828.18, "amount": 0.113, "side": "buy", "timestamp": 1766029188672}, {"id": "2677416925", "price": 2828.19, "amount": 0.009, "side": "buy", "timestamp": 1766029188672}, {"id": "2677416926", "price": 2828.2, "amount": 0.024, "side": "buy", "timestamp": 1766029188672}, {"id": "2677416927", "price": 2828.21, "amount": 0.106, "side": "buy", "timestamp": 1766029188675}, {"id": "2677416928", "price": 2828.2, "amount": 0.008, "side": "sell", "timestamp": 1766029189090}, {"id": "2677416929", "price": 2828.21, "amount": 9.077, "side": "buy", "timestamp": 1766029189316}, {"id": "2677416930", "price": 2828.22, "amount": 0.175, "side": "buy", "timestamp": 1766029189420}, {"id": "2677416931", "price": 2828.22, "amount": 0.03, "side": "buy", "timestamp": 1766029189826}, {"id": "2677416932", "price": 2828.21, "amount": 0.353, "side": "sell", "timestamp": 1766029189929}, {"id": "2677416933", "price": 2828.22, "amount": 2.475, "side": "buy", "timestamp": 1766029190218}, {"id": "2677416934", "price": 2828.22, "amount": 1.405, "side": "buy", "timestamp": 1766029190388}, {"id": "2677416935", "price": 2828.21, "amount": 0.353, "side": "sell", "timestamp": 1766029190401}, {"id": "2677416936", "price": 2828.21, "amount": 64.401, "side": "sell", "timestamp": 1766029190652}, {"id": "2677416937", "price": 2828.2, "amount": 0.481, "side": "sell", "timestamp": 1766029190657}, {"id": "2677416938", "price": 2828.18, "amount": 0.016, "side": "sell", "timestamp": 1766029190657}, {"id": "2677416939", "price": 2828.17, "amount": 0.018, "side": "sell", "timestamp": 1766029190657}, {"id": "2677416940", "price": 2828.16, "amount": 0.017, "side": "sell", "timestamp": 1766029190657}, {"id": "2677416941", "price": 2828.15, "amount": 0.032, "side": "sell", "timestamp": 1766029190657}, {"id": "2677416942", "price": 2828.14, "amount": 0.008, "side": "sell", "timestamp": 1766029190658}, {"id": "2677416943", "price": 2828.14, "amount": 35.671, "side": "buy", "timestamp": 1766029190699}, {"id": "2677416944", "price": 2828.13, "amount": 0.353, "side": "sell", "timestamp": 1766029190837}, {"id": "2677416945", "price": 2828.14, "amount": 0.011, "side": "buy", "timestamp": 1766029190894}, {"id": "2677416946", "price": 2828.13, "amount": 0.353, "side": "sell", "timestamp": 1766029191161}, {"id": "2677417448", "price": 2829.28, "amount": 1.178, "side": "buy", "timestamp": 1766029238871}, {"id": "2677417449", "price": 2829.27, "amount": 0.038, "side": "sell", "timestamp": 1766029239179}, {"id": "2677417450", "price": 2829.28, "amount": 0.019, "side": "buy", "timestamp": 1766029239246}, {"id": "2677417451", "price": 2829.27, "amount": 0.02, "side": "sell", "timestamp": 1766029239266}, {"id": "2677417452", "price": 2829.28, "amount": 0.182, "side": "buy", "timestamp": 1766029239481}, {"id": "2677417453", "price": 2829.28, "amount": 0.91, "side": "buy", "timestamp": 1766029239684}, {"id": "2677417454", "price": 2829.27, "amount": 0.01, "side": "sell", "timestamp": 1766029239811}, {"id": "2677417455", "price": 2829.27, "amount": 1.333, "side": "sell", "timestamp": 1766029239946}, {"id": "2677417456", "price": 2829.28, "amount": 0.012, "side": "buy", "timestamp": 1766029239984}, {"id": "2677417457", "price": 2829.28, "amount": 0.135, "side": "buy", "timestamp": 1766029240113}, {"id": "2677417458", "price": 2829.27, "amount": 0.008, "side": "sell", "timestamp": 1766029240157}, {"id": "2677417459", "price": 2829.27, "amount": 16.184, "side": "sell", "timestamp": 1766029240338}, {"id": "2677417460", "price": 2829.27, "amount": 0.16, "side": "sell", "timestamp": 1766029240824}, {"id": "2677417461", "price": 2829.28, "amount": 0.823, "side": "buy", "timestamp": 1766029240912}, {"id": "2677417462", "price": 2829.27, "amount": 0.071, "side": "sell", "timestamp": 1766029241372}, {"id": "2677417463", "price": 2829.28, "amount": 0.017, "side": "buy", "timestamp": 1766029241397}, {"id": "2677417464", "price": 2829.27, "amount": 0.541, "side": "sell", "timestamp": 1766029241649}, {"id": "2677417465", "price": 2829.27, "amount": 75.922, "side": "sell", "timestamp": 1766029241938}, {"id": "2677417466", "price": 2829.26, "amount": 0.401, "side": "sell", "timestamp": 1766029241942}, {"id": "2677417467", "price": 2829.24, "amount": 0.029, "side": "sell", "timestamp": 1766029241942}, {"id": "2677417468", "price": 2829.23, "amount": 0.009, "side": "sell", "timestamp": 1766029241942}, {"id": "2677417469", "price": 2829.22, "amount": 0.032, "side": "sell", "timestamp": 1766029241954}, {"id": "2677417470", "price": 2829.2, "amount": 0.04, "side": "sell", "timestamp": 1766029241954}, {"id": "2677417471", "price": 2829.19, "amount": 0.009, "side": "sell", "timestamp": 1766029241954}, {"id": "2677417472", "price": 2829.18, "amount": 0.023, "side": "sell", "timestamp": 1766029241970}, {"id": "2677417473", "price": 2829.17, "amount": 0.024, "side": "sell", "timestamp": 1766029241970}, {"id": "2677417474", "price": 2829.16, "amount": 0.009, "side": "sell", "timestamp": 1766029241970}, {"id": "2677417475", "price": 2829.15, "amount": 0.017, "side": "sell", "timestamp": 1766029241970}, {"id": "2677417476", "price": 2829.14, "amount": 0.016, "side": "sell", "timestamp": 1766029241970}, {"id": "2677417477", "price": 2829.13, "amount": 0.009, "side": "sell", "timestamp": 1766029241970}, {"id": "2677417478", "price": 2829.12, "amount": 0.026, "side": "sell", "timestamp": 1766029241970}, {"id": "2677417479", "price": 2829.11, "amount": 0.008, "side": "sell", "timestamp": 1766029241970}, {"id": "2677417480", "price": 2829.1, "amount": 0.02, "side": "sell", "timestamp": 1766029241970}, {"id": "2677417481", "price": 2829.09, "amount": 0.009, "side": "sell", "timestamp": 1766029241970}, {"id": "2677417482", "price": 2829.08, "amount": 0.031, "side": "sell", "timestamp": 1766029241970}, {"id": "2677417483", "price": 2829.07, "amount": 0.462, "side": "sell", "timestamp": 1766029241974}, {"id": "2677417484", "price": 2829.07, "amount": 0.008, "side": "buy", "timestamp": 1766029241987}, {"id": "2677417485", "price": 2829.06, "amount": 2.122, "side": "sell", "timestamp": 1766029241991}, {"id": "2677417486", "price": 2829.05, "amount": 0.017, "side": "sell", "timestamp": 1766029241991}, {"id": "2677417487", "price": 2829.04, "amount": 0.467, "side": "sell", "timestamp": 1766029241991}, {"id": "2677417488", "price": 2829.03, "amount": 0.236, "side": "sell", "timestamp": 1766029241991}, {"id": "2677417489", "price": 2829.04, "amount": 0.23, "side": "buy", "timestamp": 1766029242545}, {"id": "2677417490", "price": 2829.04, "amount": 12.0, "side": "buy", "timestamp": 1766029242904}, {"id": "2677417491", "price": 2829.04, "amount": 0.743, "side": "buy", "timestamp": 1766029243041}, {"id": "2677417492", "price": 2829.03, "amount": 0.008, "side": "sell", "timestamp": 1766029243071}, {"id": "2677417493", "price": 2829.04, "amount": 0.008, "side": "buy", "timestamp": 1766029243369}, {"id": "2677417494", "price": 2829.04, "amount": 0.057, "side": "buy", "timestamp": 1766029243534}, {"id": "2677417495", "price": 2829.03, "amount": 3.0, "side": "sell", "timestamp": 1766029243896}, {"id": "2677417496", "price": 2829.04, "amount": 2.0, "side": "buy", "timestamp": 1766029244084}, {"id": "2677417497", "price": 2829.03, "amount": 0.233, "side": "sell", "timestamp": 1766029244140}, {"id": "2677418127", "price": 2829.85, "amount": 4.638, "side": "buy", "timestamp": 1766029292100}, {"id": "2677418128", "price": 2829.86, "amount": 0.391, "side": "buy", "timestamp": 1766029292100}, {"id": "2677418129", "price": 2829.87, "amount": 8.635, "side": "buy", "timestamp": 1766029292100}, {"id": "2677418130", "price": 2829.88, "amount": 11.275, "side": "buy", "timestamp": 1766029292100}, {"id": "2677418131", "price": 2829.89, "amount": 2.06, "side": "buy", "timestamp": 1766029292100}, {"id": "2677418132", "price": 2829.9, "amount": 2.17, "side": "buy", "timestamp": 1766029292100}, {"id": "2677418133", "price": 2829.91, "amount": 0.024, "side": "buy", "timestamp": 1766029292100}, {"id": "2677418134", "price": 2829.92, "amount": 0.224, "side": "buy", "timestamp": 1766029292100}, {"id": "2677418135", "price": 2829.93, "amount": 1.618, "side": "buy", "timestamp": 1766029292100}, {"id": "2677418136", "price": 2829.94, "amount": 12.131, "side": "buy", "timestamp": 1766029292100}, {"id": "2677418137", "price": 2829.95, "amount": 1.057, "side": "buy", "timestamp": 1766029292100}, {"id": "2677418138", "price": 2829.96, "amount": 1.794, "side": "buy", "timestamp": 1766029292100}, {"id": "2677418139", "price": 2829.97, "amount": 1.064, "side": "buy", "timestamp": 1766029292100}, {"id": "2677418140", "price": 2829.98, "amount": 9.445, "side": "buy", "timestamp": 1766029292100}, {"id": "2677418141", "price": 2829.99, "amount": 58.147, "side": "buy", "timestamp": 1766029292100}, {"id": "2677418142", "price": 2830.0, "amount": 61.168, "side": "buy", "timestamp": 1766029292100}, {"id": "2677418143", "price": 2829.87, "amount": 0.035, "side": "buy", "timestamp": 1766029292108}, {"id": "2677418144", "price": 2829.86, "amount": 1.621, "side": "sell", "timestamp": 1766029292109}, {"id": "2677418145", "price": 2829.87, "amount": 1.134, "side": "buy", "timestamp": 1766029292111}, {"id": "2677418146", "price": 2829.86, "amount": 0.624, "side": "sell", "timestamp": 1766029292196}, {"id": "2677418147", "price": 2829.87, "amount": 0.002, "side": "buy", "timestamp": 1766029292279}, {"id": "2677418148", "price": 2829.87, "amount": 0.079, "side": "buy", "timestamp": 1766029292418}, {"id": "2677418149", "price": 2829.87, "amount": 0.35, "side": "buy", "timestamp": 1766029292723}, {"id": "2677418150", "price": 2829.87, "amount": 44.127, "side": "buy", "timestamp": 1766029293040}, {"id": "2677418151", "price": 2829.88, "amount": 0.008, "side": "buy", "timestamp": 1766029293040}, {"id": "2677418152", "price": 2829.9, "amount": 0.017, "side": "buy", "timestamp": 1766029293040}, {"id": "2677418153", "price": 2829.91, "amount": 0.009, "side": "buy", "timestamp": 1766029293040}, {"id": "2677418154", "price": 2829.92, "amount": 0.015, "side": "buy", "timestamp": 1766029293040}, {"id": "2677418155", "price": 2829.93, "amount": 0.009, "side": "buy", "timestamp": 1766029293040}, {"id": "2677418156", "price": 2829.94, "amount": 0.024, "side": "buy", "timestamp": 1766029293040}, {"id": "2677418157", "price": 2829.96, "amount": 0.238, "side": "buy", "timestamp": 1766029293040}, {"id": "2677418158", "price": 2829.97, "amount": 1.775, "side": "buy", "timestamp": 1766029293040}, {"id": "2677418159", "price": 2829.98, "amount": 0.015, "side": "buy", "timestamp": 1766029293040}, {"id": "2677418160", "price": 2829.99, "amount": 16.286, "side": "buy", "timestamp": 1766029293040}, {"id": "2677418161", "price": 2829.99, "amount": 0.278, "side": "buy", "timestamp": 1766029293379}, {"id": "2677418162", "price": 2829.98, "amount": 0.011, "side": "sell", "timestamp": 1766029293799}, {"id": "2677418163", "price": 2829.99, "amount": 1.227, "side": "buy", "timestamp": 1766029294020}, {"id": "2677418164", "price": 2829.98, "amount": 0.008, "side": "sell", "timestamp": 1766029294180}, {"id": "2677418165", "price": 2829.99, "amount": 0.02, "side": "buy", "timestamp": 1766029294529}, {"id": "2677418166", "price": 2829.99, "amount": 15.9, "side": "buy", "timestamp": 1766029294805}, {"id": "2677418167", "price": 2830.0, "amount": 1.0, "side": "buy", "timestamp": 1766029295327}, {"id": "2677418168", "price": 2830.0, "amount": 0.009, "side": "buy", "timestamp": 1766029295433}, {"id": "2677418169", "price": 2830.0, "amount": 0.002, "side": "buy", "timestamp": 1766029295753}, {"id": "2677418170", "price": 2830.0, "amount": 0.018, "side": "buy", "timestamp": 1766029295894}, {"id": "2677418171", "price": 2829.99, "amount": 0.058, "side": "sell", "timestamp": 1766029295937}, {"id": "2677418172", "price": 2829.99, "amount": 0.277, "side": "sell", "timestamp": 1766029296040}, {"id": "2677418173", "price": 2830.0, "amount": 9.577, "side": "buy", "timestamp": 1766029296040}, {"id": "2677418174", "price": 2829.99, "amount": 0.012, "side": "sell", "timestamp": 1766029296132}, {"id": "2677418175", "price": 2830.0, "amount": 0.528, "side": "buy", "timestamp": 1766029296214}, {"id": "2677418176", "price": 2829.99, "amount": 2.663, "side": "sell", "timestamp": 1766029296323}, {"id": "2677418790", "price": 2829.22, "amount": 0.008, "side": "buy", "timestamp": 1766029342500}, {"id": "2677418791", "price": 2829.23, "amount": 0.118, "side": "buy", "timestamp": 1766029342504}, {"id": "2677418792", "price": 2829.23, "amount": 6.574, "side": "buy", "timestamp": 1766029342608}, {"id": "2677418793", "price": 2829.22, "amount": 0.009, "side": "sell", "timestamp": 1766029342791}, {"id": "2677418794", "price": 2829.23, "amount": 0.176, "side": "buy", "timestamp": 1766029342953}, {"id": "2677418795", "price": 2829.22, "amount": 0.621, "side": "sell", "timestamp": 1766029343266}, {"id": "2677418796", "price": 2829.23, "amount": 0.518, "side": "buy", "timestamp": 1766029343354}, {"id": "2677418797", "price": 2829.23, "amount": 0.472, "side": "buy", "timestamp": 1766029343845}, {"id": "2677418798", "price": 2829.22, "amount": 0.212, "side": "sell", "timestamp": 1766029343855}, {"id": "2677418799", "price": 2829.22, "amount": 0.012, "side": "sell", "timestamp": 1766029344124}, {"id": "2677418800", "price": 2829.23, "amount": 0.255, "side": "buy", "timestamp": 1766029344148}, {"id": "2677418801", "price": 2829.22, "amount": 1.252, "side": "sell", "timestamp": 1766029344221}, {"id": "2677418802", "price": 2829.23, "amount": 0.035, "side": "buy", "timestamp": 1766029345040}, {"id": "2677418803", "price": 2829.22, "amount": 0.693, "side": "sell", "timestamp": 1766029345103}, {"id": "2677418804", "price": 2829.23, "amount": 0.035, "side": "buy", "timestamp": 1766029345140}, {"id": "2677418805", "price": 2829.22, "amount": 1.738, "side": "sell", "timestamp": 1766029345181}, {"id": "2677418806", "price": 2829.21, "amount": 0.01, "side": "sell", "timestamp": 1766029345208}, {"id": "2677418807", "price": 2829.2, "amount": 0.008, "side": "sell", "timestamp": 1766029345208}, {"id": "2677418808", "price": 2829.18, "amount": 0.009, "side": "sell", "timestamp": 1766029345208}, {"id": "2677418809", "price": 2829.17, "amount": 0.04, "side": "sell", "timestamp": 1766029345208}, {"id": "2677418810", "price": 2829.15, "amount": 0.024, "side": "sell", "timestamp": 1766029345208}, {"id": "2677418811", "price": 2829.14, "amount": 0.009, "side": "sell", "timestamp": 1766029345208}, {"id": "2677418812", "price": 2829.13, "amount": 0.009, "side": "sell", "timestamp": 1766029345208}, {"id": "2677418813", "price": 2829.12, "amount": 0.017, "side": "sell", "timestamp": 1766029345208}, {"id": "2677418814", "price": 2829.11, "amount": 0.018, "side": "sell", "timestamp": 1766029345208}, {"id": "2677418815", "price": 2829.1, "amount": 0.073, "side": "sell", "timestamp": 1766029345208}, {"id": "2677418816", "price": 2829.09, "amount": 0.032, "side": "sell", "timestamp": 1766029345208}, {"id": "2677418817", "price": 2829.08, "amount": 0.745, "side": "sell", "timestamp": 1766029345208}, {"id": "2677418818", "price": 2829.07, "amount": 0.015, "side": "sell", "timestamp": 1766029345208}, {"id": "2677418819", "price": 2829.06, "amount": 0.397, "side": "sell", "timestamp": 1766029345208}, {"id": "2677418820", "price": 2829.05, "amount": 0.042, "side": "sell", "timestamp": 1766029345208}, {"id": "2677418821", "price": 2829.04, "amount": 0.37, "side": "sell", "timestamp": 1766029345208}, {"id": "2677418822", "price": 2829.03, "amount": 0.032, "side": "sell", "timestamp": 1766029345208}, {"id": "2677418823", "price": 2829.02, "amount": 0.074, "side": "sell", "timestamp": 1766029345208}, {"id": "2677418824", "price": 2829.01, "amount": 0.024, "side": "sell", "timestamp": 1766029345208}, {"id": "2677418825", "price": 2829.0, "amount": 3.0, "side": "sell", "timestamp": 1766029345247}, {"id": "2677418826", "price": 2829.01, "amount": 0.019, "side": "buy", "timestamp": 1766029345813}, {"id": "2677418827", "price": 2829.01, "amount": 0.079, "side": "buy", "timestamp": 1766029346069}, {"id": "2677418828", "price": 2829.0, "amount": 0.035, "side": "sell", "timestamp": 1766029346334}, {"id": "2677418829", "price": 2829.01, "amount": 0.354, "side": "buy", "timestamp": 1766029346611}, {"id": "2677418830", "price": 2829.01, "amount": 0.008, "side": "buy", "timestamp": 1766029346731}, {"id": "2677418831", "price": 2829.0, "amount": 1.009, "side": "sell", "timestamp": 1766029347092}, {"id": "2677418832", "price": 2829.01, "amount": 0.002, "side": "buy", "timestamp": 1766029347196}, {"id": "2677418833", "price": 2829.0, "amount": 0.02, "side": "sell", "timestamp": 1766029347397}, {"id": "2677418834", "price": 2829.01, "amount": 0.026, "side": "buy", "timestamp": 1766029347422}, {"id": "2677418835", "price": 2829.01, "amount": 0.057, "side": "buy", "timestamp": 1766029347826}, {"id": "2677418836", "price": 2829.01, "amount": 0.784, "side": "buy", "timestamp": 1766029348018}, {"id": "2677418837", "price": 2829.0, "amount": 0.008, "side": "sell", "timestamp": 1766029348131}, {"id": "2677418838", "price": 2829.01, "amount": 0.353, "side": "buy", "timestamp": 1766029348324}, {"id": "2677418839", "price": 2829.01, "amount": 0.001, "side": "buy", "timestamp": 1766029348608}, {"id": "2677419350", "price": 2829.42, "amount": 0.637, "side": "buy", "timestamp": 1766029394201}, {"id": "2677419351", "price": 2829.41, "amount": 0.011, "side": "sell", "timestamp": 1766029394689}, {"id": "2677419352", "price": 2829.42, "amount": 0.331, "side": "buy", "timestamp": 1766029394709}, {"id": "2677419353", "price": 2829.43, "amount": 0.449, "side": "buy", "timestamp": 1766029394712}, {"id": "2677419354", "price": 2829.43, "amount": 0.011, "side": "buy", "timestamp": 1766029395289}, {"id": "2677419355", "price": 2829.42, "amount": 0.01, "side": "sell", "timestamp": 1766029395295}, {"id": "2677419356", "price": 2829.43, "amount": 0.051, "side": "buy", "timestamp": 1766029395635}, {"id": "2677419357", "price": 2829.42, "amount": 0.008, "side": "sell", "timestamp": 1766029396052}, {"id": "2677419358", "price": 2829.43, "amount": 0.079, "side": "buy", "timestamp": 1766029396131}, {"id": "2677419359", "price": 2829.43, "amount": 0.009, "side": "buy", "timestamp": 1766029396378}, {"id": "2677419360", "price": 2829.42, "amount": 0.354, "side": "sell", "timestamp": 1766029396471}, {"id": "2677419361", "price": 2829.42, "amount": 0.278, "side": "sell", "timestamp": 1766029397004}, {"id": "2677419362", "price": 2829.42, "amount": 0.02, "side": "sell", "timestamp": 1766029398002}, {"id": "2677419363", "price": 2829.43, "amount": 0.079, "side": "buy", "timestamp": 1766029398031}, {"id": "2677419364", "price": 2829.42, "amount": 0.012, "side": "sell", "timestamp": 1766029398391}, {"id": "2677419365", "price": 2829.43, "amount": 0.113, "side": "buy", "timestamp": 1766029398421}, {"id": "2677419366", "price": 2829.42, "amount": 0.336, "side": "sell", "timestamp": 1766029399021}, {"id": "2677419367", "price": 2829.43, "amount": 0.5, "side": "buy", "timestamp": 1766029399084}, {"id": "2677419368", "price": 2829.42, "amount": 0.008, "side": "sell", "timestamp": 1766029399156}, {"id": "2677419369", "price": 2829.42, "amount": 0.008, "side": "sell", "timestamp": 1766029399300}, {"id": "2677419370", "price": 2829.43, "amount": 1.174, "side": "buy", "timestamp": 1766029399509}, {"id": "2677419371", "price": 2829.43, "amount": 0.051, "side": "buy", "timestamp": 1766029399647}, {"id": "2677419372", "price": 2829.43, "amount": 0.073, "side": "buy", "timestamp": 1766029399998}, {"id": "2677419373", "price": 2829.43, "amount": 0.15, "side": "buy", "timestamp": 1766029400133}, {"id": "2677419374", "price": 2829.44, "amount": 0.033, "side": "buy", "timestamp": 1766029400133}, {"id": "2677419375", "price": 2829.45, "amount": 0.092, "side": "buy", "timestamp": 1766029400133}, {"id": "2677419376", "price": 2829.46, "amount": 0.439, "side": "buy", "timestamp": 1766029400133}, {"id": "2677419377", "price": 2829.47, "amount": 0.544, "side": "buy", "timestamp": 1766029400136}, {"id": "2677419378", "price": 2829.48, "amount": 0.05, "side": "buy", "timestamp": 1766029400136}, {"id": "2677419379", "price": 2829.5, "amount": 0.364, "side": "buy", "timestamp": 1766029400146}, {"id": "2677419380", "price": 2829.51, "amount": 0.026, "side": "buy", "timestamp": 1766029400146}, {"id": "2677419381", "price": 2829.53, "amount": 7.895, "side": "buy", "timestamp": 1766029400146}, {"id": "2677419382", "price": 2829.54, "amount": 0.034, "side": "buy", "timestamp": 1766029400147}, {"id": "2677419383", "price": 2829.55, "amount": 0.018, "side": "buy", "timestamp": 1766029400147}, {"id": "2677419384", "price": 2829.56, "amount": 0.387, "side": "buy", "timestamp": 1766029400147}, {"id": "2677419385", "price": 2829.57, "amount": 0.035, "side": "buy", "timestamp": 1766029400147}, {"id": "2677419386", "price": 2829.58, "amount": 0.018, "side": "buy", "timestamp": 1766029400148}, {"id": "2677419387", "price": 2829.59, "amount": 0.024, "side": "buy", "timestamp": 1766029400148}, {"id": "2677419388", "price": 2829.6, "amount": 0.043, "side": "buy", "timestamp": 1766029400148}, {"id": "2677419389", "price": 2829.61, "amount": 0.555, "side": "buy", "timestamp": 1766029400148}, {"id": "2677419390", "price": 2829.62, "amount": 0.027, "side": "buy", "timestamp": 1766029400148}, {"id": "2677419391", "price": 2829.63, "amount": 0.023, "side": "buy", "timestamp": 1766029400148}, {"id": "2677419392", "price": 2829.64, "amount": 0.027, "side": "buy", "timestamp": 1766029400148}, {"id": "2677419393", "price": 2829.65, "amount": 0.024, "side": "buy", "timestamp": 1766029400150}, {"id": "2677419394", "price": 2829.66, "amount": 0.135, "side": "buy", "timestamp": 1766029400150}, {"id": "2677419395", "price": 2829.67, "amount": 0.05, "side": "buy", "timestamp": 1766029400150}, {"id": "2677419396", "price": 2829.68, "amount": 5.426, "side": "buy", "timestamp": 1766029400150}, {"id": "2677419397", "price": 2829.67, "amount": 0.359, "side": "sell", "timestamp": 1766029400421}, {"id": "2677419398", "price": 2829.68, "amount": 0.002, "side": "buy", "timestamp": 1766029400538}, {"id": "2677419399", "price": 2829.67, "amount": 0.079, "side": "sell", "timestamp": 1766029400672}, {"id": "2677420097", "price": 2827.73, "amount": 0.478, "side": "buy", "timestamp": 1766029449682}, {"id": "2677420098", "price": 2827.73, "amount": 0.339, "side": "buy", "timestamp": 1766029449802}, {"id": "2677420099", "price": 2827.73, "amount": 0.001, "side": "buy", "timestamp": 1766029449980}, {"id": "2677420100", "price": 2827.72, "amount": 0.008, "side": "sell", "timestamp": 1766029450082}, {"id": "2677420101", "price": 2827.73, "amount": 0.021, "side": "buy", "timestamp": 1766029450919}, {"id": "2677420102", "price": 2827.73, "amount": 0.079, "side": "buy", "timestamp": 1766029451129}, {"id": "2677420103", "price": 2827.73, "amount": 0.003, "side": "buy", "timestamp": 1766029451556}, {"id": "2677420104", "price": 2827.72, "amount": 0.056, "side": "sell", "timestamp": 1766029451619}, {"id": "2677420105", "price": 2827.72, "amount": 8.284, "side": "sell", "timestamp": 1766029451740}, {"id": "2677420106", "price": 2827.71, "amount": 0.01, "side": "sell", "timestamp": 1766029451740}, {"id": "2677420107", "price": 2827.69, "amount": 0.009, "side": "sell", "timestamp": 1766029451743}, {"id": "2677420108", "price": 2827.68, "amount": 0.018, "side": "sell", "timestamp": 1766029451743}, {"id": "2677420109", "price": 2827.67, "amount": 0.015, "side": "sell", "timestamp": 1766029451743}, {"id": "2677420110", "price": 2827.66, "amount": 0.025, "side": "sell", "timestamp": 1766029451745}, {"id": "2677420111", "price": 2827.65, "amount": 0.024, "side": "sell", "timestamp": 1766029451745}, {"id": "2677420112", "price": 2827.64, "amount": 0.018, "side": "sell", "timestamp": 1766029451745}, {"id": "2677420113", "price": 2827.63, "amount": 0.009, "side": "sell", "timestamp": 1766029451745}, {"id": "2677420114", "price": 2827.62, "amount": 0.009, "side": "sell", "timestamp": 1766029451745}, {"id": "2677420115", "price": 2827.61, "amount": 0.008, "side": "sell", "timestamp": 1766029451745}, {"id": "2677420116", "price": 2827.61, "amount": 0.01, "side": "buy", "timestamp": 1766029451753}, {"id": "2677420117", "price": 2827.59, "amount": 0.07, "side": "sell", "timestamp": 1766029451770}, {"id": "2677420118", "price": 2827.58, "amount": 0.19, "side": "sell", "timestamp": 1766029451770}, {"id": "2677420119", "price": 2827.57, "amount": 0.009, "side": "sell", "timestamp": 1766029451770}, {"id": "2677420120", "price": 2827.56, "amount": 0.546, "side": "sell", "timestamp": 1766029451770}, {"id": "2677420121", "price": 2827.55, "amount": 0.011, "side": "sell", "timestamp": 1766029451774}, {"id": "2677420122", "price": 2827.53, "amount": 0.017, "side": "sell", "timestamp": 1766029451774}, {"id": "2677420123", "price": 2827.52, "amount": 0.085, "side": "sell", "timestamp": 1766029451774}, {"id": "2677420124", "price": 2827.51, "amount": 0.009, "side": "sell", "timestamp": 1766029451774}, {"id": "2677420125", "price": 2827.5, "amount": 0.017, "side": "sell", "timestamp": 1766029451774}, {"id": "2677420126", "price": 2827.48, "amount": 0.469, "side": "sell", "timestamp": 1766029451774}, {"id": "2677420127", "price": 2827.46, "amount": 0.009, "side": "sell", "timestamp": 1766029451777}, {"id": "2677420128", "price": 2827.45, "amount": 0.024, "side": "sell", "timestamp": 1766029451777}, {"id": "2677420129", "price": 2827.44, "amount": 0.025, "side": "sell", "timestamp": 1766029451777}, {"id": "2677420130", "price": 2827.43, "amount": 0.024, "side": "sell", "timestamp": 1766029451777}, {"id": "2677420131", "price": 2827.42, "amount": 0.009, "side": "sell", "timestamp": 1766029451777}, {"id": "2677420132", "price": 2827.41, "amount": 0.009, "side": "sell", "timestamp": 1766029451777}, {"id": "2677420133", "price": 2827.4, "amount": 0.009, "side": "sell", "timestamp": 1766029451777}, {"id": "2677420134", "price": 2827.39, "amount": 0.045, "side": "sell", "timestamp": 1766029451777}, {"id": "2677420135", "price": 2827.38, "amount": 6.0, "side": "sell", "timestamp": 1766029451964}, {"id": "2677420136", "price": 2827.39, "amount": 0.055, "side": "buy", "timestamp": 1766029451970}, {"id": "2677420137", "price": 2827.38, "amount": 4.389, "side": "sell", "timestamp": 1766029452032}, {"id": "2677420138", "price": 2827.37, "amount": 0.018, "side": "sell", "timestamp": 1766029452075}, {"id": "2677420139", "price": 2827.36, "amount": 0.009, "side": "sell", "timestamp": 1766029452075}, {"id": "2677420140", "price": 2827.35, "amount": 0.016, "side": "sell", "timestamp": 1766029452075}, {"id": "2677420141", "price": 2827.34, "amount": 0.009, "side": "sell", "timestamp": 1766029452075}, {"id": "2677420142", "price": 2827.33, "amount": 0.012, "side": "sell", "timestamp": 1766029452093}, {"id": "2677420143", "price": 2827.34, "amount": 0.415, "side": "buy", "timestamp": 1766029453078}, {"id": "2677420144", "price": 2827.33, "amount": 0.008, "side": "sell", "timestamp": 1766029453179}, {"id": "2677420145", "price": 2827.34, "amount": 0.008, "side": "buy", "timestamp": 1766029453181}, {"id": "2677420146", "price": 2827.33, "amount": 0.673, "side": "sell", "timestamp": 1766029453207}, {"id": "2677420488", "price": 2827.93, "amount": 0.01, "side": "buy", "timestamp": 1766029500129}, {"id": "2677420489", "price": 2827.92, "amount": 5.222, "side": "sell", "timestamp": 1766029500218}, {"id": "2677420490", "price": 2827.92, "amount": 0.128, "side": "sell", "timestamp": 1766029500521}, {"id": "2677420491", "price": 2827.92, "amount": 0.008, "side": "sell", "timestamp": 1766029500854}, {"id": "2677420492", "price": 2827.92, "amount": 0.017, "side": "sell", "timestamp": 1766029501178}, {"id": "2677420493", "price": 2827.93, "amount": 0.027, "side": "buy", "timestamp": 1766029501432}, {"id": "2677420494", "price": 2827.93, "amount": 0.09, "side": "buy", "timestamp": 1766029501659}, {"id": "2677420495", "price": 2827.92, "amount": 0.78, "side": "sell", "timestamp": 1766029501752}, {"id": "2677420496", "price": 2827.91, "amount": 0.097, "side": "sell", "timestamp": 1766029501752}, {"id": "2677420497", "price": 2827.9, "amount": 0.104, "side": "sell", "timestamp": 1766029501752}, {"id": "2677420498", "price": 2827.89, "amount": 0.025, "side": "sell", "timestamp": 1766029501756}, {"id": "2677420499", "price": 2827.87, "amount": 0.015, "side": "sell", "timestamp": 1766029501756}, {"id": "2677420500", "price": 2827.86, "amount": 0.026, "side": "sell", "timestamp": 1766029501756}, {"id": "2677420501", "price": 2827.85, "amount": 0.024, "side": "sell", "timestamp": 1766029501756}, {"id": "2677420502", "price": 2827.84, "amount": 0.009, "side": "sell", "timestamp": 1766029501756}, {"id": "2677420503", "price": 2827.83, "amount": 0.031, "side": "sell", "timestamp": 1766029501756}, {"id": "2677420504", "price": 2827.82, "amount": 0.015, "side": "sell", "timestamp": 1766029501756}, {"id": "2677420505", "price": 2827.81, "amount": 0.026, "side": "sell", "timestamp": 1766029501756}, {"id": "2677420506", "price": 2827.8, "amount": 0.427, "side": "sell", "timestamp": 1766029501756}, {"id": "2677420507", "price": 2827.78, "amount": 0.024, "side": "sell", "timestamp": 1766029501756}, {"id": "2677420508", "price": 2827.77, "amount": 0.094, "side": "sell", "timestamp": 1766029501756}, {"id": "2677420509", "price": 2827.76, "amount": 0.023, "side": "sell", "timestamp": 1766029501756}, {"id": "2677420510", "price": 2827.75, "amount": 0.009, "side": "sell", "timestamp": 1766029501760}, {"id": "2677420511", "price": 2827.74, "amount": 0.486, "side": "sell", "timestamp": 1766029501760}, {"id": "2677420512", "price": 2827.73, "amount": 0.017, "side": "sell", "timestamp": 1766029501760}, {"id": "2677420513", "price": 2827.72, "amount": 0.528, "side": "sell", "timestamp": 1766029501760}, {"id": "2677420514", "price": 2827.71, "amount": 0.034, "side": "sell", "timestamp": 1766029501762}, {"id": "2677420515", "price": 2827.7, "amount": 0.031, "side": "sell", "timestamp": 1766029501762}, {"id": "2677420516", "price": 2827.69, "amount": 0.032, "side": "sell", "timestamp": 1766029501762}, {"id": "2677420517", "price": 2827.68, "amount": 0.38, "side": "sell", "timestamp": 1766029501762}, {"id": "2677420518", "price": 2827.67, "amount": 0.015, "side": "sell", "timestamp": 1766029501764}, {"id": "2677420519", "price": 2827.66, "amount": 0.019, "side": "sell", "timestamp": 1766029501766}, {"id": "2677420520", "price": 2827.65, "amount": 0.008, "side": "sell", "timestamp": 1766029501796}, {"id": "2677420521", "price": 2827.64, "amount": 0.017, "side": "sell", "timestamp": 1766029501796}, {"id": "2677420522", "price": 2827.63, "amount": 0.131, "side": "sell", "timestamp": 1766029501796}, {"id": "2677420523", "price": 2827.62, "amount": 0.042, "side": "sell", "timestamp": 1766029501796}, {"id": "2677420524", "price": 2827.61, "amount": 0.032, "side": "sell", "timestamp": 1766029501796}, {"id": "2677420525", "price": 2827.6, "amount": 0.04, "side": "sell", "timestamp": 1766029501796}, {"id": "2677420526", "price": 2827.59, "amount": 0.023, "side": "sell", "timestamp": 1766029501796}, {"id": "2677420527", "price": 2827.58, "amount": 0.042, "side": "sell", "timestamp": 1766029501796}, {"id": "2677420528", "price": 2827.57, "amount": 0.049, "side": "sell", "timestamp": 1766029501796}, {"id": "2677420529", "price": 2827.57, "amount": 0.036, "side": "buy", "timestamp": 1766029501817}, {"id": "2677420530", "price": 2827.56, "amount": 0.229, "side": "sell", "timestamp": 1766029502639}, {"id": "2677420531", "price": 2827.56, "amount": 0.09, "side": "sell", "timestamp": 1766029502803}, {"id": "2677420532", "price": 2827.56, "amount": 0.044, "side": "sell", "timestamp": 1766029502979}, {"id": "2677420533", "price": 2827.56, "amount": 0.219, "side": "sell", "timestamp": 1766029503426}, {"id": "2677420534", "price": 2827.57, "amount": 0.031, "side": "buy", "timestamp": 1766029503697}, {"id": "2677420535", "price": 2827.57, "amount": 0.09, "side": "buy", "timestamp": 1766029503936}, {"id": "2677420536", "price": 2827.56, "amount": 0.777, "side": "sell", "timestamp": 1766029504237}, {"id": "2677420537", "price": 2827.57, "amount": 1.01, "side": "buy", "timestamp": 1766029504476}, {"id": "2677420834", "price": 2827.99, "amount": 0.231, "side": "sell", "timestamp": 1766029553141}, {"id": "2677420835", "price": 2828.0, "amount": 0.008, "side": "buy", "timestamp": 1766029553430}, {"id": "2677420836", "price": 2827.99, "amount": 1.0, "side": "sell", "timestamp": 1766029553470}, {"id": "2677420837", "price": 2828.0, "amount": 0.992, "side": "buy", "timestamp": 1766029553598}, {"id": "2677420838", "price": 2827.99, "amount": 0.02, "side": "sell", "timestamp": 1766029554010}, {"id": "2677420839", "price": 2828.0, "amount": 0.071, "side": "buy", "timestamp": 1766029554065}, {"id": "2677420840", "price": 2828.0, "amount": 17.65, "side": "buy", "timestamp": 1766029554169}, {"id": "2677420841", "price": 2828.0, "amount": 0.981, "side": "buy", "timestamp": 1766029554625}, {"id": "2677420842", "price": 2828.0, "amount": 5.0, "side": "buy", "timestamp": 1766029554921}, {"id": "2677420843", "price": 2828.0, "amount": 0.008, "side": "buy", "timestamp": 1766029555088}, {"id": "2677420844", "price": 2828.0, "amount": 0.008, "side": "buy", "timestamp": 1766029555540}, {"id": "2677420845", "price": 2828.0, "amount": 0.971, "side": "buy", "timestamp": 1766029555667}, {"id": "2677420846", "price": 2828.0, "amount": 0.103, "side": "buy", "timestamp": 1766029555787}, {"id": "2677420847", "price": 2828.0, "amount": 3.255, "side": "buy", "timestamp": 1766029556027}, {"id": "2677420848", "price": 2828.0, "amount": 0.07, "side": "buy", "timestamp": 1766029556215}, {"id": "2677420849", "price": 2827.99, "amount": 0.04, "side": "sell", "timestamp": 1766029556250}, {"id": "2677420850", "price": 2828.0, "amount": 0.009, "side": "buy", "timestamp": 1766029556273}, {"id": "2677420851", "price": 2827.99, "amount": 11.037, "side": "sell", "timestamp": 1766029556482}, {"id": "2677420852", "price": 2827.98, "amount": 0.026, "side": "sell", "timestamp": 1766029556482}, {"id": "2677420853", "price": 2827.97, "amount": 0.009, "side": "sell", "timestamp": 1766029556482}, {"id": "2677420854", "price": 2827.96, "amount": 0.016, "side": "sell", "timestamp": 1766029556482}, {"id": "2677420855", "price": 2827.95, "amount": 0.017, "side": "sell", "timestamp": 1766029556482}, {"id": "2677420856", "price": 2827.93, "amount": 0.008, "side": "sell", "timestamp": 1766029556482}, {"id": "2677420857", "price": 2827.92, "amount": 0.041, "side": "sell", "timestamp": 1766029556482}, {"id": "2677420858", "price": 2827.9, "amount": 0.058, "side": "sell", "timestamp": 1766029556482}, {"id": "2677420859", "price": 2827.88, "amount": 0.024, "side": "sell", "timestamp": 1766029556482}, {"id": "2677420860", "price": 2827.87, "amount": 0.033, "side": "sell", "timestamp": 1766029556482}, {"id": "2677420861", "price": 2827.86, "amount": 0.12, "side": "sell", "timestamp": 1766029556482}, {"id": "2677420862", "price": 2827.85, "amount": 0.174, "side": "sell", "timestamp": 1766029556502}, {"id": "2677420863", "price": 2827.84, "amount": 0.009, "side": "sell", "timestamp": 1766029556504}, {"id": "2677420864", "price": 2827.82, "amount": 0.018, "side": "sell", "timestamp": 1766029556508}, {"id": "2677420865", "price": 2827.81, "amount": 0.009, "side": "sell", "timestamp": 1766029556508}, {"id": "2677420866", "price": 2827.8, "amount": 0.025, "side": "sell", "timestamp": 1766029556508}, {"id": "2677420867", "price": 2827.78, "amount": 0.018, "side": "sell", "timestamp": 1766029556511}, {"id": "2677420868", "price": 2827.76, "amount": 0.024, "side": "sell", "timestamp": 1766029556511}, {"id": "2677420869", "price": 2827.75, "amount": 0.008, "side": "sell", "timestamp": 1766029556511}, {"id": "2677420870", "price": 2827.74, "amount": 0.015, "side": "sell", "timestamp": 1766029556511}, {"id": "2677420871", "price": 2827.73, "amount": 0.916, "side": "sell", "timestamp": 1766029556511}, {"id": "2677420872", "price": 2827.72, "amount": 0.023, "side": "sell", "timestamp": 1766029556511}, {"id": "2677420873", "price": 2827.71, "amount": 0.032, "side": "sell", "timestamp": 1766029556511}, {"id": "2677420874", "price": 2827.7, "amount": 0.009, "side": "sell", "timestamp": 1766029556542}, {"id": "2677420875", "price": 2827.67, "amount": 0.033, "side": "sell", "timestamp": 1766029556580}, {"id": "2677420876", "price": 2827.65, "amount": 0.009, "side": "sell", "timestamp": 1766029556580}, {"id": "2677420877", "price": 2827.64, "amount": 0.016, "side": "sell", "timestamp": 1766029556580}, {"id": "2677420878", "price": 2827.63, "amount": 0.018, "side": "sell", "timestamp": 1766029556580}, {"id": "2677420879", "price": 2827.62, "amount": 0.016, "side": "sell", "timestamp": 1766029556580}, {"id": "2677420880", "price": 2827.61, "amount": 0.017, "side": "sell", "timestamp": 1766029556581}, {"id": "2677420881", "price": 2827.6, "amount": 0.047, "side": "sell", "timestamp": 1766029556581}, {"id": "2677420882", "price": 2827.58, "amount": 0.522, "side": "sell", "timestamp": 1766029556617}, {"id": "2677420883", "price": 2827.57, "amount": 0.371, "side": "sell", "timestamp": 1766029556644}, {"id": "2677421246", "price": 2828.12, "amount": 0.008, "side": "buy", "timestamp": 1766029598513}, {"id": "2677421247", "price": 2828.12, "amount": 0.016, "side": "buy", "timestamp": 1766029598979}, {"id": "2677421248", "price": 2828.11, "amount": 0.008, "side": "sell", "timestamp": 1766029599167}, {"id": "2677421249", "price": 2828.12, "amount": 0.016, "side": "buy", "timestamp": 1766029599178}, {"id": "2677421250", "price": 2828.12, "amount": 0.2, "side": "buy", "timestamp": 1766029599661}, {"id": "2677421251", "price": 2828.12, "amount": 0.009, "side": "buy", "timestamp": 1766029599893}, {"id": "2677421252", "price": 2828.11, "amount": 0.128, "side": "sell", "timestamp": 1766029599962}, {"id": "2677421253", "price": 2828.12, "amount": 0.071, "side": "buy", "timestamp": 1766029600104}, {"id": "2677421254", "price": 2828.11, "amount": 1.246, "side": "sell", "timestamp": 1766029600167}, {"id": "2677421255", "price": 2828.11, "amount": 11.393, "side": "sell", "timestamp": 1766029600446}, {"id": "2677421256", "price": 2828.12, "amount": 0.006, "side": "buy", "timestamp": 1766029600453}, {"id": "2677421257", "price": 2828.11, "amount": 0.419, "side": "sell", "timestamp": 1766029600520}, {"id": "2677421258", "price": 2828.12, "amount": 0.008, "side": "buy", "timestamp": 1766029601214}, {"id": "2677421259", "price": 2828.12, "amount": 0.168, "side": "buy", "timestamp": 1766029601438}, {"id": "2677421260", "price": 2828.12, "amount": 0.057, "side": "buy", "timestamp": 1766029601566}, {"id": "2677421261", "price": 2828.11, "amount": 0.016, "side": "sell", "timestamp": 1766029602010}, {"id": "2677421262", "price": 2828.12, "amount": 0.071, "side": "buy", "timestamp": 1766029602131}, {"id": "2677421263", "price": 2828.11, "amount": 0.012, "side": "sell", "timestamp": 1766029602184}, {"id": "2677421264", "price": 2828.12, "amount": 5.304, "side": "buy", "timestamp": 1766029602425}, {"id": "2677421265", "price": 2828.12, "amount": 10.0, "side": "buy", "timestamp": 1766029602759}, {"id": "2677421266", "price": 2828.12, "amount": 0.008, "side": "buy", "timestamp": 1766029603061}, {"id": "2677421267", "price": 2828.12, "amount": 0.889, "side": "buy", "timestamp": 1766029603419}, {"id": "2677421268", "price": 2828.12, "amount": 0.079, "side": "buy", "timestamp": 1766029604152}, {"id": "2677421269", "price": 2828.11, "amount": 23.914, "side": "sell", "timestamp": 1766029604474}, {"id": "2677421270", "price": 2828.1, "amount": 0.027, "side": "sell", "timestamp": 1766029604546}, {"id": "2677421271", "price": 2828.09, "amount": 0.008, "side": "sell", "timestamp": 1766029604546}, {"id": "2677421272", "price": 2828.08, "amount": 0.017, "side": "sell", "timestamp": 1766029604546}, {"id": "2677421273", "price": 2828.07, "amount": 0.025, "side": "sell", "timestamp": 1766029604546}, {"id": "2677421274", "price": 2828.06, "amount": 0.009, "side": "sell", "timestamp": 1766029604546}, {"id": "2677421275", "price": 2828.05, "amount": 0.189, "side": "sell", "timestamp": 1766029604546}, {"id": "2677421276", "price": 2828.04, "amount": 0.048, "side": "sell", "timestamp": 1766029604546}, {"id": "2677421277", "price": 2828.03, "amount": 0.009, "side": "sell", "timestamp": 1766029604546}, {"id": "2677421278", "price": 2828.02, "amount": 0.023, "side": "sell", "timestamp": 1766029604546}, {"id": "2677421279", "price": 2828.01, "amount": 0.017, "side": "sell", "timestamp": 1766029604546}, {"id": "2677421280", "price": 2828.0, "amount": 4.149, "side": "sell", "timestamp": 1766029604546}, {"id": "2677421281", "price": 2828.01, "amount": 0.559, "side": "buy", "timestamp": 1766029604753}, {"id": "2677421282", "price": 2828.01, "amount": 2.486, "side": "buy", "timestamp": 1766029604908}, {"id": "2677421283", "price": 2828.0, "amount": 0.008, "side": "sell", "timestamp": 1766029605066}, {"id": "2677421284", "price": 2828.01, "amount": 0.008, "side": "buy", "timestamp": 1766029605105}, {"id": "2677421285", "price": 2828.01, "amount": 0.071, "side": "buy", "timestamp": 1766029606012}, {"id": "2677421286", "price": 2828.01, "amount": 0.076, "side": "buy", "timestamp": 1766029606950}, {"id": "2677421287", "price": 2828.01, "amount": 0.325, "side": "buy", "timestamp": 1766029607119}, {"id": "2677421288", "price": 2828.0, "amount": 0.004, "side": "sell", "timestamp": 1766029607662}, {"id": "2677421289", "price": 2828.01, "amount": 0.003, "side": "buy", "timestamp": 1766029607687}, {"id": "2677421290", "price": 2828.0, "amount": 0.53, "side": "sell", "timestamp": 1766029607825}, {"id": "2677421291", "price": 2828.01, "amount": 0.328, "side": "buy", "timestamp": 1766029607977}, {"id": "2677421292", "price": 2828.0, "amount": 0.02, "side": "sell", "timestamp": 1766029608077}, {"id": "2677421293", "price": 2828.01, "amount": 0.008, "side": "buy", "timestamp": 1766029608539}, {"id": "2677421294", "price": 2828.01, "amount": 5.22, "side": "buy", "timestamp": 1766029609033}, {"id": "2677421295", "price": 2828.01, "amount": 2.557, "side": "buy", "timestamp": 1766029609195}, {"id": "2677421737", "price": 2827.81, "amount": 0.973, "side": "sell", "timestamp": 1766029655925}, {"id": "2677421738", "price": 2827.8, "amount": 1.547, "side": "sell", "timestamp": 1766029655959}, {"id": "2677421739", "price": 2827.79, "amount": 0.027, "side": "sell", "timestamp": 1766029655959}, {"id": "2677421740", "price": 2827.78, "amount": 0.041, "side": "sell", "timestamp": 1766029655959}, {"id": "2677421741", "price": 2827.77, "amount": 0.009, "side": "sell", "timestamp": 1766029655959}, {"id": "2677421742", "price": 2827.76, "amount": 0.041, "side": "sell", "timestamp": 1766029655959}, {"id": "2677421743", "price": 2827.75, "amount": 0.017, "side": "sell", "timestamp": 1766029655959}, {"id": "2677421744", "price": 2827.74, "amount": 0.018, "side": "sell", "timestamp": 1766029655959}, {"id": "2677421745", "price": 2827.73, "amount": 0.025, "side": "sell", "timestamp": 1766029655959}, {"id": "2677421746", "price": 2827.72, "amount": 0.034, "side": "sell", "timestamp": 1766029655959}, {"id": "2677421747", "price": 2827.71, "amount": 0.017, "side": "sell", "timestamp": 1766029655959}, {"id": "2677421748", "price": 2827.7, "amount": 0.93, "side": "sell", "timestamp": 1766029655959}, {"id": "2677421749", "price": 2827.7, "amount": 0.02, "side": "sell", "timestamp": 1766029656115}, {"id": "2677421750", "price": 2827.71, "amount": 0.017, "side": "buy", "timestamp": 1766029656586}, {"id": "2677421751", "price": 2827.71, "amount": 0.079, "side": "buy", "timestamp": 1766029657127}, {"id": "2677421752", "price": 2827.71, "amount": 2.084, "side": "buy", "timestamp": 1766029657244}, {"id": "2677421753", "price": 2827.71, "amount": 0.075, "side": "buy", "timestamp": 1766029657641}, {"id": "2677421754", "price": 2827.71, "amount": 0.107, "side": "buy", "timestamp": 1766029658026}, {"id": "2677421755", "price": 2827.71, "amount": 9.082, "side": "buy", "timestamp": 1766029658305}, {"id": "2677421756", "price": 2827.7, "amount": 0.009, "side": "sell", "timestamp": 1766029658414}, {"id": "2677421757", "price": 2827.71, "amount": 0.001, "side": "buy", "timestamp": 1766029658496}, {"id": "2677421758", "price": 2827.7, "amount": 0.008, "side": "sell", "timestamp": 1766029659053}, {"id": "2677421759", "price": 2827.71, "amount": 0.079, "side": "buy", "timestamp": 1766029659153}, {"id": "2677421760", "price": 2827.71, "amount": 0.035, "side": "buy", "timestamp": 1766029659278}, {"id": "2677421761", "price": 2827.71, "amount": 0.018, "side": "buy", "timestamp": 1766029659740}, {"id": "2677421762", "price": 2827.71, "amount": 0.2, "side": "buy", "timestamp": 1766029660094}, {"id": "2677421763", "price": 2827.7, "amount": 0.1, "side": "sell", "timestamp": 1766029660638}, {"id": "2677421764", "price": 2827.71, "amount": 0.621, "side": "buy", "timestamp": 1766029660862}, {"id": "2677421765", "price": 2827.7, "amount": 0.353, "side": "sell", "timestamp": 1766029661016}, {"id": "2677421766", "price": 2827.71, "amount": 0.008, "side": "buy", "timestamp": 1766029661031}, {"id": "2677421767", "price": 2827.7, "amount": 2.069, "side": "sell", "timestamp": 1766029661091}, {"id": "2677421768", "price": 2827.69, "amount": 0.01, "side": "sell", "timestamp": 1766029661167}, {"id": "2677421769", "price": 2827.68, "amount": 0.027, "side": "sell", "timestamp": 1766029661167}, {"id": "2677421770", "price": 2827.67, "amount": 0.016, "side": "sell", "timestamp": 1766029661167}, {"id": "2677421771", "price": 2827.66, "amount": 0.009, "side": "sell", "timestamp": 1766029661167}, {"id": "2677421772", "price": 2827.65, "amount": 0.024, "side": "sell", "timestamp": 1766029661167}, {"id": "2677421773", "price": 2827.64, "amount": 0.051, "side": "sell", "timestamp": 1766029661167}, {"id": "2677421774", "price": 2827.63, "amount": 0.015, "side": "sell", "timestamp": 1766029661167}, {"id": "2677421775", "price": 2827.62, "amount": 0.073, "side": "sell", "timestamp": 1766029661167}, {"id": "2677421776", "price": 2827.61, "amount": 0.062, "side": "sell", "timestamp": 1766029661167}, {"id": "2677421777", "price": 2827.6, "amount": 0.037, "side": "sell", "timestamp": 1766029661167}, {"id": "2677421778", "price": 2827.59, "amount": 0.02, "side": "sell", "timestamp": 1766029661167}, {"id": "2677421779", "price": 2827.58, "amount": 0.057, "side": "sell", "timestamp": 1766029661167}, {"id": "2677421780", "price": 2827.57, "amount": 0.018, "side": "sell", "timestamp": 1766029661167}, {"id": "2677421781", "price": 2827.56, "amount": 0.024, "side": "sell", "timestamp": 1766029661167}, {"id": "2677421782", "price": 2827.56, "amount": 0.071, "side": "buy", "timestamp": 1766029661285}, {"id": "2677421783", "price": 2827.55, "amount": 6.392, "side": "sell", "timestamp": 1766029661790}, {"id": "2677421784", "price": 2827.55, "amount": 0.808, "side": "sell", "timestamp": 1766029662101}, {"id": "2677421785", "price": 2827.56, "amount": 0.055, "side": "buy", "timestamp": 1766029662140}, {"id": "2677421786", "price": 2827.55, "amount": 0.012, "side": "sell", "timestamp": 1766029662155}, {"id": "2677422182", "price": 2828.73, "amount": 0.026, "side": "sell", "timestamp": 1766029701602}, {"id": "2677422183", "price": 2828.72, "amount": 0.024, "side": "sell", "timestamp": 1766029701602}, {"id": "2677422184", "price": 2828.7, "amount": 0.523, "side": "sell", "timestamp": 1766029701606}, {"id": "2677422185", "price": 2828.71, "amount": 0.563, "side": "buy", "timestamp": 1766029701658}, {"id": "2677422186", "price": 2828.7, "amount": 0.009, "side": "sell", "timestamp": 1766029702252}, {"id": "2677422187", "price": 2828.71, "amount": 4.357, "side": "buy", "timestamp": 1766029702488}, {"id": "2677422188", "price": 2828.71, "amount": 0.039, "side": "buy", "timestamp": 1766029703255}, {"id": "2677422189", "price": 2828.71, "amount": 0.53, "side": "buy", "timestamp": 1766029703665}, {"id": "2677422190", "price": 2828.7, "amount": 0.01, "side": "sell", "timestamp": 1766029703964}, {"id": "2677422191", "price": 2828.7, "amount": 0.02, "side": "sell", "timestamp": 1766029704066}, {"id": "2677422192", "price": 2828.7, "amount": 1.587, "side": "sell", "timestamp": 1766029704260}, {"id": "2677422193", "price": 2828.71, "amount": 0.006, "side": "buy", "timestamp": 1766029704370}, {"id": "2677422194", "price": 2828.71, "amount": 7.224, "side": "buy", "timestamp": 1766029704586}, {"id": "2677422195", "price": 2828.72, "amount": 0.017, "side": "buy", "timestamp": 1766029704597}, {"id": "2677422196", "price": 2828.75, "amount": 0.018, "side": "buy", "timestamp": 1766029704597}, {"id": "2677422197", "price": 2828.76, "amount": 0.015, "side": "buy", "timestamp": 1766029704597}, {"id": "2677422198", "price": 2828.78, "amount": 0.375, "side": "buy", "timestamp": 1766029704601}, {"id": "2677422199", "price": 2828.79, "amount": 0.008, "side": "buy", "timestamp": 1766029704605}, {"id": "2677422200", "price": 2828.8, "amount": 0.295, "side": "buy", "timestamp": 1766029704605}, {"id": "2677422201", "price": 2828.81, "amount": 0.562, "side": "buy", "timestamp": 1766029704608}, {"id": "2677422202", "price": 2828.81, "amount": 0.002, "side": "buy", "timestamp": 1766029704895}, {"id": "2677422203", "price": 2828.81, "amount": 4.492, "side": "buy", "timestamp": 1766029705483}, {"id": "2677422204", "price": 2828.81, "amount": 2.0, "side": "buy", "timestamp": 1766029706592}, {"id": "2677422205", "price": 2828.82, "amount": 0.066, "side": "buy", "timestamp": 1766029706688}, {"id": "2677422206", "price": 2828.84, "amount": 0.026, "side": "buy", "timestamp": 1766029706688}, {"id": "2677422207", "price": 2828.86, "amount": 0.009, "side": "buy", "timestamp": 1766029706688}, {"id": "2677422208", "price": 2828.87, "amount": 0.018, "side": "buy", "timestamp": 1766029706688}, {"id": "2677422209", "price": 2828.88, "amount": 0.008, "side": "buy", "timestamp": 1766029706688}, {"id": "2677422210", "price": 2828.89, "amount": 0.363, "side": "buy", "timestamp": 1766029706691}, {"id": "2677422211", "price": 2828.88, "amount": 0.008, "side": "sell", "timestamp": 1766029707129}, {"id": "2677422212", "price": 2828.89, "amount": 0.003, "side": "buy", "timestamp": 1766029707264}, {"id": "2677422213", "price": 2828.89, "amount": 0.009, "side": "buy", "timestamp": 1766029707454}, {"id": "2677422214", "price": 2828.88, "amount": 0.203, "side": "sell", "timestamp": 1766029708613}, {"id": "2677422215", "price": 2828.89, "amount": 6.66, "side": "buy", "timestamp": 1766029708803}, {"id": "2677422216", "price": 2828.88, "amount": 24.738, "side": "sell", "timestamp": 1766029709077}, {"id": "2677422217", "price": 2828.89, "amount": 0.041, "side": "buy", "timestamp": 1766029709416}, {"id": "2677422218", "price": 2828.88, "amount": 0.02, "side": "sell", "timestamp": 1766029710009}, {"id": "2677422219", "price": 2828.89, "amount": 0.004, "side": "buy", "timestamp": 1766029710224}, {"id": "2677422220", "price": 2828.89, "amount": 1.246, "side": "buy", "timestamp": 1766029710546}, {"id": "2677422221", "price": 2828.88, "amount": 0.026, "side": "sell", "timestamp": 1766029710796}, {"id": "2677422222", "price": 2828.89, "amount": 0.106, "side": "buy", "timestamp": 1766029711028}, {"id": "2677422223", "price": 2828.88, "amount": 0.01, "side": "sell", "timestamp": 1766029711546}, {"id": "2677422224", "price": 2828.89, "amount": 0.166, "side": "buy", "timestamp": 1766029712406}, {"id": "2677422225", "price": 2828.88, "amount": 0.015, "side": "sell", "timestamp": 1766029712624}, {"id": "2677422226", "price": 2828.88, "amount": 0.125, "side": "sell", "timestamp": 1766029712863}, {"id": "2677422227", "price": 2828.89, "amount": 0.228, "side": "buy", "timestamp": 1766029712924}, {"id": "2677422228", "price": 2828.89, "amount": 0.025, "side": "buy", "timestamp": 1766029713073}, {"id": "2677422229", "price": 2828.88, "amount": 0.008, "side": "sell", "timestamp": 1766029713118}, {"id": "2677422230", "price": 2828.89, "amount": 0.036, "side": "buy", "timestamp": 1766029713285}, {"id": "2677422231", "price": 2828.89, "amount": 1.618, "side": "buy", "timestamp": 1766029714235}, {"id": "2677422486", "price": 2828.05, "amount": 0.871, "side": "buy", "timestamp": 1766029752242}, {"id": "2677422487", "price": 2828.04, "amount": 2.682, "side": "sell", "timestamp": 1766029752262}, {"id": "2677422488", "price": 2828.05, "amount": 1.067, "side": "buy", "timestamp": 1766029752524}, {"id": "2677422489", "price": 2828.05, "amount": 0.01, "side": "buy", "timestamp": 1766029752727}, {"id": "2677422490", "price": 2828.05, "amount": 0.071, "side": "buy", "timestamp": 1766029753214}, {"id": "2677422491", "price": 2828.05, "amount": 0.775, "side": "buy", "timestamp": 1766029753796}, {"id": "2677422492", "price": 2828.05, "amount": 0.008, "side": "buy", "timestamp": 1766029754062}, {"id": "2677422493", "price": 2828.04, "amount": 0.5, "side": "sell", "timestamp": 1766029754110}, {"id": "2677422494", "price": 2828.05, "amount": 0.001, "side": "buy", "timestamp": 1766029754751}, {"id": "2677422495", "price": 2828.05, "amount": 0.071, "side": "buy", "timestamp": 1766029755050}, {"id": "2677422496", "price": 2828.04, "amount": 0.008, "side": "sell", "timestamp": 1766029755112}, {"id": "2677422497", "price": 2828.04, "amount": 0.015, "side": "sell", "timestamp": 1766029755978}, {"id": "2677422498", "price": 2828.05, "amount": 0.014, "side": "buy", "timestamp": 1766029755986}, {"id": "2677422499", "price": 2828.05, "amount": 6.0, "side": "buy", "timestamp": 1766029756750}, {"id": "2677422500", "price": 2828.05, "amount": 0.071, "side": "buy", "timestamp": 1766029757079}, {"id": "2677422501", "price": 2828.04, "amount": 0.374, "side": "sell", "timestamp": 1766029757135}, {"id": "2677422502", "price": 2828.05, "amount": 0.011, "side": "buy", "timestamp": 1766029757526}, {"id": "2677422503", "price": 2828.04, "amount": 0.008, "side": "sell", "timestamp": 1766029758142}, {"id": "2677422504", "price": 2828.05, "amount": 0.008, "side": "buy", "timestamp": 1766029758157}, {"id": "2677422505", "price": 2828.04, "amount": 0.012, "side": "sell", "timestamp": 1766029758190}, {"id": "2677422506", "price": 2828.05, "amount": 0.02, "side": "buy", "timestamp": 1766029758505}, {"id": "2677422507", "price": 2828.05, "amount": 0.008, "side": "buy", "timestamp": 1766029758831}, {"id": "2677422508", "price": 2828.05, "amount": 0.071, "side": "buy", "timestamp": 1766029759088}, {"id": "2677422509", "price": 2828.05, "amount": 0.01, "side": "buy", "timestamp": 1766029759436}, {"id": "2677422510", "price": 2828.04, "amount": 0.8, "side": "sell", "timestamp": 1766029759494}, {"id": "2677422511", "price": 2828.05, "amount": 0.017, "side": "buy", "timestamp": 1766029759767}, {"id": "2677422512", "price": 2828.05, "amount": 0.155, "side": "buy", "timestamp": 1766029759931}, {"id": "2677422513", "price": 2828.05, "amount": 0.008, "side": "buy", "timestamp": 1766029760173}, {"id": "2677422514", "price": 2828.05, "amount": 0.05, "side": "buy", "timestamp": 1766029760492}, {"id": "2677422515", "price": 2828.05, "amount": 1.83, "side": "buy", "timestamp": 1766029760799}, {"id": "2677422516", "price": 2828.05, "amount": 0.175, "side": "buy", "timestamp": 1766029761117}, {"id": "2677422517", "price": 2828.04, "amount": 0.008, "side": "sell", "timestamp": 1766029761169}, {"id": "2677422518", "price": 2828.05, "amount": 0.008, "side": "buy", "timestamp": 1766029762191}, {"id": "2677422519", "price": 2828.04, "amount": 0.008, "side": "sell", "timestamp": 1766029762638}, {"id": "2677422520", "price": 2828.05, "amount": 0.249, "side": "buy", "timestamp": 1766029762644}, {"id": "2677422521", "price": 2828.05, "amount": 0.003, "side": "buy", "timestamp": 1766029763017}, {"id": "2677422522", "price": 2828.05, "amount": 0.071, "side": "buy", "timestamp": 1766029763126}, {"id": "2677422523", "price": 2828.04, "amount": 0.012, "side": "sell", "timestamp": 1766029764011}, {"id": "2677422524", "price": 2828.05, "amount": 0.008, "side": "buy", "timestamp": 1766029764021}, {"id": "2677422525", "price": 2828.04, "amount": 0.008, "side": "sell", "timestamp": 1766029764193}, {"id": "2677422526", "price": 2828.05, "amount": 1.599, "side": "buy", "timestamp": 1766029764526}, {"id": "2677422527", "price": 2828.05, "amount": 0.835, "side": "buy", "timestamp": 1766029764943}, {"id": "2677422528", "price": 2828.04, "amount": 2.0, "side": "sell", "timestamp": 1766029765097}, {"id": "2677422529", "price": 2828.05, "amount": 0.071, "side": "buy", "timestamp": 1766029765136}, {"id": "2677422530", "price": 2828.05, "amount": 0.728, "side": "buy", "timestamp": 1766029765340}, {"id": "2677422531", "price": 2828.05, "amount": 0.07, "side": "buy", "timestamp": 1766029765734}, {"id": "2677422532", "price": 2828.05, "amount": 0.01, "side": "buy", "timestamp": 1766029765935}, {"id": "2677422533", "price": 2828.04, "amount": 0.02, "side": "sell", "timestamp": 1766029765995}, {"id": "2677422534", "price": 2828.05, "amount": 0.008, "side": "buy", "timestamp": 1766029766086}, {"id": "2677422535", "price": 2828.04, "amount": 0.02, "side": "sell", "timestamp": 1766029766313}, {"id": "2677422985", "price": 2827.92, "amount": 0.01, "side": "buy", "timestamp": 1766029811570}, {"id": "2677422986", "price": 2827.91, "amount": 0.008, "side": "sell", "timestamp": 1766029811757}, {"id": "2677422987", "price": 2827.92, "amount": 0.324, "side": "buy", "timestamp": 1766029811803}, {"id": "2677422988", "price": 2827.93, "amount": 1.276, "side": "buy", "timestamp": 1766029811806}, {"id": "2677422989", "price": 2827.93, "amount": 0.071, "side": "sell", "timestamp": 1766029811930}, {"id": "2677422990", "price": 2827.94, "amount": 0.008, "side": "buy", "timestamp": 1766029812133}, {"id": "2677422991", "price": 2827.94, "amount": 0.836, "side": "buy", "timestamp": 1766029812299}, {"id": "2677422992", "price": 2827.93, "amount": 0.01, "side": "sell", "timestamp": 1766029812438}, {"id": "2677422993", "price": 2827.93, "amount": 0.575, "side": "sell", "timestamp": 1766029812764}, {"id": "2677422994", "price": 2827.94, "amount": 2.762, "side": "buy", "timestamp": 1766029812968}, {"id": "2677422995", "price": 2827.94, "amount": 0.071, "side": "buy", "timestamp": 1766029813228}, {"id": "2677422996", "price": 2827.94, "amount": 1.261, "side": "buy", "timestamp": 1766029813427}, {"id": "2677422997", "price": 2827.94, "amount": 0.266, "side": "buy", "timestamp": 1766029813939}, {"id": "2677422998", "price": 2827.95, "amount": 0.156, "side": "buy", "timestamp": 1766029813939}, {"id": "2677422999", "price": 2827.94, "amount": 3.058, "side": "sell", "timestamp": 1766029814005}, {"id": "2677423000", "price": 2827.94, "amount": 0.269, "side": "sell", "timestamp": 1766029814169}, {"id": "2677423001", "price": 2827.95, "amount": 0.008, "side": "buy", "timestamp": 1766029814215}, {"id": "2677423002", "price": 2827.95, "amount": 0.884, "side": "buy", "timestamp": 1766029814555}, {"id": "2677423003", "price": 2827.95, "amount": 0.589, "side": "buy", "timestamp": 1766029814669}, {"id": "2677423004", "price": 2827.96, "amount": 0.008, "side": "buy", "timestamp": 1766029814669}, {"id": "2677423005", "price": 2827.97, "amount": 0.009, "side": "buy", "timestamp": 1766029814669}, {"id": "2677423006", "price": 2827.98, "amount": 0.026, "side": "buy", "timestamp": 1766029814669}, {"id": "2677423007", "price": 2827.99, "amount": 0.018, "side": "buy", "timestamp": 1766029814669}, {"id": "2677423008", "price": 2828.0, "amount": 0.856, "side": "buy", "timestamp": 1766029814679}, {"id": "2677423009", "price": 2828.01, "amount": 0.071, "side": "buy", "timestamp": 1766029814689}, {"id": "2677423010", "price": 2828.02, "amount": 0.023, "side": "buy", "timestamp": 1766029814748}, {"id": "2677423011", "price": 2828.03, "amount": 0.082, "side": "buy", "timestamp": 1766029814751}, {"id": "2677423012", "price": 2828.04, "amount": 5.296, "side": "buy", "timestamp": 1766029814833}, {"id": "2677423013", "price": 2828.03, "amount": 0.035, "side": "sell", "timestamp": 1766029814855}, {"id": "2677423014", "price": 2828.04, "amount": 0.268, "side": "buy", "timestamp": 1766029814860}, {"id": "2677423015", "price": 2828.05, "amount": 0.019, "side": "buy", "timestamp": 1766029814860}, {"id": "2677423016", "price": 2828.06, "amount": 0.444, "side": "buy", "timestamp": 1766029814863}, {"id": "2677423017", "price": 2828.07, "amount": 0.329, "side": "buy", "timestamp": 1766029814956}, {"id": "2677423018", "price": 2828.08, "amount": 0.008, "side": "buy", "timestamp": 1766029814959}, {"id": "2677423019", "price": 2828.1, "amount": 0.069, "side": "buy", "timestamp": 1766029814959}, {"id": "2677423020", "price": 2828.12, "amount": 0.071, "side": "buy", "timestamp": 1766029815122}, {"id": "2677423021", "price": 2828.12, "amount": 0.03, "side": "buy", "timestamp": 1766029815360}, {"id": "2677423022", "price": 2828.12, "amount": 0.122, "side": "buy", "timestamp": 1766029815860}, {"id": "2677423023", "price": 2828.12, "amount": 0.025, "side": "buy", "timestamp": 1766029815984}, {"id": "2677423024", "price": 2828.11, "amount": 0.248, "side": "sell", "timestamp": 1766029816303}, {"id": "2677423025", "price": 2828.12, "amount": 0.311, "side": "buy", "timestamp": 1766029816917}, {"id": "2677423026", "price": 2828.11, "amount": 0.008, "side": "sell", "timestamp": 1766029817124}, {"id": "2677423027", "price": 2828.12, "amount": 0.243, "side": "buy", "timestamp": 1766029817159}, {"id": "2677423028", "price": 2828.12, "amount": 0.668, "side": "buy", "timestamp": 1766029817370}, {"id": "2677423029", "price": 2828.11, "amount": 0.01, "side": "sell", "timestamp": 1766029817943}, {"id": "2677423030", "price": 2828.12, "amount": 0.008, "side": "buy", "timestamp": 1766029818084}, {"id": "2677423031", "price": 2828.12, "amount": 0.008, "side": "buy", "timestamp": 1766029818217}, {"id": "2677423032", "price": 2828.12, "amount": 0.094, "side": "buy", "timestamp": 1766029818917}, {"id": "2677423033", "price": 2828.11, "amount": 0.012, "side": "sell", "timestamp": 1766029819140}, {"id": "2677423034", "price": 2828.12, "amount": 0.071, "side": "buy", "timestamp": 1766029819169}, {"id": "2677423654", "price": 2829.97, "amount": 0.032, "side": "sell", "timestamp": 1766029870283}, {"id": "2677423655", "price": 2829.96, "amount": 0.547, "side": "sell", "timestamp": 1766029870304}, {"id": "2677423656", "price": 2829.97, "amount": 1.919, "side": "buy", "timestamp": 1766029870335}, {"id": "2677423657", "price": 2829.96, "amount": 0.35, "side": "sell", "timestamp": 1766029870726}, {"id": "2677423658", "price": 2829.95, "amount": 0.021, "side": "sell", "timestamp": 1766029870727}, {"id": "2677423659", "price": 2829.94, "amount": 0.009, "side": "sell", "timestamp": 1766029870727}, {"id": "2677423660", "price": 2829.93, "amount": 0.017, "side": "sell", "timestamp": 1766029870727}, {"id": "2677423661", "price": 2829.92, "amount": 0.009, "side": "sell", "timestamp": 1766029870727}, {"id": "2677423662", "price": 2829.91, "amount": 0.05, "side": "sell", "timestamp": 1766029870727}, {"id": "2677423663", "price": 2829.9, "amount": 0.234, "side": "sell", "timestamp": 1766029870727}, {"id": "2677423664", "price": 2829.89, "amount": 0.023, "side": "sell", "timestamp": 1766029870727}, {"id": "2677423665", "price": 2829.88, "amount": 0.849, "side": "sell", "timestamp": 1766029870727}, {"id": "2677423666", "price": 2829.87, "amount": 0.323, "side": "sell", "timestamp": 1766029870727}, {"id": "2677423667", "price": 2829.85, "amount": 0.143, "side": "sell", "timestamp": 1766029870744}, {"id": "2677423668", "price": 2829.84, "amount": 0.406, "side": "sell", "timestamp": 1766029870807}, {"id": "2677423669", "price": 2829.83, "amount": 0.009, "side": "sell", "timestamp": 1766029870807}, {"id": "2677423670", "price": 2829.82, "amount": 0.041, "side": "sell", "timestamp": 1766029870807}, {"id": "2677423671", "price": 2829.81, "amount": 0.009, "side": "sell", "timestamp": 1766029870807}, {"id": "2677423672", "price": 2829.8, "amount": 0.009, "side": "sell", "timestamp": 1766029870807}, {"id": "2677423673", "price": 2829.79, "amount": 0.032, "side": "sell", "timestamp": 1766029870807}, {"id": "2677423674", "price": 2829.78, "amount": 0.361, "side": "sell", "timestamp": 1766029870824}, {"id": "2677423675", "price": 2829.77, "amount": 0.017, "side": "sell", "timestamp": 1766029870824}, {"id": "2677423676", "price": 2829.76, "amount": 0.027, "side": "sell", "timestamp": 1766029870824}, {"id": "2677423677", "price": 2829.75, "amount": 0.746, "side": "sell", "timestamp": 1766029870879}, {"id": "2677423678", "price": 2829.74, "amount": 0.01, "side": "sell", "timestamp": 1766029870879}, {"id": "2677423679", "price": 2829.72, "amount": 0.018, "side": "sell", "timestamp": 1766029870879}, {"id": "2677423680", "price": 2829.71, "amount": 0.015, "side": "sell", "timestamp": 1766029870897}, {"id": "2677423681", "price": 2829.69, "amount": 0.05, "side": "sell", "timestamp": 1766029870897}, {"id": "2677423682", "price": 2829.68, "amount": 0.033, "side": "sell", "timestamp": 1766029870897}, {"id": "2677423683", "price": 2829.67, "amount": 0.017, "side": "sell", "timestamp": 1766029870897}, {"id": "2677423684", "price": 2829.66, "amount": 0.217, "side": "sell", "timestamp": 1766029870897}, {"id": "2677423685", "price": 2829.65, "amount": 0.025, "side": "sell", "timestamp": 1766029870897}, {"id": "2677423686", "price": 2829.64, "amount": 0.017, "side": "sell", "timestamp": 1766029870897}, {"id": "2677423687", "price": 2829.63, "amount": 0.02, "side": "sell", "timestamp": 1766029870900}, {"id": "2677423688", "price": 2829.62, "amount": 0.017, "side": "sell", "timestamp": 1766029870900}, {"id": "2677423689", "price": 2829.61, "amount": 0.009, "side": "sell", "timestamp": 1766029870900}, {"id": "2677423690", "price": 2829.6, "amount": 0.033, "side": "sell", "timestamp": 1766029870919}, {"id": "2677423691", "price": 2829.59, "amount": 0.018, "side": "sell", "timestamp": 1766029870919}, {"id": "2677423692", "price": 2829.57, "amount": 0.026, "side": "sell", "timestamp": 1766029870919}, {"id": "2677423693", "price": 2829.56, "amount": 0.009, "side": "sell", "timestamp": 1766029870919}, {"id": "2677423694", "price": 2829.55, "amount": 0.017, "side": "sell", "timestamp": 1766029870919}, {"id": "2677423695", "price": 2829.54, "amount": 0.033, "side": "sell", "timestamp": 1766029870919}, {"id": "2677423696", "price": 2829.53, "amount": 0.028, "side": "sell", "timestamp": 1766029870919}, {"id": "2677423697", "price": 2829.52, "amount": 0.109, "side": "sell", "timestamp": 1766029870919}, {"id": "2677423698", "price": 2829.51, "amount": 0.057, "side": "sell", "timestamp": 1766029870919}, {"id": "2677423699", "price": 2829.5, "amount": 0.009, "side": "sell", "timestamp": 1766029870919}, {"id": "2677423700", "price": 2829.49, "amount": 11.568, "side": "sell", "timestamp": 1766029870940}, {"id": "2677423701", "price": 2829.48, "amount": 0.396, "side": "sell", "timestamp": 1766029870959}, {"id": "2677423702", "price": 2829.49, "amount": 0.461, "side": "buy", "timestamp": 1766029871202}, {"id": "2677423703", "price": 2829.48, "amount": 0.01, "side": "sell", "timestamp": 1766029871292}, {"id": "2677424197", "price": 2830.81, "amount": 0.081, "side": "buy", "timestamp": 1766029919189}, {"id": "2677424198", "price": 2830.81, "amount": 0.9, "side": "buy", "timestamp": 1766029920179}, {"id": "2677424199", "price": 2830.81, "amount": 2.0, "side": "buy", "timestamp": 1766029920655}, {"id": "2677424200", "price": 2830.81, "amount": 70.61, "side": "buy", "timestamp": 1766029920864}, {"id": "2677424201", "price": 2830.8, "amount": 0.235, "side": "sell", "timestamp": 1766029920867}, {"id": "2677424202", "price": 2830.81, "amount": 0.179, "side": "buy", "timestamp": 1766029920949}, {"id": "2677424203", "price": 2830.8, "amount": 10.334, "side": "sell", "timestamp": 1766029920951}, {"id": "2677424204", "price": 2830.81, "amount": 1.881, "side": "buy", "timestamp": 1766029921064}, {"id": "2677424205", "price": 2830.8, "amount": 2.014, "side": "sell", "timestamp": 1766029921126}, {"id": "2677424206", "price": 2830.79, "amount": 0.133, "side": "sell", "timestamp": 1766029921126}, {"id": "2677424207", "price": 2830.77, "amount": 0.026, "side": "sell", "timestamp": 1766029921126}, {"id": "2677424208", "price": 2830.75, "amount": 0.024, "side": "sell", "timestamp": 1766029921126}, {"id": "2677424209", "price": 2830.74, "amount": 0.217, "side": "sell", "timestamp": 1766029921129}, {"id": "2677424210", "price": 2830.73, "amount": 0.023, "side": "sell", "timestamp": 1766029921129}, {"id": "2677424211", "price": 2830.72, "amount": 0.008, "side": "sell", "timestamp": 1766029921129}, {"id": "2677424212", "price": 2830.71, "amount": 0.018, "side": "sell", "timestamp": 1766029921129}, {"id": "2677424213", "price": 2830.7, "amount": 0.017, "side": "sell", "timestamp": 1766029921129}, {"id": "2677424214", "price": 2830.69, "amount": 0.028, "side": "sell", "timestamp": 1766029921129}, {"id": "2677424215", "price": 2830.68, "amount": 0.057, "side": "sell", "timestamp": 1766029921141}, {"id": "2677424216", "price": 2830.67, "amount": 0.018, "side": "sell", "timestamp": 1766029921141}, {"id": "2677424217", "price": 2830.66, "amount": 0.025, "side": "sell", "timestamp": 1766029921141}, {"id": "2677424218", "price": 2830.65, "amount": 0.009, "side": "sell", "timestamp": 1766029921141}, {"id": "2677424219", "price": 2830.64, "amount": 0.025, "side": "sell", "timestamp": 1766029921141}, {"id": "2677424220", "price": 2830.63, "amount": 0.008, "side": "sell", "timestamp": 1766029921141}, {"id": "2677424221", "price": 2830.62, "amount": 0.024, "side": "sell", "timestamp": 1766029921141}, {"id": "2677424222", "price": 2830.61, "amount": 0.025, "side": "sell", "timestamp": 1766029921141}, {"id": "2677424223", "price": 2830.6, "amount": 0.504, "side": "sell", "timestamp": 1766029921145}, {"id": "2677424224", "price": 2830.61, "amount": 0.008, "side": "buy", "timestamp": 1766029921155}, {"id": "2677424225", "price": 2830.6, "amount": 0.012, "side": "sell", "timestamp": 1766029921175}, {"id": "2677424226", "price": 2830.61, "amount": 9.018, "side": "buy", "timestamp": 1766029921358}, {"id": "2677424227", "price": 2830.61, "amount": 0.071, "side": "buy", "timestamp": 1766029921583}, {"id": "2677424228", "price": 2830.61, "amount": 0.022, "side": "buy", "timestamp": 1766029921921}, {"id": "2677424229", "price": 2830.6, "amount": 0.008, "side": "sell", "timestamp": 1766029922032}, {"id": "2677424230", "price": 2830.6, "amount": 0.07, "side": "sell", "timestamp": 1766029922345}, {"id": "2677424231", "price": 2830.61, "amount": 0.014, "side": "buy", "timestamp": 1766029922440}, {"id": "2677424232", "price": 2830.6, "amount": 0.105, "side": "sell", "timestamp": 1766029922999}, {"id": "2677424233", "price": 2830.61, "amount": 0.247, "side": "buy", "timestamp": 1766029923076}, {"id": "2677424234", "price": 2830.61, "amount": 1.266, "side": "buy", "timestamp": 1766029923184}, {"id": "2677424235", "price": 2830.62, "amount": 0.038, "side": "buy", "timestamp": 1766029923267}, {"id": "2677424236", "price": 2830.63, "amount": 0.008, "side": "buy", "timestamp": 1766029923267}, {"id": "2677424237", "price": 2830.65, "amount": 0.009, "side": "buy", "timestamp": 1766029923267}, {"id": "2677424238", "price": 2830.66, "amount": 0.091, "side": "buy", "timestamp": 1766029923267}, {"id": "2677424239", "price": 2830.68, "amount": 0.024, "side": "buy", "timestamp": 1766029923267}, {"id": "2677424240", "price": 2830.69, "amount": 0.106, "side": "buy", "timestamp": 1766029923267}, {"id": "2677424241", "price": 2830.71, "amount": 0.009, "side": "buy", "timestamp": 1766029923267}, {"id": "2677424242", "price": 2830.72, "amount": 0.009, "side": "buy", "timestamp": 1766029923267}, {"id": "2677424243", "price": 2830.73, "amount": 0.017, "side": "buy", "timestamp": 1766029923267}, {"id": "2677424244", "price": 2830.73, "amount": 0.016, "side": "sell", "timestamp": 1766029923280}, {"id": "2677424245", "price": 2830.74, "amount": 0.008, "side": "buy", "timestamp": 1766029923448}, {"id": "2677424246", "price": 2830.74, "amount": 0.022, "side": "buy", "timestamp": 1766029923559}, {"id": "2677424549", "price": 2829.57, "amount": 3.545, "side": "sell", "timestamp": 1766029965301}, {"id": "2677424550", "price": 2829.77, "amount": 0.009, "side": "sell", "timestamp": 1766029965305}, {"id": "2677424551", "price": 2829.76, "amount": 0.008, "side": "sell", "timestamp": 1766029965308}, {"id": "2677424552", "price": 2829.74, "amount": 0.009, "side": "sell", "timestamp": 1766029965308}, {"id": "2677424553", "price": 2829.71, "amount": 0.069, "side": "sell", "timestamp": 1766029965314}, {"id": "2677424554", "price": 2829.71, "amount": 0.027, "side": "sell", "timestamp": 1766029965774}, {"id": "2677424555", "price": 2829.72, "amount": 0.035, "side": "buy", "timestamp": 1766029965830}, {"id": "2677424556", "price": 2829.72, "amount": 0.125, "side": "buy", "timestamp": 1766029965975}, {"id": "2677424557", "price": 2829.72, "amount": 0.008, "side": "buy", "timestamp": 1766029966106}, {"id": "2677424558", "price": 2829.71, "amount": 1.041, "side": "sell", "timestamp": 1766029966125}, {"id": "2677424559", "price": 2829.72, "amount": 1.0, "side": "buy", "timestamp": 1766029966129}, {"id": "2677424560", "price": 2829.71, "amount": 0.248, "side": "sell", "timestamp": 1766029966566}, {"id": "2677424561", "price": 2829.71, "amount": 4.228, "side": "sell", "timestamp": 1766029966839}, {"id": "2677424562", "price": 2829.71, "amount": 1.045, "side": "sell", "timestamp": 1766029967089}, {"id": "2677424563", "price": 2829.72, "amount": 0.012, "side": "buy", "timestamp": 1766029967242}, {"id": "2677424564", "price": 2829.71, "amount": 0.004, "side": "sell", "timestamp": 1766029967669}, {"id": "2677424565", "price": 2829.71, "amount": 1.032, "side": "sell", "timestamp": 1766029968078}, {"id": "2677424566", "price": 2829.72, "amount": 0.071, "side": "buy", "timestamp": 1766029968110}, {"id": "2677424567", "price": 2829.71, "amount": 0.598, "side": "sell", "timestamp": 1766029968120}, {"id": "2677424568", "price": 2829.72, "amount": 0.008, "side": "buy", "timestamp": 1766029968172}, {"id": "2677424569", "price": 2829.71, "amount": 1.435, "side": "sell", "timestamp": 1766029968584}, {"id": "2677424570", "price": 2829.71, "amount": 0.02, "side": "sell", "timestamp": 1766029969017}, {"id": "2677424571", "price": 2829.71, "amount": 1.037, "side": "sell", "timestamp": 1766029969152}, {"id": "2677424572", "price": 2829.71, "amount": 1.223, "side": "sell", "timestamp": 1766029969503}, {"id": "2677424573", "price": 2829.71, "amount": 0.218, "side": "sell", "timestamp": 1766029969937}, {"id": "2677424574", "price": 2829.71, "amount": 0.008, "side": "sell", "timestamp": 1766029970128}, {"id": "2677424575", "price": 2829.72, "amount": 0.071, "side": "buy", "timestamp": 1766029970129}, {"id": "2677424576", "price": 2829.71, "amount": 1.021, "side": "sell", "timestamp": 1766029970142}, {"id": "2677424577", "price": 2829.72, "amount": 0.008, "side": "buy", "timestamp": 1766029970203}, {"id": "2677424578", "price": 2829.72, "amount": 0.016, "side": "buy", "timestamp": 1766029970585}, {"id": "2677424579", "price": 2829.71, "amount": 0.07, "side": "sell", "timestamp": 1766029970943}, {"id": "2677424580", "price": 2829.71, "amount": 1.029, "side": "sell", "timestamp": 1766029971253}, {"id": "2677424581", "price": 2829.71, "amount": 0.122, "side": "sell", "timestamp": 1766029971449}, {"id": "2677424582", "price": 2829.72, "amount": 0.59, "side": "buy", "timestamp": 1766029971617}, {"id": "2677424583", "price": 2829.72, "amount": 1.037, "side": "buy", "timestamp": 1766029971910}, {"id": "2677424584", "price": 2829.71, "amount": 0.009, "side": "sell", "timestamp": 1766029971915}, {"id": "2677424585", "price": 2829.72, "amount": 0.008, "side": "buy", "timestamp": 1766029972030}, {"id": "2677424586", "price": 2829.72, "amount": 0.247, "side": "buy", "timestamp": 1766029972154}, {"id": "2677424587", "price": 2829.71, "amount": 2.06, "side": "sell", "timestamp": 1766029972257}, {"id": "2677424588", "price": 2829.71, "amount": 0.008, "side": "sell", "timestamp": 1766029973164}, {"id": "2677424589", "price": 2829.71, "amount": 1.455, "side": "sell", "timestamp": 1766029973351}, {"id": "2677424590", "price": 2829.72, "amount": 0.098, "side": "buy", "timestamp": 1766029974050}, {"id": "2677424591", "price": 2829.71, "amount": 0.142, "side": "sell", "timestamp": 1766029974053}, {"id": "2677424592", "price": 2829.72, "amount": 0.008, "side": "buy", "timestamp": 1766029974063}, {"id": "2677424593", "price": 2829.72, "amount": 0.071, "side": "buy", "timestamp": 1766029974166}, {"id": "2677424594", "price": 2829.71, "amount": 1.0, "side": "sell", "timestamp": 1766029974353}, {"id": "2677424595", "price": 2829.72, "amount": 0.007, "side": "buy", "timestamp": 1766029974751}