[{"symbol": "BNBUSDT", "bids": [[866.51, 8.26], [866.5, 0.02], [866.49, 0.61], [866.48, 6.04], [866.47, 1.94], [866.46, 1.85], [866.45, 10.59], [866.44, 2.64], [866.43, 0.39], [866.42, 1.26], [866.41, 12.99], [866.4, 3.65], [866.39, 21.45], [866.38, 23.54], [866.37, 36.35], [866.36, 11.59], [866.35, 8.27], [866.34, 16.16], [866.33, 5.7], [866.32, 13.59]], "asks": [[866.52, 67.56], [866.53, 10.51], [866.54, 9.17], [866.55, 6.2], [866.56, 3.29], [866.57, 7.81], [866.58, 13.21], [866.59, 22.46], [866.6, 20.03], [866.61, 17.99], [866.62, 6.07], [866.63, 0.01], [866.64, 7.78], [866.65, 1.68], [866.66, 11.52], [866.67, 2.01], [866.68, 11.44], [866.69, 0.2], [866.7, 16.06], [866.71, 0.04]], "timestamp": "2025-12-11T10:54:04.223975+00:00"}, {"symbol": "BNBUSDT", "bids": [[866.33, 76.77], [866.32, 3.11], [866.31, 0.59], [866.3, 4.13], [866.29, 2.21], [866.28, 3.97], [866.27, 10.77], [866.26, 2.3], [866.25, 0.72], [866.24, 11.15], [866.23, 11.93], [866.22, 0.03], [866.21, 2.29], [866.2, 10.28], [866.19, 36.68], [866.18, 4.94], [866.17, 20.99], [866.16, 2.29], [866.15, 4.86], [866.14, 9.69]], "asks": [[866.34, 0.02], [866.36, 0.01], [866.38, 2.4], [866.39, 4.3], [866.4, 8.62], [866.42, 11.33], [866.44, 6.48], [866.45, 5.93], [866.46, 2.28], [866.47, 6.07], [866.48, 2.38], [866.49, 0.33], [866.5, 9.7], [866.51, 0.03], [866.52, 0.03], [866.53, 1.18], [866.54, 0.04], [866.55, 2.27], [866.56, 1.27], [866.57, 3.47]], "timestamp": "2025-12-11T10:54:57.807602+00:00"}, {"symbol": "BNBUSDT", "bids": [[865.86, 6.05], [865.85, 5.26], [865.84, 0.01], [865.83, 0.78], [865.82, 1.31], [865.81, 2.98], [865.8, 8.98], [865.79, 0.76], [865.78, 5.65], [865.77, 9.52], [865.76, 6.36], [865.75, 8.75], [865.74, 4.77], [865.73, 8.9], [865.72, 8.73], [865.71, 1.53], [865.7, 9.57], [865.69, 13.89], [865.68, 12.73], [865.67, 10.18]], "asks": [[865.87, 11.73], [865.88, 0.04], [865.89, 0.14], [865.9, 2.2], [865.91, 9.48], [865.92, 7.09], [865.93, 7.17], [865.94, 0.41], [865.95, 3.97], [865.96, 5.87], [865.97, 0.25], [865.98, 0.81], [865.99, 2.53], [866.0, 5.99], [866.01, 0.54], [866.02, 20.23], [866.03, 4.01], [866.04, 2.53], [866.06, 4.92], [866.07, 8.69]], "timestamp": "2025-12-11T10:55:49.609752+00:00"}, {"symbol": "BNBUSDT", "bids": [[865.95, 15.88], [865.94, 0.07], [865.93, 5.49], [865.92, 0.15], [865.91, 6.85], [865.9, 2.67], [865.89, 8.67], [865.88, 0.05], [865.87, 3.96], [865.86, 7.04], [865.85, 6.85], [865.84, 11.51], [865.83, 2.89], [865.82, 4.28], [865.81, 2.59], [865.8, 6.33], [865.79, 11.53], [865.78, 2.42], [865.77, 0.03], [865.76, 5.44]], "asks": [[865.96, 4.77], [865.97, 0.17], [865.98, 5.47], [865.99, 0.13], [866.0, 1.44], [866.01, 2.84], [866.02, 1.62], [866.03, 0.4], [866.04, 5.13], [866.05, 3.47], [866.06, 1.95], [866.07, 2.59], [866.08, 4.27], [866.09, 2.4], [866.1, 2.37], [866.11, 5.9], [866.12, 2.36], [866.13, 5.93], [866.14, 1.99], [866.15, 4.56]], "timestamp": "2025-12-11T10:56:41.894497+00:00"}, {"symbol": "BNBUSDT", "bids": [[865.85, 5.7], [865.84, 0.01], [865.83, 0.03], [865.82, 5.34], [865.81, 1.19], [865.8, 1.33], [865.79, 2.21], [865.78, 2.35], [865.77, 4.01], [865.76, 5.47], [865.75, 6.06], [865.74, 8.04], [865.73, 1.96], [865.72, 26.09], [865.71, 3.83], [865.7, 14.72], [865.69, 1.69], [865.68, 9.57], [865.67, 6.28], [865.66, 13.75]], "asks": [[865.86, 30.04], [865.87, 11.56], [865.88, 6.55], [865.89, 18.61], [865.9, 18.73], [865.91, 22.25], [865.92, 14.97], [865.93, 11.26], [865.94, 14.05], [865.95, 37.98], [865.96, 3.45], [865.97, 0.36], [865.98, 2.07], [865.99, 0.66], [866.0, 3.05], [866.01, 1.48], [866.02, 0.58], [866.03, 2.12], [866.04, 9.04], [866.05, 0.31]], "timestamp": "2025-12-11T10:57:33.797971+00:00"}, {"symbol": "BNBUSDT", "bids": [[865.92, 21.35], [865.91, 2.31], [865.9, 0.04], [865.89, 0.24], [865.88, 1.84], [865.87, 9.31], [865.86, 0.01], [865.85, 2.81], [865.84, 6.65], [865.83, 5.0], [865.82, 10.85], [865.81, 12.6], [865.8, 15.64], [865.79, 3.69], [865.78, 1.48], [865.77, 6.59], [865.76, 0.26], [865.75, 0.12], [865.74, 2.27], [865.73, 0.01]], "asks": [[865.93, 12.92], [865.94, 14.96], [865.95, 4.22], [865.96, 12.41], [865.97, 17.23], [865.98, 0.11], [865.99, 13.8], [866.0, 15.78], [866.01, 6.18], [866.02, 17.31], [866.03, 5.17], [866.04, 1.58], [866.05, 3.97], [866.06, 0.03], [866.07, 0.22], [866.08, 7.73], [866.09, 1.53], [866.1, 7.23], [866.11, 0.01], [866.12, 0.01]], "timestamp": "2025-12-11T10:58:32.854330+00:00"}, {"symbol": "BNBUSDT", "bids": [[865.89, 0.09], [865.88, 0.03], [865.87, 0.04], [865.86, 2.3], [865.85, 0.16], [865.84, 0.01], [865.83, 2.53], [865.82, 10.46], [865.81, 0.38], [865.8, 4.79], [865.79, 1.51], [865.78, 4.67], [865.77, 0.01], [865.76, 5.3], [865.75, 9.19], [865.74, 2.99], [865.73, 15.73], [865.72, 8.13], [865.71, 0.43], [865.7, 3.29]], "asks": [[865.9, 71.57], [865.91, 23.67], [865.92, 9.98], [865.93, 15.83], [865.94, 2.98], [865.95, 6.9], [865.96, 24.23], [865.97, 19.1], [865.98, 23.75], [865.99, 14.76], [866.0, 10.0], [866.01, 10.78], [866.02, 2.42], [866.03, 0.1], [866.04, 0.86], [866.05, 2.33], [866.06, 3.34], [866.07, 0.64], [866.08, 0.06], [866.09, 1.92]], "timestamp": "2025-12-11T10:59:30.147690+00:00"}, {"symbol": "BNBUSDT", "bids": [[865.41, 43.94], [865.4, 0.37], [865.39, 0.37], [865.38, 0.17], [865.37, 2.83], [865.36, 2.5], [865.35, 10.08], [865.34, 6.52], [865.33, 2.61], [865.32, 5.41], [865.31, 16.18], [865.3, 2.27], [865.29, 0.57], [865.28, 16.32], [865.27, 8.89], [865.26, 15.07], [865.25, 4.85], [865.24, 7.79], [865.23, 14.41], [865.22, 5.9]], "asks": [[865.42, 0.75], [865.43, 0.02], [865.44, 0.01], [865.45, 0.19], [865.46, 0.09], [865.47, 0.15], [865.48, 0.06], [865.49, 0.97], [865.5, 0.01], [865.51, 4.8], [865.52, 3.79], [865.53, 2.75], [865.54, 5.12], [865.55, 0.36], [865.56, 7.2], [865.57, 6.14], [865.58, 0.61], [865.59, 3.66], [865.6, 5.17], [865.61, 4.91]], "timestamp": "2025-12-11T11:00:27.845007+00:00"}, {"symbol": "BNBUSDT", "bids": [[865.4, 92.66], [865.39, 0.45], [865.38, 1.02], [865.37, 3.32], [865.36, 2.13], [865.35, 2.69], [865.34, 3.09], [865.33, 0.69], [865.32, 5.63], [865.31, 2.37], [865.3, 0.97], [865.29, 0.29], [865.28, 12.75], [865.27, 10.49], [865.26, 13.57], [865.25, 1.75], [865.24, 17.72], [865.23, 12.47], [865.22, 5.15], [865.21, 6.15]], "asks": [[865.41, 7.1], [865.42, 0.24], [865.43, 0.12], [865.44, 1.13], [865.47, 0.01], [865.48, 0.03], [865.49, 0.21], [865.5, 1.61], [865.51, 0.14], [865.52, 3.03], [865.53, 0.5], [865.54, 5.41], [865.55, 2.32], [865.56, 1.55], [865.57, 4.36], [865.58, 2.64], [865.59, 4.18], [865.6, 2.48], [865.61, 2.71], [865.62, 1.43]], "timestamp": "2025-12-11T11:01:24.130288+00:00"}, {"symbol": "BNBUSDT", "bids": [[865.6, 5.79], [865.57, 4.76], [865.56, 3.08], [865.55, 0.74], [865.54, 4.88], [865.53, 4.78], [865.52, 11.91], [865.51, 11.52], [865.5, 0.03], [865.49, 3.08], [865.48, 0.02], [865.47, 14.01], [865.46, 4.18], [865.45, 0.54], [865.44, 20.06], [865.43, 6.8], [865.42, 5.63], [865.41, 11.46], [865.4, 15.95], [865.39, 0.92]], "asks": [[865.61, 13.33], [865.62, 0.27], [865.63, 0.01], [865.64, 0.01], [865.65, 1.75], [865.66, 8.35], [865.67, 0.31], [865.68, 1.74], [865.69, 1.49], [865.7, 4.81], [865.71, 3.17], [865.72, 5.32], [865.73, 0.89], [865.74, 4.28], [865.75, 0.02], [865.76, 2.38], [865.77, 2.19], [865.78, 4.48], [865.79, 1.19], [865.8, 12.28]], "timestamp": "2025-12-11T11:02:24.594844+00:00"}, {"symbol": "BNBUSDT", "bids": [[865.61, 11.75], [865.6, 0.02], [865.59, 1.07], [865.58, 0.03], [865.57, 0.04], [865.56, 1.76], [865.55, 4.95], [865.54, 8.56], [865.53, 4.58], [865.52, 5.13], [865.51, 0.87], [865.5, 6.82], [865.49, 0.08], [865.48, 12.74], [865.47, 6.29], [865.45, 8.01], [865.44, 10.93], [865.43, 12.98], [865.42, 0.04], [865.41, 24.82]], "asks": [[865.62, 20.02], [865.63, 7.9], [865.64, 4.52], [865.65, 0.58], [865.66, 0.02], [865.67, 2.2], [865.68, 6.42], [865.69, 0.45], [865.7, 2.0], [865.71, 1.16], [865.72, 1.38], [865.73, 6.25], [865.74, 6.3], [865.75, 0.01], [865.76, 0.51], [865.77, 0.02], [865.78, 1.56], [865.79, 9.83], [865.8, 6.47], [865.81, 4.42]], "timestamp": "2025-12-11T11:03:26.147525+00:00"}, {"symbol": "BNBUSDT", "bids": [[865.88, 34.22], [865.87, 7.45], [865.86, 7.64], [865.85, 8.9], [865.84, 0.42], [865.83, 3.73], [865.82, 7.1], [865.81, 0.32], [865.8, 13.06], [865.79, 18.64], [865.78, 4.59], [865.77, 0.45], [865.76, 1.89], [865.75, 2.51], [865.74, 0.3], [865.73, 4.56], [865.72, 3.58], [865.71, 11.41], [865.7, 2.42], [865.69, 13.1]], "asks": [[865.89, 9.6], [865.9, 0.63], [865.91, 0.22], [865.92, 1.3], [865.93, 0.02], [865.94, 2.19], [865.95, 0.01], [865.96, 0.04], [865.97, 0.25], [865.98, 3.3], [865.99, 1.78], [866.0, 7.94], [866.01, 5.4], [866.02, 2.26], [866.03, 0.35], [866.04, 25.69], [866.05, 1.12], [866.06, 2.19], [866.07, 0.23], [866.08, 4.84]], "timestamp": "2025-12-11T11:04:23.439422+00:00"}, {"symbol": "BNBUSDT", "bids": [[866.65, 15.02], [866.64, 5.48], [866.63, 3.69], [866.61, 3.83], [866.6, 0.31], [866.59, 4.06], [866.58, 0.03], [866.57, 0.24], [866.56, 4.11], [866.55, 12.03], [866.54, 9.99], [866.53, 6.48], [866.52, 3.44], [866.51, 9.0], [866.5, 2.16], [866.49, 10.71], [866.48, 12.06], [866.47, 0.69], [866.46, 31.71], [866.45, 61.6]], "asks": [[866.66, 54.64], [866.67, 0.39], [866.68, 3.02], [866.69, 16.07], [866.7, 3.75], [866.72, 1.76], [866.73, 5.05], [866.74, 0.02], [866.75, 2.25], [866.76, 0.04], [866.77, 2.55], [866.78, 0.18], [866.79, 0.06], [866.8, 3.66], [866.81, 2.25], [866.82, 2.9], [866.83, 3.5], [866.84, 2.14], [866.85, 5.72], [866.86, 7.1]], "timestamp": "2025-12-11T11:05:20.062283+00:00"}, {"symbol": "BNBUSDT", "bids": [[866.2, 65.82], [866.19, 22.39], [866.18, 8.67], [866.17, 10.15], [866.16, 12.85], [866.15, 0.38], [866.14, 0.24], [866.13, 9.26], [866.12, 12.92], [866.11, 3.1], [866.1, 0.29], [866.09, 1.17], [866.08, 7.57], [866.07, 3.85], [866.06, 21.28], [866.05, 4.39], [866.04, 6.18], [866.03, 7.5], [866.02, 15.83], [866.01, 2.73]], "asks": [[866.21, 44.65], [866.22, 0.18], [866.23, 0.01], [866.24, 0.07], [866.25, 0.01], [866.26, 1.03], [866.27, 0.02], [866.28, 1.79], [866.29, 1.97], [866.3, 7.39], [866.31, 1.1], [866.32, 2.65], [866.33, 3.78], [866.34, 0.35], [866.35, 3.89], [866.36, 9.1], [866.37, 0.36], [866.38, 5.23], [866.39, 11.8], [866.4, 9.12]], "timestamp": "2025-12-11T11:06:18.595942+00:00"}, {"symbol": "BNBUSDT", "bids": [[866.61, 3.56], [866.6, 5.22], [866.59, 0.24], [866.58, 0.01], [866.57, 0.75], [866.56, 8.05], [866.55, 8.22], [866.54, 12.89], [866.53, 7.82], [866.52, 8.76], [866.51, 7.03], [866.5, 0.25], [866.49, 2.37], [866.48, 30.44], [866.47, 2.56], [866.46, 9.44], [866.45, 16.84], [866.44, 10.44], [866.43, 14.54], [866.42, 10.21]], "asks": [[866.62, 41.01], [866.63, 0.02], [866.64, 0.84], [866.65, 7.33], [866.66, 48.43], [866.67, 0.05], [866.69, 0.08], [866.7, 5.54], [866.71, 16.79], [866.72, 2.57], [866.73, 7.22], [866.74, 9.53], [866.75, 2.26], [866.76, 1.6], [866.77, 1.53], [866.78, 0.49], [866.79, 2.4], [866.8, 5.06], [866.81, 7.82], [866.82, 11.82]], "timestamp": "2025-12-11T11:07:12.853919+00:00"}, {"symbol": "BNBUSDT", "bids": [[866.59, 5.66], [866.58, 1.55], [866.57, 8.02], [866.56, 3.44], [866.55, 17.69], [866.54, 1.99], [866.53, 0.03], [866.52, 6.24], [866.51, 6.67], [866.5, 0.3], [866.49, 0.04], [866.48, 5.4], [866.47, 6.52], [866.46, 8.83], [866.45, 17.16], [866.44, 1.21], [866.43, 10.79], [866.42, 24.14], [866.41, 20.46], [866.4, 27.28]], "asks": [[866.6, 80.57], [866.61, 41.04], [866.62, 33.19], [866.63, 27.13], [866.64, 36.87], [866.65, 35.07], [866.66, 44.68], [866.67, 0.86], [866.68, 0.58], [866.69, 0.68], [866.7, 3.16], [866.71, 18.66], [866.72, 7.0], [866.73, 0.33], [866.74, 0.01], [866.75, 3.52], [866.76, 2.23], [866.77, 1.18], [866.78, 4.12], [866.79, 22.94]], "timestamp": "2025-12-11T11:08:13.114957+00:00"}, {"symbol": "BNBUSDT", "bids": [[866.14, 36.46], [866.13, 0.39], [866.12, 7.2], [866.11, 31.95], [866.1, 0.18], [866.09, 11.97], [866.08, 5.67], [866.07, 18.84], [866.06, 0.45], [866.05, 4.72], [866.04, 22.73], [866.03, 2.21], [866.02, 9.17], [866.01, 25.4], [866.0, 129.08], [865.99, 18.51], [865.98, 33.59], [865.97, 17.94], [865.96, 9.0], [865.95, 0.01]], "asks": [[866.15, 14.91], [866.16, 1.0], [866.2, 6.5], [866.21, 6.36], [866.22, 10.11], [866.23, 3.33], [866.24, 14.11], [866.25, 14.62], [866.26, 2.08], [866.27, 0.14], [866.28, 2.6], [866.29, 0.44], [866.3, 9.91], [866.31, 2.35], [866.32, 5.87], [866.33, 0.61], [866.34, 19.1], [866.35, 4.85], [866.36, 5.57], [866.37, 10.73]], "timestamp": "2025-12-11T11:09:13.180394+00:00"}, {"symbol": "BNBUSDT", "bids": [[866.19, 72.92], [866.18, 7.23], [866.17, 0.37], [866.16, 8.66], [866.15, 3.86], [866.14, 2.91], [866.13, 4.07], [866.12, 22.73], [866.11, 15.83], [866.1, 12.72], [866.09, 0.63], [866.08, 6.61], [866.07, 1.84], [866.06, 0.01], [866.05, 22.18], [866.04, 1.67], [866.03, 8.11], [866.02, 38.01], [866.01, 30.97], [866.0, 151.67]], "asks": [[866.2, 9.4], [866.21, 0.06], [866.22, 0.02], [866.23, 0.02], [866.24, 1.7], [866.25, 5.2], [866.26, 0.99], [866.27, 3.35], [866.28, 2.68], [866.29, 1.28], [866.3, 3.95], [866.31, 0.05], [866.32, 8.23], [866.33, 0.05], [866.34, 18.53], [866.35, 2.18], [866.36, 5.03], [866.37, 4.65], [866.38, 19.78], [866.39, 1.37]], "timestamp": "2025-12-11T11:10:10.173555+00:00"}, {"symbol": "BNBUSDT", "bids": [[866.7, 42.52], [866.69, 5.98], [866.68, 2.19], [866.67, 13.4], [866.66, 2.24], [866.65, 8.27], [866.64, 7.88], [866.63, 3.87], [866.62, 10.85], [866.61, 11.73], [866.6, 5.99], [866.59, 11.58], [866.58, 0.25], [866.57, 2.39], [866.56, 12.88], [866.55, 5.24], [866.54, 3.57], [866.53, 23.03], [866.52, 13.98], [866.51, 15.93]], "asks": [[866.71, 22.8], [866.72, 0.64], [866.73, 0.03], [866.74, 1.03], [866.75, 0.51], [866.76, 3.43], [866.77, 3.7], [866.78, 0.19], [866.79, 3.72], [866.8, 9.41], [866.81, 6.23], [866.82, 3.67], [866.83, 3.85], [866.84, 17.03], [866.85, 3.02], [866.86, 0.01], [866.87, 1.68], [866.88, 7.64], [866.89, 1.32], [866.9, 5.43]], "timestamp": "2025-12-11T11:11:07.500144+00:00"}, {"symbol": "BNBUSDT", "bids": [[866.5, 65.45], [866.49, 1.45], [866.48, 1.58], [866.47, 0.42], [866.46, 0.12], [866.45, 0.23], [866.44, 7.16], [866.43, 2.66], [866.41, 4.89], [866.4, 8.97], [866.39, 17.01], [866.38, 9.0], [866.37, 7.18], [866.36, 28.03], [866.35, 4.91], [866.34, 0.35], [866.33, 2.12], [866.32, 2.34], [866.31, 14.86], [866.3, 21.27]], "asks": [[866.51, 26.76], [866.52, 26.88], [866.53, 14.03], [866.54, 16.18], [866.55, 19.74], [866.56, 26.62], [866.57, 2.88], [866.58, 7.3], [866.59, 3.44], [866.6, 23.58], [866.61, 5.53], [866.62, 0.23], [866.63, 8.24], [866.64, 7.71], [866.65, 1.53], [866.66, 1.54], [866.67, 3.74], [866.68, 10.85], [866.69, 3.46], [866.7, 2.07]], "timestamp": "2025-12-11T11:12:03.570843+00:00"}, {"symbol": "BNBUSDT", "bids": [[866.65, 1.72], [866.64, 0.03], [866.61, 0.13], [866.6, 2.39], [866.59, 0.28], [866.58, 5.33], [866.57, 2.29], [866.56, 2.14], [866.55, 7.49], [866.54, 9.42], [866.53, 2.64], [866.52, 23.2], [866.51, 23.77], [866.5, 0.04], [866.49, 47.45], [866.48, 3.87], [866.47, 11.58], [866.46, 9.34], [866.45, 0.04], [866.44, 20.3]], "asks": [[866.66, 42.3], [866.67, 0.19], [866.68, 3.89], [866.69, 7.78], [866.7, 25.09], [866.71, 13.66], [866.72, 3.42], [866.73, 0.05], [866.74, 0.8], [866.75, 4.55], [866.76, 2.81], [866.77, 4.28], [866.78, 0.03], [866.79, 0.28], [866.8, 6.22], [866.81, 7.01], [866.82, 0.6], [866.83, 0.2], [866.84, 0.37], [866.85, 5.13]], "timestamp": "2025-12-11T11:13:00.161532+00:00"}, {"symbol": "BNBUSDT", "bids": [[866.69, 20.07], [866.68, 0.03], [866.65, 2.54], [866.64, 1.63], [866.63, 11.38], [866.62, 12.28], [866.61, 19.21], [866.6, 17.25], [866.59, 4.42], [866.58, 2.84], [866.57, 0.5], [866.56, 13.16], [866.55, 8.53], [866.54, 6.37], [866.53, 10.77], [866.52, 8.68], [866.51, 6.86], [866.5, 4.6], [866.49, 0.05], [866.48, 40.77]], "asks": [[866.7, 31.83], [866.71, 13.1], [866.72, 0.83], [866.73, 0.08], [866.74, 1.45], [866.75, 7.99], [866.76, 2.3], [866.77, 2.95], [866.78, 1.62], [866.79, 0.05], [866.8, 7.44], [866.81, 4.44], [866.82, 0.77], [866.83, 3.47], [866.84, 4.67], [866.85, 3.05], [866.86, 8.35], [866.87, 7.03], [866.88, 8.46], [866.89, 8.11]], "timestamp": "2025-12-11T11:13:57.378817+00:00"}, {"symbol": "BNBUSDT", "bids": [[866.62, 14.38], [866.61, 0.01], [866.6, 0.01], [866.59, 6.17], [866.58, 6.29], [866.57, 6.98], [866.56, 3.18], [866.55, 9.38], [866.54, 0.26], [866.53, 4.66], [866.52, 2.68], [866.51, 1.04], [866.5, 4.58], [866.49, 0.28], [866.48, 8.66], [866.47, 2.81], [866.46, 20.69], [866.45, 6.85], [866.44, 4.76], [866.43, 8.73]], "asks": [[866.63, 25.32], [866.64, 2.35], [866.65, 6.81], [866.66, 3.66], [866.67, 0.94], [866.68, 2.78], [866.69, 12.56], [866.7, 22.38], [866.71, 15.34], [866.72, 2.97], [866.73, 4.39], [866.74, 1.75], [866.75, 2.8], [866.76, 0.28], [866.77, 0.02], [866.78, 0.02], [866.79, 0.05], [866.8, 3.4], [866.81, 7.31], [866.82, 0.48]], "timestamp": "2025-12-11T11:14:53.284893+00:00"}, {"symbol": "BNBUSDT", "bids": [[866.7, 67.29], [866.69, 6.62], [866.68, 0.65], [866.67, 0.14], [866.66, 0.27], [866.65, 2.17], [866.64, 1.4], [866.63, 4.27], [866.62, 4.0], [866.61, 0.49], [866.6, 6.36], [866.59, 2.37], [866.58, 11.67], [866.57, 20.92], [866.56, 6.83], [866.55, 10.72], [866.54, 15.46], [866.53, 18.24], [866.52, 11.02], [866.51, 7.0]], "asks": [[866.71, 18.07], [866.72, 0.7], [866.73, 0.27], [866.74, 0.24], [866.75, 0.7], [866.76, 0.04], [866.77, 0.02], [866.78, 1.52], [866.79, 2.41], [866.8, 7.81], [866.81, 12.38], [866.82, 0.54], [866.83, 0.04], [866.84, 3.51], [866.85, 2.2], [866.86, 0.02], [866.87, 2.39], [866.88, 5.24], [866.89, 0.02], [866.9, 4.2]], "timestamp": "2025-12-11T11:15:51.389353+00:00"}, {"symbol": "BNBUSDT", "bids": [[866.65, 1.32], [866.64, 0.08], [866.63, 3.84], [866.62, 2.28], [866.61, 0.05], [866.6, 1.99], [866.59, 0.02], [866.58, 0.84], [866.57, 1.19], [866.56, 2.63], [866.55, 0.02], [866.54, 1.73], [866.53, 2.69], [866.52, 10.36], [866.51, 14.17], [866.5, 2.23], [866.49, 5.82], [866.48, 13.75], [866.47, 6.85], [866.46, 2.5]], "asks": [[866.66, 78.82], [866.67, 45.9], [866.68, 31.83], [866.69, 36.92], [866.7, 27.21], [866.71, 25.39], [866.72, 24.03], [866.73, 29.81], [866.74, 22.76], [866.75, 11.72], [866.76, 17.3], [866.77, 5.46], [866.78, 1.53], [866.79, 3.81], [866.8, 4.65], [866.81, 5.4], [866.82, 0.01], [866.83, 2.05], [866.84, 15.32], [866.85, 5.49]], "timestamp": "2025-12-11T11:16:48.863086+00:00"}, {"symbol": "BNBUSDT", "bids": [[866.54, 6.6], [866.53, 0.01], [866.52, 0.39], [866.51, 6.59], [866.5, 0.32], [866.49, 0.02], [866.48, 1.96], [866.47, 5.43], [866.46, 13.56], [866.45, 8.71], [866.44, 0.38], [866.43, 5.97], [866.42, 6.2], [866.41, 10.72], [866.4, 5.72], [866.39, 6.13], [866.38, 2.8], [866.37, 3.9], [866.36, 5.38], [866.35, 23.07]], "asks": [[866.55, 20.5], [866.56, 10.27], [866.57, 14.03], [866.58, 10.84], [866.59, 19.13], [866.6, 2.17], [866.61, 25.23], [866.62, 14.66], [866.63, 15.71], [866.64, 28.1], [866.65, 0.03], [866.66, 3.37], [866.67, 0.07], [866.68, 1.23], [866.69, 3.69], [866.7, 1.76], [866.71, 0.65], [866.72, 2.9], [866.73, 0.03], [866.74, 3.87]], "timestamp": "2025-12-11T11:17:45.107383+00:00"}, {"symbol": "BNBUSDT", "bids": [[866.43, 16.26], [866.42, 0.01], [866.41, 5.33], [866.4, 5.67], [866.39, 0.01], [866.38, 7.74], [866.37, 8.88], [866.36, 4.85], [866.35, 5.41], [866.34, 8.31], [866.33, 12.96], [866.32, 6.68], [866.31, 12.68], [866.3, 6.46], [866.29, 12.41], [866.28, 41.16], [866.27, 11.34], [866.26, 13.02], [866.25, 4.49], [866.24, 0.02]], "asks": [[866.44, 3.74], [866.45, 2.61], [866.46, 4.56], [866.47, 1.39], [866.48, 16.54], [866.49, 4.88], [866.5, 18.04], [866.51, 7.25], [866.52, 0.45], [866.53, 0.12], [866.54, 2.46], [866.55, 0.79], [866.56, 0.26], [866.57, 2.05], [866.58, 0.25], [866.59, 5.56], [866.6, 6.98], [866.61, 0.6], [866.62, 1.81], [866.63, 0.25]], "timestamp": "2025-12-11T11:18:42.538603+00:00"}, {"symbol": "BNBUSDT", "bids": [[866.99, 26.12], [866.98, 0.04], [866.97, 0.37], [866.96, 32.93], [866.95, 19.29], [866.94, 16.6], [866.93, 23.91], [866.92, 25.51], [866.91, 18.61], [866.9, 15.59], [866.89, 2.41], [866.88, 7.52], [866.87, 10.8], [866.86, 0.29], [866.85, 11.07], [866.84, 41.26], [866.83, 15.97], [866.82, 2.38], [866.81, 0.23], [866.8, 5.86]], "asks": [[867.0, 7.12], [867.01, 0.41], [867.02, 0.24], [867.03, 5.31], [867.04, 0.42], [867.05, 2.8], [867.06, 1.39], [867.07, 0.16], [867.08, 2.18], [867.09, 1.27], [867.1, 6.43], [867.11, 0.74], [867.12, 7.27], [867.13, 2.25], [867.14, 1.4], [867.15, 6.18], [867.16, 5.85], [867.17, 2.3], [867.18, 6.69], [867.19, 0.8]], "timestamp": "2025-12-11T11:19:39.711208+00:00"}, {"symbol": "BNBUSDT", "bids": [[867.22, 23.19], [867.21, 0.32], [867.2, 0.2], [867.18, 0.01], [867.17, 3.37], [867.16, 2.36], [867.15, 2.21], [867.14, 1.54], [867.13, 12.54], [867.12, 6.33], [867.11, 2.62], [867.1, 8.05], [867.09, 0.54], [867.08, 6.02], [867.07, 2.91], [867.06, 2.76], [867.05, 26.1], [867.04, 12.87], [867.03, 1.17], [867.02, 36.75]], "asks": [[867.23, 15.87], [867.24, 3.8], [867.25, 7.52], [867.26, 1.53], [867.27, 6.93], [867.28, 9.99], [867.29, 7.12], [867.3, 2.07], [867.31, 0.61], [867.32, 1.38], [867.33, 5.28], [867.34, 0.44], [867.35, 3.48], [867.36, 0.72], [867.37, 1.19], [867.38, 2.16], [867.39, 0.53], [867.4, 5.9], [867.41, 0.06], [867.42, 13.92]], "timestamp": "2025-12-11T11:20:38.344973+00:00"}, {"symbol": "BNBUSDT", "bids": [[867.28, 13.36], [867.27, 0.09], [867.25, 0.01], [867.22, 0.96], [867.21, 17.08], [867.2, 0.04], [867.19, 0.14], [867.18, 13.73], [867.17, 3.17], [867.16, 3.64], [867.15, 3.92], [867.14, 12.94], [867.13, 4.67], [867.12, 10.15], [867.11, 16.93], [867.1, 15.01], [867.09, 7.16], [867.08, 13.56], [867.07, 0.35], [867.06, 10.73]], "asks": [[867.29, 43.51], [867.3, 21.39], [867.31, 0.01], [867.32, 0.11], [867.33, 0.82], [867.35, 0.66], [867.36, 3.68], [867.37, 1.07], [867.38, 2.2], [867.39, 3.61], [867.4, 1.34], [867.41, 3.74], [867.42, 0.71], [867.43, 0.67], [867.44, 9.53], [867.45, 7.97], [867.46, 6.86], [867.47, 4.47], [867.48, 6.27], [867.49, 0.38]], "timestamp": "2025-12-11T11:21:34.273820+00:00"}, {"symbol": "BNBUSDT", "bids": [[866.99, 113.33], [866.98, 0.04], [866.97, 1.42], [866.96, 1.15], [866.95, 2.84], [866.94, 2.98], [866.92, 0.85], [866.91, 1.93], [866.9, 8.98], [866.89, 2.18], [866.88, 2.3], [866.87, 2.54], [866.86, 0.29], [866.85, 10.24], [866.84, 6.37], [866.83, 6.05], [866.82, 23.09], [866.81, 4.36], [866.8, 7.73], [866.79, 6.53]], "asks": [[867.0, 2.44], [867.01, 0.04], [867.02, 1.36], [867.03, 8.77], [867.04, 0.2], [867.05, 2.43], [867.06, 4.08], [867.07, 18.59], [867.08, 8.55], [867.09, 0.16], [867.1, 0.03], [867.11, 3.82], [867.12, 2.41], [867.13, 0.32], [867.14, 7.21], [867.15, 11.62], [867.16, 10.16], [867.18, 1.53], [867.19, 20.35], [867.2, 6.36]], "timestamp": "2025-12-11T11:22:32.177925+00:00"}, {"symbol": "BNBUSDT", "bids": [[867.84, 0.06], [867.83, 0.04], [867.81, 0.01], [867.8, 0.59], [867.79, 0.01], [867.78, 2.95], [867.77, 5.31], [867.76, 11.4], [867.75, 0.29], [867.74, 4.37], [867.73, 2.9], [867.72, 2.27], [867.71, 2.19], [867.7, 5.23], [867.69, 9.56], [867.68, 7.04], [867.67, 18.17], [867.66, 0.34], [867.65, 5.76], [867.64, 4.49]], "asks": [[867.85, 44.81], [867.86, 17.55], [867.87, 25.69], [867.88, 23.66], [867.89, 27.14], [867.9, 13.61], [867.91, 0.01], [867.92, 33.25], [867.93, 25.96], [867.94, 18.07], [867.95, 12.2], [867.96, 3.76], [867.97, 3.1], [867.98, 0.28], [867.99, 1.22], [868.0, 4.72], [868.01, 3.24], [868.02, 0.63], [868.03, 11.9], [868.04, 5.1]], "timestamp": "2025-12-11T11:23:32.443236+00:00"}, {"symbol": "BNBUSDT", "bids": [[867.61, 4.21], [867.6, 0.05], [867.58, 0.18], [867.57, 0.36], [867.56, 0.65], [867.55, 1.2], [867.54, 0.03], [867.53, 8.37], [867.52, 6.53], [867.51, 0.21], [867.5, 6.6], [867.49, 9.32], [867.48, 3.27], [867.47, 4.51], [867.46, 6.15], [867.45, 4.27], [867.44, 10.85], [867.43, 5.11], [867.42, 7.98], [867.41, 37.12]], "asks": [[867.62, 45.04], [867.63, 0.16], [867.64, 10.56], [867.65, 20.89], [867.66, 0.16], [867.67, 21.86], [867.68, 36.51], [867.69, 26.9], [867.7, 24.43], [867.71, 16.87], [867.72, 0.2], [867.73, 0.02], [867.74, 0.3], [867.75, 0.64], [867.76, 0.41], [867.77, 4.72], [867.78, 12.93], [867.79, 13.83], [867.8, 1.28], [867.81, 4.48]], "timestamp": "2025-12-11T11:24:39.038986+00:00"}, {"symbol": "BNBUSDT", "bids": [[867.36, 5.61], [867.35, 2.19], [867.34, 0.55], [867.33, 0.03], [867.31, 0.03], [867.3, 0.55], [867.29, 0.13], [867.28, 0.4], [867.27, 6.9], [867.26, 2.67], [867.25, 7.48], [867.24, 10.08], [867.23, 0.21], [867.22, 1.73], [867.21, 7.32], [867.2, 11.36], [867.19, 19.11], [867.18, 0.05], [867.17, 3.47], [867.16, 32.76]], "asks": [[867.37, 27.7], [867.38, 4.74], [867.39, 3.38], [867.4, 4.6], [867.41, 6.06], [867.42, 4.99], [867.43, 0.29], [867.44, 10.61], [867.45, 7.97], [867.46, 3.58], [867.47, 8.05], [867.48, 5.12], [867.49, 2.32], [867.5, 23.06], [867.51, 11.96], [867.52, 10.0], [867.53, 56.54], [867.54, 5.78], [867.55, 0.02], [867.56, 14.57]], "timestamp": "2025-12-11T11:25:44.875303+00:00"}, {"symbol": "BNBUSDT", "bids": [[867.51, 34.57], [867.5, 0.04], [867.49, 0.02], [867.48, 0.01], [867.47, 1.05], [867.46, 0.01], [867.45, 0.15], [867.44, 0.03], [867.43, 3.75], [867.42, 7.54], [867.41, 6.09], [867.4, 9.64], [867.39, 6.56], [867.38, 12.7], [867.37, 9.55], [867.36, 21.28], [867.35, 7.67], [867.34, 6.7], [867.33, 13.36], [867.32, 8.19]], "asks": [[867.52, 16.94], [867.53, 0.05], [867.55, 0.55], [867.56, 0.03], [867.57, 3.52], [867.58, 7.07], [867.59, 9.1], [867.6, 3.72], [867.61, 3.26], [867.62, 5.95], [867.63, 10.8], [867.64, 0.03], [867.65, 3.27], [867.66, 6.52], [867.67, 11.49], [867.68, 11.76], [867.69, 6.51], [867.7, 0.56], [867.71, 4.51], [867.72, 21.66]], "timestamp": "2025-12-11T11:26:41.688448+00:00"}, {"symbol": "BNBUSDT", "bids": [[867.73, 2.06], [867.72, 0.04], [867.7, 0.13], [867.69, 0.03], [867.68, 0.03], [867.67, 0.04], [867.66, 6.46], [867.65, 3.39], [867.64, 0.02], [867.63, 7.4], [867.62, 0.46], [867.61, 5.71], [867.6, 6.53], [867.59, 11.62], [867.58, 1.6], [867.57, 5.96], [867.56, 23.51], [867.55, 1.74], [867.54, 5.9], [867.53, 0.01]], "asks": [[867.74, 65.59], [867.75, 0.01], [867.76, 2.17], [867.77, 7.55], [867.78, 5.6], [867.79, 20.52], [867.8, 30.89], [867.81, 25.78], [867.82, 0.63], [867.83, 0.01], [867.84, 1.18], [867.85, 1.5], [867.86, 0.16], [867.87, 3.47], [867.88, 6.8], [867.89, 11.97], [867.9, 3.03], [867.91, 3.64], [867.92, 30.75], [867.93, 37.45]], "timestamp": "2025-12-11T11:27:39.845031+00:00"}, {"symbol": "BNBUSDT", "bids": [[867.5, 36.29], [867.49, 0.02], [867.48, 0.02], [867.47, 1.36], [867.46, 0.21], [867.45, 0.03], [867.44, 2.41], [867.43, 4.1], [867.42, 12.46], [867.41, 0.01], [867.4, 5.49], [867.39, 1.73], [867.37, 5.6], [867.36, 17.4], [867.35, 6.02], [867.34, 20.53], [867.33, 11.14], [867.32, 10.13], [867.31, 16.19], [867.3, 14.53]], "asks": [[867.51, 29.87], [867.52, 0.18], [867.55, 1.69], [867.56, 14.69], [867.57, 1.95], [867.58, 1.11], [867.59, 0.4], [867.6, 1.13], [867.61, 0.45], [867.62, 2.26], [867.63, 1.81], [867.64, 3.15], [867.65, 3.83], [867.66, 4.04], [867.67, 1.14], [867.68, 7.9], [867.69, 3.34], [867.7, 4.47], [867.71, 1.19], [867.72, 14.09]], "timestamp": "2025-12-11T11:28:40.800331+00:00"}, {"symbol": "BNBUSDT", "bids": [[867.36, 18.19], [867.35, 0.32], [867.34, 0.3], [867.33, 6.53], [867.31, 0.25], [867.3, 1.36], [867.29, 25.86], [867.28, 1.11], [867.27, 6.66], [867.26, 20.03], [867.25, 4.74], [867.24, 3.54], [867.23, 5.89], [867.22, 16.34], [867.21, 9.04], [867.2, 4.25], [867.19, 0.03], [867.18, 3.91], [867.17, 15.52], [867.16, 10.72]], "asks": [[867.37, 37.74], [867.38, 0.03], [867.39, 2.71], [867.4, 5.32], [867.41, 0.41], [867.44, 0.01], [867.45, 2.18], [867.46, 1.09], [867.47, 0.01], [867.48, 13.94], [867.49, 2.76], [867.5, 5.76], [867.51, 0.06], [867.52, 8.14], [867.53, 0.68], [867.54, 0.03], [867.55, 1.17], [867.56, 4.23], [867.57, 4.78], [867.58, 0.02]], "timestamp": "2025-12-11T11:29:41.040566+00:00"}, {"symbol": "BNBUSDT", "bids": [[867.83, 14.61], [867.82, 0.01], [867.8, 0.85], [867.79, 0.01], [867.77, 0.01], [867.76, 37.56], [867.75, 31.98], [867.74, 7.07], [867.73, 1.88], [867.72, 2.24], [867.71, 2.19], [867.7, 0.09], [867.69, 0.25], [867.68, 5.11], [867.67, 2.41], [867.66, 7.72], [867.65, 0.47], [867.64, 18.61], [867.63, 10.23], [867.62, 7.22]], "asks": [[867.84, 19.02], [867.85, 1.7], [867.86, 9.0], [867.87, 0.75], [867.88, 0.02], [867.89, 0.29], [867.9, 2.19], [867.91, 0.01], [867.92, 2.37], [867.93, 8.42], [867.94, 4.42], [867.95, 5.87], [867.96, 6.12], [867.97, 7.67], [867.98, 5.62], [867.99, 1.13], [868.0, 19.91], [868.01, 5.38], [868.02, 2.22], [868.03, 1.25]], "timestamp": "2025-12-11T11:30:43.373087+00:00"}, {"symbol": "BNBUSDT", "bids": [[867.98, 58.91], [867.97, 0.18], [867.96, 0.14], [867.95, 0.06], [867.94, 0.01], [867.93, 2.26], [867.92, 0.29], [867.91, 1.3], [867.9, 0.52], [867.89, 2.82], [867.88, 12.65], [867.87, 2.9], [867.86, 12.67], [867.85, 0.13], [867.84, 5.76], [867.83, 5.76], [867.82, 0.43], [867.81, 10.02], [867.8, 19.22], [867.79, 0.25]], "asks": [[867.99, 23.43], [868.0, 3.57], [868.01, 0.26], [868.02, 0.19], [868.03, 0.38], [868.04, 3.93], [868.05, 1.54], [868.06, 3.06], [868.07, 0.87], [868.08, 5.95], [868.09, 2.33], [868.1, 5.48], [868.11, 14.77], [868.12, 6.05], [868.13, 4.67], [868.14, 3.76], [868.15, 0.07], [868.16, 22.23], [868.17, 0.47], [868.18, 9.78]], "timestamp": "2025-12-11T11:31:45.319607+00:00"}, {"symbol": "BNBUSDT", "bids": [[867.99, 77.78], [867.98, 0.09], [867.97, 5.26], [867.96, 21.41], [867.95, 27.44], [867.94, 0.76], [867.93, 0.19], [867.92, 0.34], [867.91, 3.73], [867.9, 3.84], [867.89, 1.21], [867.88, 3.46], [867.87, 1.66], [867.86, 3.36], [867.85, 6.43], [867.84, 0.04], [867.83, 1.52], [867.82, 0.02], [867.81, 2.55], [867.8, 14.81]], "asks": [[868.0, 6.53], [868.01, 0.25], [868.02, 2.35], [868.03, 0.37], [868.04, 1.93], [868.05, 3.83], [868.06, 9.86], [868.07, 0.57], [868.08, 2.3], [868.09, 2.54], [868.1, 2.87], [868.11, 2.26], [868.12, 6.28], [868.13, 4.69], [868.14, 5.75], [868.15, 3.46], [868.16, 22.61], [868.17, 0.45], [868.18, 3.56], [868.19, 4.14]], "timestamp": "2025-12-11T11:32:48.478055+00:00"}, {"symbol": "BNBUSDT", "bids": [[867.83, 60.86], [867.82, 10.63], [867.81, 4.64], [867.8, 26.15], [867.79, 27.9], [867.78, 27.52], [867.77, 0.28], [867.76, 0.81], [867.75, 5.9], [867.74, 1.8], [867.73, 7.4], [867.72, 9.58], [867.71, 0.45], [867.7, 0.17], [867.69, 1.54], [867.68, 0.17], [867.67, 3.57], [867.66, 6.54], [867.65, 0.01], [867.64, 9.59]], "asks": [[867.84, 4.82], [867.85, 1.28], [867.86, 5.8], [867.87, 1.3], [867.88, 1.45], [867.89, 1.52], [867.9, 2.6], [867.91, 5.53], [867.92, 1.32], [867.93, 0.15], [867.94, 0.02], [867.95, 4.35], [867.96, 8.83], [867.97, 17.07], [867.98, 0.47], [867.99, 0.03], [868.0, 3.95], [868.01, 17.69], [868.02, 6.4], [868.03, 0.02]], "timestamp": "2025-12-11T11:33:46.319480+00:00"}, {"symbol": "BNBUSDT", "bids": [[867.63, 15.83], [867.62, 0.45], [867.6, 0.12], [867.59, 0.02], [867.58, 3.31], [867.57, 0.91], [867.56, 1.41], [867.55, 3.44], [867.54, 10.39], [867.53, 2.5], [867.52, 8.11], [867.51, 1.75], [867.5, 4.91], [867.49, 9.17], [867.48, 10.06], [867.47, 9.67], [867.46, 2.8], [867.45, 4.97], [867.44, 12.98], [867.43, 5.95]], "asks": [[867.64, 71.41], [867.65, 2.75], [867.66, 0.16], [867.67, 14.9], [867.68, 0.04], [867.69, 9.59], [867.7, 30.5], [867.71, 28.34], [867.72, 23.21], [867.73, 13.82], [867.74, 0.6], [867.75, 0.8], [867.76, 0.02], [867.77, 0.02], [867.78, 7.55], [867.79, 24.84], [867.8, 17.83], [867.81, 7.23], [867.82, 7.76], [867.83, 5.96]], "timestamp": "2025-12-11T11:34:43.951995+00:00"}, {"symbol": "BNBUSDT", "bids": [[867.63, 64.16], [867.62, 0.13], [867.61, 0.34], [867.6, 3.57], [867.59, 0.3], [867.58, 2.85], [867.57, 0.9], [867.56, 0.24], [867.55, 2.16], [867.54, 4.98], [867.53, 3.17], [867.52, 4.95], [867.51, 1.38], [867.5, 3.29], [867.49, 22.74], [867.48, 9.13], [867.47, 8.57], [867.46, 1.22], [867.45, 0.39], [867.44, 19.91]], "asks": [[867.64, 23.39], [867.65, 0.04], [867.67, 0.1], [867.68, 11.85], [867.69, 7.2], [867.7, 8.99], [867.71, 8.18], [867.72, 23.82], [867.73, 26.4], [867.74, 11.73], [867.75, 7.08], [867.76, 3.73], [867.77, 2.82], [867.78, 0.26], [867.79, 15.68], [867.8, 2.35], [867.81, 5.97], [867.82, 1.88], [867.83, 3.61], [867.84, 13.18]], "timestamp": "2025-12-11T11:35:42.076310+00:00"}, {"symbol": "BNBUSDT", "bids": [[867.47, 73.98], [867.46, 0.01], [867.45, 0.73], [867.44, 0.05], [867.43, 0.86], [867.42, 2.22], [867.41, 0.2], [867.4, 2.5], [867.39, 3.79], [867.38, 2.17], [867.37, 6.21], [867.36, 5.09], [867.35, 5.26], [867.34, 0.08], [867.33, 10.13], [867.32, 11.32], [867.31, 26.76], [867.3, 8.71], [867.29, 2.98], [867.28, 11.61]], "asks": [[867.48, 16.9], [867.49, 1.99], [867.51, 12.02], [867.52, 2.03], [867.53, 0.55], [867.54, 8.2], [867.55, 0.01], [867.56, 14.06], [867.57, 16.32], [867.58, 3.2], [867.59, 17.24], [867.6, 6.03], [867.61, 4.14], [867.63, 3.39], [867.64, 11.32], [867.65, 2.33], [867.66, 0.02], [867.67, 22.51], [867.68, 38.99], [867.69, 2.23]], "timestamp": "2025-12-11T11:36:41.745714+00:00"}, {"symbol": "BNBUSDT", "bids": [[868.32, 22.02], [868.3, 0.27], [868.29, 6.0], [868.28, 3.25], [868.27, 7.77], [868.26, 7.98], [868.25, 26.84], [868.24, 20.75], [868.23, 2.02], [868.22, 4.66], [868.21, 3.33], [868.2, 6.28], [868.19, 9.28], [868.18, 2.01], [868.17, 0.26], [868.16, 7.53], [868.15, 4.23], [868.14, 1.57], [868.13, 30.69], [868.12, 29.79]], "asks": [[868.33, 18.49], [868.34, 0.01], [868.35, 0.12], [868.36, 6.68], [868.37, 6.17], [868.38, 0.01], [868.39, 6.14], [868.4, 12.48], [868.41, 6.11], [868.42, 4.98], [868.43, 13.79], [868.44, 0.65], [868.45, 2.17], [868.46, 0.32], [868.47, 1.91], [868.48, 14.36], [868.49, 3.42], [868.5, 2.55], [868.51, 0.51], [868.52, 5.77]], "timestamp": "2025-12-11T11:37:41.944034+00:00"}, {"symbol": "BNBUSDT", "bids": [[868.7, 1.95], [868.69, 0.02], [868.68, 0.11], [868.67, 0.02], [868.66, 2.3], [868.65, 5.98], [868.64, 237.2], [868.63, 4.61], [868.62, 0.03], [868.6, 7.37], [868.59, 10.68], [868.58, 0.02], [868.57, 8.98], [868.56, 5.88], [868.55, 0.02], [868.54, 17.99], [868.53, 6.51], [868.52, 12.13], [868.51, 3.07], [868.5, 0.27]], "asks": [[868.71, 73.04], [868.72, 3.83], [868.73, 0.55], [868.74, 4.68], [868.75, 1.92], [868.76, 2.04], [868.77, 2.23], [868.78, 2.07], [868.79, 4.49], [868.8, 6.03], [868.81, 3.12], [868.82, 3.56], [868.83, 14.55], [868.84, 5.35], [868.85, 5.13], [868.86, 4.69], [868.87, 6.34], [868.88, 15.3], [868.89, 0.07], [868.9, 5.1]], "timestamp": "2025-12-11T11:38:41.514057+00:00"}, {"symbol": "BNBUSDT", "bids": [[868.55, 66.57], [868.54, 4.57], [868.53, 4.78], [868.52, 3.62], [868.51, 0.12], [868.5, 2.51], [868.49, 0.47], [868.48, 0.05], [868.47, 0.01], [868.46, 1.64], [868.45, 5.26], [868.44, 4.33], [868.43, 4.58], [868.42, 10.83], [868.41, 9.06], [868.4, 17.61], [868.39, 19.89], [868.38, 17.8], [868.37, 20.7], [868.36, 15.35]], "asks": [[868.56, 2.15], [868.58, 14.47], [868.59, 0.02], [868.6, 0.02], [868.61, 3.56], [868.62, 0.01], [868.63, 0.03], [868.64, 3.26], [868.65, 2.24], [868.66, 1.64], [868.67, 5.63], [868.68, 3.99], [868.69, 3.82], [868.7, 2.25], [868.71, 6.78], [868.72, 8.35], [868.73, 0.03], [868.74, 0.02], [868.75, 1.01], [868.76, 4.65]], "timestamp": "2025-12-11T11:39:40.322166+00:00"}, {"symbol": "BNBUSDT", "bids": [[868.55, 32.95], [868.54, 0.13], [868.53, 0.23], [868.52, 0.01], [868.51, 0.12], [868.5, 5.12], [868.49, 0.44], [868.48, 3.48], [868.47, 0.62], [868.46, 13.66], [868.45, 6.4], [868.44, 6.79], [868.43, 1.85], [868.42, 2.63], [868.41, 6.35], [868.4, 22.54], [868.39, 13.39], [868.38, 4.65], [868.37, 20.68], [868.36, 9.53]], "asks": [[868.56, 20.21], [868.57, 2.75], [868.58, 17.61], [868.59, 0.01], [868.6, 0.04], [868.61, 5.18], [868.62, 1.26], [868.63, 0.04], [868.64, 3.8], [868.65, 5.91], [868.66, 10.18], [868.67, 3.45], [868.68, 3.6], [868.69, 1.63], [868.7, 3.45], [868.71, 2.77], [868.72, 15.37], [868.73, 12.12], [868.74, 0.37], [868.75, 1.48]], "timestamp": "2025-12-11T11:40:38.232464+00:00"}, {"symbol": "BNBUSDT", "bids": [[868.23, 2.68], [868.22, 0.02], [868.2, 0.02], [868.18, 1.13], [868.17, 1.41], [868.16, 1.23], [868.15, 1.77], [868.14, 6.43], [868.13, 3.41], [868.12, 3.34], [868.11, 5.76], [868.1, 9.7], [868.09, 0.63], [868.08, 7.97], [868.07, 6.8], [868.06, 8.46], [868.05, 7.08], [868.04, 21.45], [868.03, 3.34], [868.02, 22.54]], "asks": [[868.24, 37.44], [868.25, 2.29], [868.27, 3.9], [868.28, 2.14], [868.29, 13.72], [868.3, 12.23], [868.31, 18.99], [868.32, 1.88], [868.33, 6.72], [868.34, 1.58], [868.35, 2.34], [868.36, 7.57], [868.37, 4.3], [868.38, 8.74], [868.39, 11.09], [868.4, 16.25], [868.41, 24.47], [868.42, 7.89], [868.43, 28.45], [868.44, 10.94]], "timestamp": "2025-12-11T11:41:35.397340+00:00"}, {"symbol": "BNBUSDT", "bids": [[867.97, 3.27], [867.96, 0.39], [867.95, 1.41], [867.94, 5.65], [867.93, 0.56], [867.92, 0.03], [867.91, 1.23], [867.9, 0.02], [867.89, 4.53], [867.88, 2.92], [867.87, 15.39], [867.86, 0.03], [867.85, 2.09], [867.84, 4.65], [867.83, 2.54], [867.82, 19.25], [867.81, 1.22], [867.8, 5.59], [867.79, 4.49], [867.78, 4.12]], "asks": [[867.98, 72.36], [867.99, 35.83], [868.0, 33.02], [868.01, 22.66], [868.02, 40.44], [868.03, 19.45], [868.04, 23.31], [868.05, 3.42], [868.06, 9.23], [868.07, 7.53], [868.08, 5.5], [868.09, 2.54], [868.1, 9.15], [868.11, 0.02], [868.12, 0.02], [868.13, 0.57], [868.14, 3.85], [868.15, 4.08], [868.16, 18.02], [868.17, 0.03]], "timestamp": "2025-12-11T11:42:32.599750+00:00"}, {"symbol": "BNBUSDT", "bids": [[867.81, 6.88], [867.8, 0.03], [867.78, 1.45], [867.76, 0.01], [867.75, 0.04], [867.74, 7.24], [867.73, 4.57], [867.72, 2.79], [867.71, 0.25], [867.7, 0.02], [867.69, 0.03], [867.68, 2.36], [867.67, 10.75], [867.66, 13.85], [867.65, 9.13], [867.64, 15.8], [867.63, 3.48], [867.62, 8.9], [867.61, 4.8], [867.6, 9.39]], "asks": [[867.82, 37.37], [867.83, 1.29], [867.84, 1.91], [867.85, 5.66], [867.86, 1.06], [867.87, 0.14], [867.88, 8.44], [867.89, 4.19], [867.9, 3.81], [867.91, 5.88], [867.92, 9.41], [867.93, 5.63], [867.94, 4.1], [867.95, 8.76], [867.96, 11.22], [867.97, 2.31], [867.98, 12.55], [867.99, 17.41], [868.0, 12.42], [868.01, 6.8]], "timestamp": "2025-12-11T11:43:29.487538+00:00"}, {"symbol": "BNBUSDT", "bids": [[868.15, 28.39], [868.14, 0.14], [868.12, 0.61], [868.11, 10.0], [868.1, 7.57], [868.09, 9.14], [868.08, 37.99], [868.07, 15.4], [868.06, 15.56], [868.05, 2.71], [868.04, 9.16], [868.03, 12.57], [868.02, 10.35], [868.01, 12.14], [868.0, 22.51], [867.99, 18.09], [867.98, 5.29], [867.97, 0.02], [867.96, 20.19], [867.95, 0.06]], "asks": [[868.16, 25.7], [868.17, 0.02], [868.18, 5.41], [868.19, 0.11], [868.2, 1.2], [868.21, 0.02], [868.22, 0.49], [868.23, 4.41], [868.24, 3.27], [868.25, 4.74], [868.26, 0.51], [868.27, 5.03], [868.28, 0.02], [868.29, 2.4], [868.3, 2.45], [868.31, 0.61], [868.32, 6.51], [868.33, 13.03], [868.34, 6.85], [868.35, 25.37]], "timestamp": "2025-12-11T11:44:27.763739+00:00"}, {"symbol": "BNBUSDT", "bids": [[867.82, 50.96], [867.81, 1.45], [867.8, 0.44], [867.79, 1.24], [867.78, 0.29], [867.76, 3.04], [867.75, 0.06], [867.74, 1.95], [867.73, 2.11], [867.72, 3.29], [867.71, 0.21], [867.7, 10.98], [867.69, 7.14], [867.68, 9.99], [867.67, 14.82], [867.66, 0.05], [867.65, 18.11], [867.64, 8.26], [867.63, 12.99], [867.62, 14.36]], "asks": [[867.83, 52.46], [867.84, 0.02], [867.85, 0.35], [867.86, 0.02], [867.87, 0.03], [867.88, 2.2], [867.9, 0.24], [867.91, 0.54], [867.92, 0.03], [867.93, 4.55], [867.94, 0.03], [867.95, 0.04], [867.96, 1.5], [867.97, 2.18], [867.98, 0.02], [867.99, 4.02], [868.0, 9.86], [868.01, 5.08], [868.02, 2.17], [868.03, 0.37]], "timestamp": "2025-12-11T11:45:27.245719+00:00"}, {"symbol": "BNBUSDT", "bids": [[867.68, 1.59], [867.66, 5.21], [867.65, 1.02], [867.64, 1.19], [867.63, 0.62], [867.62, 0.01], [867.61, 2.21], [867.6, 3.37], [867.59, 6.62], [867.58, 4.13], [867.57, 3.47], [867.56, 13.71], [867.55, 3.65], [867.54, 14.21], [867.53, 13.7], [867.52, 3.72], [867.51, 1.72], [867.5, 3.91], [867.49, 0.97], [867.48, 4.71]], "asks": [[867.69, 152.73], [867.7, 37.59], [867.71, 6.76], [867.72, 14.82], [867.73, 33.66], [867.74, 48.64], [867.75, 23.1], [867.76, 27.62], [867.77, 29.61], [867.78, 0.61], [867.79, 0.02], [867.8, 4.97], [867.81, 2.73], [867.82, 6.68], [867.83, 34.5], [867.84, 3.57], [867.85, 11.52], [867.86, 11.58], [867.87, 2.41], [867.88, 6.61]], "timestamp": "2025-12-11T11:46:26.974204+00:00"}, {"symbol": "BNBUSDT", "bids": [[867.77, 22.03], [867.76, 0.03], [867.75, 0.42], [867.73, 6.43], [867.72, 13.73], [867.71, 10.56], [867.7, 0.02], [867.69, 0.15], [867.68, 19.59], [867.67, 2.82], [867.66, 24.15], [867.65, 2.12], [867.64, 13.42], [867.63, 0.03], [867.62, 8.91], [867.61, 14.51], [867.6, 14.72], [867.59, 14.0], [867.58, 19.11], [867.57, 23.39]], "asks": [[867.78, 58.61], [867.79, 0.01], [867.8, 0.03], [867.81, 0.02], [867.82, 0.04], [867.83, 2.32], [867.84, 0.02], [867.85, 0.01], [867.86, 2.68], [867.87, 0.64], [867.88, 4.44], [867.89, 2.58], [867.9, 3.09], [867.91, 2.29], [867.92, 4.27], [867.93, 3.34], [867.94, 0.02], [867.95, 2.36], [867.96, 2.51], [867.97, 11.54]], "timestamp": "2025-12-11T11:47:26.320376+00:00"}, {"symbol": "BNBUSDT", "bids": [[867.31, 49.97], [867.3, 4.48], [867.29, 10.89], [867.28, 21.16], [867.27, 26.8], [867.26, 0.02], [867.25, 0.13], [867.24, 0.37], [867.23, 4.12], [867.22, 13.51], [867.21, 5.43], [867.2, 2.17], [867.19, 10.74], [867.18, 17.18], [867.17, 24.27], [867.16, 2.9], [867.15, 4.12], [867.14, 13.6], [867.13, 1.25], [867.12, 0.05]], "asks": [[867.32, 3.02], [867.33, 0.2], [867.34, 0.2], [867.35, 0.34], [867.36, 0.02], [867.37, 0.02], [867.38, 0.8], [867.39, 0.99], [867.4, 0.02], [867.41, 1.68], [867.42, 3.85], [867.43, 2.09], [867.44, 3.54], [867.45, 4.5], [867.46, 4.48], [867.47, 4.66], [867.48, 10.87], [867.49, 6.72], [867.5, 1.54], [867.51, 3.85]], "timestamp": "2025-12-11T11:48:23.257544+00:00"}, {"symbol": "BNBUSDT", "bids": [[867.3, 12.18], [867.29, 5.31], [867.28, 0.01], [867.27, 14.7], [867.26, 4.78], [867.25, 1.8], [867.24, 4.22], [867.23, 7.95], [867.22, 2.58], [867.21, 4.03], [867.2, 18.45], [867.19, 4.77], [867.18, 10.61], [867.17, 14.54], [867.16, 5.76], [867.15, 4.6], [867.14, 26.77], [867.13, 5.57], [867.12, 0.05], [867.11, 5.51]], "asks": [[867.31, 26.05], [867.32, 3.9], [867.33, 5.43], [867.34, 0.11], [867.35, 1.03], [867.36, 2.17], [867.37, 0.6], [867.38, 4.02], [867.39, 1.81], [867.4, 4.29], [867.41, 7.69], [867.42, 4.88], [867.43, 10.28], [867.44, 6.53], [867.45, 6.31], [867.46, 4.45], [867.47, 2.29], [867.48, 17.79], [867.49, 20.27], [867.5, 58.69]], "timestamp": "2025-12-11T11:49:20.261594+00:00"}, {"symbol": "BNBUSDT", "bids": [[867.22, 9.22], [867.21, 0.02], [867.2, 0.04], [867.19, 0.02], [867.18, 0.05], [867.17, 3.55], [867.16, 1.49], [867.15, 2.24], [867.14, 4.11], [867.13, 4.1], [867.12, 5.23], [867.11, 9.27], [867.1, 2.4], [867.09, 10.38], [867.08, 40.13], [867.07, 17.32], [867.06, 0.23], [867.05, 5.22], [867.04, 1.58], [867.03, 18.75]], "asks": [[867.23, 40.14], [867.24, 32.15], [867.25, 17.54], [867.26, 5.12], [867.27, 14.15], [867.28, 35.76], [867.29, 24.69], [867.3, 0.04], [867.31, 19.45], [867.32, 21.86], [867.33, 0.14], [867.34, 2.59], [867.35, 1.64], [867.36, 8.0], [867.37, 3.64], [867.38, 13.02], [867.39, 0.62], [867.4, 17.52], [867.41, 1.53], [867.42, 0.68]], "timestamp": "2025-12-11T11:50:16.913443+00:00"}, {"symbol": "BNBUSDT", "bids": [[866.29, 19.35], [866.28, 0.02], [866.27, 0.81], [866.26, 0.02], [866.25, 1.1], [866.24, 1.44], [866.23, 3.43], [866.22, 0.37], [866.21, 2.63], [866.2, 6.05], [866.19, 3.05], [866.18, 0.05], [866.17, 0.26], [866.16, 7.68], [866.15, 11.54], [866.14, 14.63], [866.13, 43.39], [866.12, 13.53], [866.11, 1.17], [866.1, 0.1]], "asks": [[866.3, 75.82], [866.31, 17.05], [866.32, 13.42], [866.33, 14.05], [866.34, 60.54], [866.35, 3.18], [866.36, 4.01], [866.37, 5.37], [866.38, 7.74], [866.39, 10.89], [866.4, 8.78], [866.41, 4.36], [866.42, 2.33], [866.43, 1.63], [866.44, 8.93], [866.45, 9.57], [866.46, 4.56], [866.47, 3.37], [866.48, 28.88], [866.49, 7.32]], "timestamp": "2025-12-11T11:51:14.557508+00:00"}, {"symbol": "BNBUSDT", "bids": [[866.87, 12.59], [866.86, 6.4], [866.85, 0.27], [866.84, 11.63], [866.83, 5.46], [866.82, 7.73], [866.81, 21.15], [866.8, 35.03], [866.79, 3.04], [866.78, 0.4], [866.77, 4.13], [866.76, 0.51], [866.75, 2.82], [866.74, 11.0], [866.73, 67.14], [866.72, 32.9], [866.71, 10.14], [866.7, 7.79], [866.69, 11.35], [866.68, 0.02]], "asks": [[866.88, 45.37], [866.89, 5.29], [866.9, 5.49], [866.91, 0.13], [866.92, 0.03], [866.93, 1.76], [866.94, 2.71], [866.95, 2.31], [866.96, 5.05], [866.97, 1.83], [866.99, 0.63], [867.0, 14.25], [867.01, 14.13], [867.02, 0.58], [867.03, 0.01], [867.04, 0.9], [867.05, 3.99], [867.06, 8.02], [867.07, 2.42], [867.08, 5.49]], "timestamp": "2025-12-11T11:52:11.260392+00:00"}, {"symbol": "BNBUSDT", "bids": [[866.61, 77.04], [866.6, 0.04], [866.59, 0.21], [866.58, 0.12], [866.56, 2.64], [866.55, 1.87], [866.54, 0.49], [866.53, 2.4], [866.52, 3.03], [866.51, 0.81], [866.5, 2.46], [866.49, 0.24], [866.48, 21.28], [866.47, 4.75], [866.46, 27.99], [866.45, 72.91], [866.44, 0.38], [866.43, 4.1], [866.42, 8.96], [866.41, 0.04]], "asks": [[866.62, 9.56], [866.63, 0.02], [866.64, 0.83], [866.68, 1.78], [866.69, 10.66], [866.7, 8.51], [866.71, 28.22], [866.72, 15.93], [866.73, 0.25], [866.74, 4.96], [866.75, 0.21], [866.76, 6.74], [866.77, 0.12], [866.78, 5.63], [866.79, 0.01], [866.8, 21.05], [866.81, 10.83], [866.82, 1.2], [866.83, 7.33], [866.84, 0.04]], "timestamp": "2025-12-11T11:53:08.595652+00:00"}, {"symbol": "BNBUSDT", "bids": [[866.79, 41.11], [866.78, 1.22], [866.77, 1.19], [866.76, 21.63], [866.75, 4.71], [866.74, 3.82], [866.73, 11.41], [866.72, 106.36], [866.71, 33.11], [866.7, 45.2], [866.69, 28.35], [866.68, 20.81], [866.67, 11.7], [866.65, 0.03], [866.64, 2.78], [866.63, 15.34], [866.62, 2.23], [866.61, 5.74], [866.6, 2.05], [866.59, 10.73]], "asks": [[866.8, 26.74], [866.81, 1.14], [866.82, 0.02], [866.83, 0.02], [866.84, 1.49], [866.85, 4.41], [866.86, 0.23], [866.87, 5.21], [866.88, 3.02], [866.89, 10.09], [866.9, 8.38], [866.91, 0.61], [866.92, 0.01], [866.93, 2.15], [866.94, 0.1], [866.95, 0.04], [866.96, 4.97], [866.97, 4.06], [866.98, 2.16], [866.99, 3.54]], "timestamp": "2025-12-11T11:54:04.516447+00:00"}, {"symbol": "BNBUSDT", "bids": [[866.78, 13.06], [866.77, 0.04], [866.75, 1.2], [866.74, 0.11], [866.73, 0.11], [866.72, 11.52], [866.71, 6.82], [866.7, 9.01], [866.69, 4.57], [866.68, 9.03], [866.67, 1.13], [866.66, 6.01], [866.65, 1.89], [866.64, 17.87], [866.63, 0.04], [866.62, 2.35], [866.61, 10.92], [866.6, 15.2], [866.59, 7.93], [866.58, 21.79]], "asks": [[866.79, 44.24], [866.8, 13.86], [866.81, 0.01], [866.82, 0.02], [866.83, 0.06], [866.84, 1.19], [866.85, 3.62], [866.86, 3.59], [866.87, 0.02], [866.88, 3.67], [866.89, 9.73], [866.9, 8.06], [866.91, 0.36], [866.92, 2.6], [866.93, 8.49], [866.94, 2.58], [866.95, 0.58], [866.96, 18.98], [866.97, 36.99], [866.98, 13.69]], "timestamp": "2025-12-11T11:55:01.152414+00:00"}, {"symbol": "BNBUSDT", "bids": [[866.58, 92.87], [866.57, 41.35], [866.56, 4.7], [866.55, 7.96], [866.54, 4.58], [866.53, 32.62], [866.52, 42.27], [866.51, 32.51], [866.5, 40.07], [866.49, 9.0], [866.48, 1.41], [866.47, 1.92], [866.46, 2.38], [866.45, 6.06], [866.44, 0.99], [866.43, 17.12], [866.42, 11.29], [866.41, 59.21], [866.4, 9.12], [866.39, 6.66]], "asks": [[866.59, 0.93], [866.6, 0.18], [866.61, 0.01], [866.62, 0.02], [866.64, 0.02], [866.65, 1.96], [866.66, 10.23], [866.67, 6.73], [866.68, 4.19], [866.69, 8.38], [866.7, 0.05], [866.71, 4.1], [866.72, 0.02], [866.73, 2.24], [866.74, 10.56], [866.75, 3.83], [866.76, 38.86], [866.77, 0.03], [866.78, 15.76], [866.79, 2.73]], "timestamp": "2025-12-11T11:55:57.396269+00:00"}, {"symbol": "BNBUSDT", "bids": [[866.48, 26.82], [866.47, 1.56], [866.46, 0.01], [866.45, 0.44], [866.44, 2.39], [866.43, 1.71], [866.41, 2.25], [866.4, 4.39], [866.39, 12.33], [866.38, 4.31], [866.37, 10.7], [866.36, 68.92], [866.35, 5.48], [866.34, 1.85], [866.33, 6.69], [866.32, 7.99], [866.31, 12.08], [866.3, 32.97], [866.29, 9.9], [866.28, 9.75]], "asks": [[866.49, 68.8], [866.5, 17.22], [866.51, 6.98], [866.52, 4.69], [866.53, 4.58], [866.54, 5.67], [866.55, 10.34], [866.56, 34.51], [866.57, 23.35], [866.58, 20.4], [866.59, 6.5], [866.6, 0.18], [866.61, 0.25], [866.63, 0.05], [866.64, 3.39], [866.65, 2.37], [866.66, 3.98], [866.67, 1.56], [866.68, 3.14], [866.69, 5.59]], "timestamp": "2025-12-11T11:56:52.697447+00:00"}, {"symbol": "BNBUSDT", "bids": [[866.51, 7.41], [866.5, 0.02], [866.49, 1.14], [866.48, 0.36], [866.47, 2.1], [866.46, 1.84], [866.45, 0.23], [866.44, 13.49], [866.43, 0.04], [866.42, 3.54], [866.41, 7.52], [866.4, 61.11], [866.39, 6.06], [866.38, 2.36], [866.37, 11.13], [866.36, 22.6], [866.35, 20.89], [866.34, 7.83], [866.33, 9.16], [866.32, 22.62]], "asks": [[866.52, 33.36], [866.53, 1.53], [866.54, 10.07], [866.55, 20.05], [866.56, 6.13], [866.57, 5.18], [866.58, 0.23], [866.59, 0.13], [866.6, 3.16], [866.61, 2.91], [866.63, 7.5], [866.64, 0.5], [866.65, 3.48], [866.66, 0.02], [866.67, 2.47], [866.68, 5.25], [866.69, 11.13], [866.7, 0.05], [866.71, 8.8], [866.72, 26.25]], "timestamp": "2025-12-11T11:57:50.350300+00:00"}, {"symbol": "BNBUSDT", "bids": [[866.79, 83.71], [866.78, 0.14], [866.77, 0.68], [866.76, 1.28], [866.75, 2.66], [866.74, 2.87], [866.73, 2.86], [866.72, 15.99], [866.71, 1.5], [866.7, 60.98], [866.69, 0.03], [866.68, 4.78], [866.67, 11.96], [866.66, 0.47], [866.65, 7.01], [866.64, 13.87], [866.63, 5.52], [866.62, 0.02], [866.61, 5.89], [866.6, 15.47]], "asks": [[866.8, 10.58], [866.81, 1.53], [866.82, 16.86], [866.83, 5.22], [866.84, 0.02], [866.85, 7.42], [866.86, 4.83], [866.87, 19.93], [866.88, 10.89], [866.89, 17.57], [866.9, 2.17], [866.91, 0.03], [866.92, 0.01], [866.94, 2.74], [866.95, 1.39], [866.96, 2.18], [866.97, 5.85], [866.98, 2.15], [866.99, 0.45], [867.0, 6.0]], "timestamp": "2025-12-11T11:58:49.390564+00:00"}, {"symbol": "BNBUSDT", "bids": [[866.51, 11.7], [866.5, 2.7], [866.49, 0.02], [866.48, 0.39], [866.47, 0.04], [866.46, 1.52], [866.45, 1.62], [866.44, 1.82], [866.43, 2.78], [866.42, 3.09], [866.41, 4.9], [866.4, 7.24], [866.39, 13.46], [866.38, 60.72], [866.37, 8.95], [866.36, 10.66], [866.35, 0.37], [866.34, 4.65], [866.33, 0.57], [866.32, 26.15]], "asks": [[866.52, 46.97], [866.53, 1.53], [866.54, 6.55], [866.55, 0.93], [866.56, 5.2], [866.58, 6.31], [866.59, 17.89], [866.6, 14.75], [866.61, 15.52], [866.62, 3.35], [866.64, 4.82], [866.65, 0.69], [866.66, 5.55], [866.67, 4.5], [866.68, 5.92], [866.69, 15.04], [866.7, 0.02], [866.71, 9.25], [866.72, 9.91], [866.73, 16.81]], "timestamp": "2025-12-11T11:59:44.861212+00:00"}, {"symbol": "BNBUSDT", "bids": [[866.16, 4.49], [866.15, 0.02], [866.14, 0.09], [866.13, 1.11], [866.1, 3.28], [866.09, 2.52], [866.08, 13.65], [866.07, 0.26], [866.06, 5.02], [866.05, 7.08], [866.04, 10.2], [866.03, 60.93], [866.02, 2.37], [866.01, 30.6], [866.0, 171.61], [865.99, 3.75], [865.98, 9.3], [865.97, 5.0], [865.96, 0.37], [865.95, 8.73]], "asks": [[866.17, 55.34], [866.18, 46.0], [866.19, 25.35], [866.2, 0.03], [866.21, 30.95], [866.22, 32.09], [866.23, 35.68], [866.24, 36.65], [866.25, 24.84], [866.26, 4.38], [866.27, 2.75], [866.28, 3.42], [866.29, 0.01], [866.3, 18.93], [866.31, 0.03], [866.32, 9.9], [866.33, 5.83], [866.34, 23.14], [866.35, 9.92], [866.36, 11.34]], "timestamp": "2025-12-11T12:00:42.165183+00:00"}, {"symbol": "BNBUSDT", "bids": [[866.43, 10.89], [866.4, 1.92], [866.39, 4.65], [866.38, 1.59], [866.37, 0.01], [866.36, 6.81], [866.35, 8.85], [866.34, 4.06], [866.33, 4.1], [866.32, 7.64], [866.31, 3.18], [866.3, 6.22], [866.29, 2.79], [866.28, 26.65], [866.27, 4.6], [866.26, 2.26], [866.25, 12.48], [866.24, 68.65], [866.23, 5.4], [866.22, 3.7]], "asks": [[866.44, 69.05], [866.45, 0.33], [866.46, 3.51], [866.47, 0.09], [866.48, 0.35], [866.49, 1.51], [866.5, 5.19], [866.51, 2.29], [866.52, 4.85], [866.53, 2.23], [866.54, 17.4], [866.55, 5.78], [866.56, 0.71], [866.57, 4.45], [866.58, 6.85], [866.59, 38.53], [866.6, 0.39], [866.61, 2.27], [866.62, 12.4], [866.63, 0.48]], "timestamp": "2025-12-11T12:01:39.520192+00:00"}, {"symbol": "BNBUSDT", "bids": [[866.35, 37.2], [866.34, 0.01], [866.33, 1.87], [866.32, 12.41], [866.31, 1.82], [866.3, 8.07], [866.29, 6.1], [866.28, 0.02], [866.27, 14.58], [866.26, 14.88], [866.25, 67.9], [866.24, 4.58], [866.23, 0.22], [866.21, 1.94], [866.2, 6.46], [866.19, 3.93], [866.18, 12.81], [866.17, 0.12], [866.16, 6.16], [866.15, 8.88]], "asks": [[866.36, 9.7], [866.39, 0.07], [866.4, 4.16], [866.41, 2.83], [866.42, 0.02], [866.43, 5.77], [866.44, 4.0], [866.45, 0.64], [866.46, 4.13], [866.47, 4.26], [866.48, 23.67], [866.49, 2.87], [866.5, 11.79], [866.51, 0.03], [866.52, 10.61], [866.53, 4.73], [866.54, 4.17], [866.55, 1.15], [866.56, 14.29], [866.57, 15.24]], "timestamp": "2025-12-11T12:02:36.365071+00:00"}, {"symbol": "BNBUSDT", "bids": [[866.27, 11.98], [866.26, 1.52], [866.25, 0.36], [866.24, 13.09], [866.23, 7.21], [866.22, 6.98], [866.21, 15.26], [866.2, 23.7], [866.19, 10.11], [866.18, 6.56], [866.17, 6.13], [866.16, 17.49], [866.15, 3.58], [866.14, 7.66], [866.13, 0.01], [866.12, 15.47], [866.11, 13.03], [866.1, 16.85], [866.09, 70.35], [866.08, 7.37]], "asks": [[866.28, 27.0], [866.29, 5.18], [866.31, 3.62], [866.32, 2.49], [866.33, 7.85], [866.34, 5.21], [866.35, 9.37], [866.36, 1.95], [866.37, 7.73], [866.38, 2.16], [866.39, 4.33], [866.4, 7.99], [866.41, 7.83], [866.42, 6.46], [866.43, 3.57], [866.44, 4.79], [866.45, 3.67], [866.46, 0.03], [866.47, 11.97], [866.48, 10.44]], "timestamp": "2025-12-11T12:03:34.017916+00:00"}, {"symbol": "BNBUSDT", "bids": [[866.13, 1.07], [866.12, 0.02], [866.11, 0.46], [866.1, 0.01], [866.09, 0.13], [866.08, 7.38], [866.07, 3.07], [866.06, 9.59], [866.05, 2.39], [866.04, 5.45], [866.03, 8.1], [866.02, 4.71], [866.01, 0.27], [866.0, 10.0], [865.99, 7.7], [865.98, 19.17], [865.97, 16.42], [865.96, 14.5], [865.95, 3.79], [865.94, 13.78]], "asks": [[866.14, 60.22], [866.15, 30.09], [866.16, 17.2], [866.17, 18.11], [866.18, 14.55], [866.19, 20.26], [866.2, 31.04], [866.21, 4.33], [866.22, 13.8], [866.23, 11.97], [866.24, 2.82], [866.25, 3.6], [866.26, 2.18], [866.27, 11.56], [866.28, 6.39], [866.29, 8.21], [866.3, 13.05], [866.31, 8.94], [866.32, 13.71], [866.33, 6.29]], "timestamp": "2025-12-11T12:04:31.198023+00:00"}, {"symbol": "BNBUSDT", "bids": [[865.7, 73.02], [865.69, 35.84], [865.68, 22.52], [865.67, 25.94], [865.66, 27.53], [865.65, 7.73], [865.64, 4.82], [865.63, 3.51], [865.62, 0.12], [865.61, 9.31], [865.6, 14.44], [865.59, 7.39], [865.58, 5.99], [865.57, 2.8], [865.56, 60.09], [865.55, 2.52], [865.54, 6.28], [865.53, 2.57], [865.52, 6.17], [865.51, 1.27]], "asks": [[865.71, 0.03], [865.72, 1.8], [865.74, 0.03], [865.75, 0.15], [865.76, 0.01], [865.77, 0.98], [865.78, 0.02], [865.79, 0.04], [865.8, 0.04], [865.81, 3.89], [865.82, 5.36], [865.83, 4.2], [865.84, 10.73], [865.85, 1.41], [865.86, 7.28], [865.87, 48.3], [865.88, 4.57], [865.89, 5.61], [865.9, 3.92], [865.91, 26.0]], "timestamp": "2025-12-11T12:05:28.737615+00:00"}, {"symbol": "BNBUSDT", "bids": [[866.42, 26.04], [866.41, 0.04], [866.4, 0.12], [866.39, 2.99], [866.38, 1.02], [866.37, 2.51], [866.36, 10.67], [866.35, 25.02], [866.34, 0.03], [866.33, 2.28], [866.32, 11.69], [866.31, 60.55], [866.3, 2.43], [866.29, 0.22], [866.28, 5.23], [866.27, 3.33], [866.26, 4.26], [866.25, 9.23], [866.24, 5.21], [866.23, 7.21]], "asks": [[866.43, 21.01], [866.44, 0.01], [866.45, 0.03], [866.46, 6.53], [866.47, 17.49], [866.48, 23.63], [866.49, 1.61], [866.5, 3.65], [866.51, 3.43], [866.52, 0.24], [866.53, 0.01], [866.54, 4.8], [866.55, 2.44], [866.56, 18.38], [866.57, 0.03], [866.58, 1.83], [866.59, 9.21], [866.6, 16.57], [866.61, 4.95], [866.63, 19.09]], "timestamp": "2025-12-11T12:06:24.200391+00:00"}, {"symbol": "BNBUSDT", "bids": [[865.2, 30.95], [865.19, 2.64], [865.18, 4.31], [865.17, 4.69], [865.16, 10.64], [865.15, 3.81], [865.14, 0.01], [865.13, 2.28], [865.12, 6.41], [865.11, 1.79], [865.1, 8.62], [865.09, 5.45], [865.08, 11.91], [865.07, 61.96], [865.06, 3.94], [865.05, 0.46], [865.04, 11.86], [865.03, 0.48], [865.02, 21.65], [865.01, 6.98]], "asks": [[865.21, 22.8], [865.22, 0.49], [865.24, 2.72], [865.25, 1.62], [865.26, 5.15], [865.27, 10.93], [865.28, 0.36], [865.29, 0.01], [865.3, 0.02], [865.31, 0.03], [865.32, 6.13], [865.33, 2.53], [865.34, 0.53], [865.35, 4.07], [865.36, 0.65], [865.37, 2.12], [865.38, 7.12], [865.39, 1.78], [865.4, 7.54], [865.41, 19.89]], "timestamp": "2025-12-11T12:07:19.730364+00:00"}, {"symbol": "BNBUSDT", "bids": [[865.2, 3.67], [865.19, 0.02], [865.15, 1.41], [865.14, 0.03], [865.13, 3.02], [865.12, 12.64], [865.11, 15.64], [865.1, 12.68], [865.09, 4.1], [865.08, 0.9], [865.07, 2.21], [865.06, 4.12], [865.05, 1.84], [865.04, 25.32], [865.03, 68.13], [865.02, 1.76], [865.01, 6.6], [865.0, 64.14], [864.99, 10.85], [864.98, 7.11]], "asks": [[865.21, 40.31], [865.22, 0.01], [865.23, 3.69], [865.24, 3.66], [865.25, 3.57], [865.26, 0.83], [865.27, 5.33], [865.28, 7.79], [865.29, 7.75], [865.3, 3.61], [865.31, 6.59], [865.32, 10.49], [865.33, 3.97], [865.34, 12.43], [865.35, 17.95], [865.36, 11.7], [865.37, 0.36], [865.38, 8.83], [865.39, 36.91], [865.4, 16.95]], "timestamp": "2025-12-11T12:08:14.741934+00:00"}, {"symbol": "BNBUSDT", "bids": [[864.88, 3.48], [864.87, 0.6], [864.86, 0.01], [864.85, 0.02], [864.84, 1.21], [864.83, 0.02], [864.82, 0.94], [864.81, 0.04], [864.8, 7.61], [864.79, 2.44], [864.78, 0.38], [864.77, 58.52], [864.76, 0.72], [864.75, 2.75], [864.74, 0.02], [864.73, 0.23], [864.72, 1.79], [864.71, 1.57], [864.7, 8.33], [864.69, 16.9]], "asks": [[864.89, 80.62], [864.9, 48.08], [864.91, 47.35], [864.92, 23.75], [864.93, 12.12], [864.94, 1.31], [864.95, 3.58], [864.96, 0.21], [864.97, 1.0], [864.98, 0.28], [864.99, 0.04], [865.0, 4.03], [865.01, 0.86], [865.02, 0.54], [865.03, 7.08], [865.04, 14.11], [865.05, 39.06], [865.06, 19.54], [865.07, 13.13], [865.08, 10.4]], "timestamp": "2025-12-11T12:09:10.241887+00:00"}, {"symbol": "BNBUSDT", "bids": [[864.7, 37.59], [864.69, 17.72], [864.68, 6.37], [864.67, 12.48], [864.66, 2.12], [864.65, 4.88], [864.64, 10.61], [864.63, 2.46], [864.62, 59.78], [864.61, 2.43], [864.6, 4.62], [864.59, 9.81], [864.58, 3.53], [864.57, 0.58], [864.56, 7.28], [864.55, 0.34], [864.54, 2.41], [864.53, 3.93], [864.52, 8.45], [864.51, 6.37]], "asks": [[864.71, 6.27], [864.72, 0.04], [864.73, 0.03], [864.74, 0.41], [864.75, 1.82], [864.76, 7.63], [864.77, 3.65], [864.78, 11.59], [864.79, 2.14], [864.8, 3.34], [864.81, 3.94], [864.82, 0.02], [864.83, 4.02], [864.84, 10.14], [864.85, 4.5], [864.86, 1.52], [864.87, 20.62], [864.88, 9.88], [864.89, 7.22], [864.9, 37.13]], "timestamp": "2025-12-11T12:10:05.112328+00:00"}, {"symbol": "BNBUSDT", "bids": [[864.5, 4.85], [864.49, 0.68], [864.48, 0.13], [864.46, 1.95], [864.45, 10.81], [864.44, 12.09], [864.43, 4.81], [864.42, 1.96], [864.41, 0.01], [864.4, 65.78], [864.39, 21.86], [864.38, 0.25], [864.37, 2.66], [864.36, 3.48], [864.34, 0.03], [864.33, 1.41], [864.32, 23.75], [864.31, 25.33], [864.3, 6.57], [864.29, 13.08]], "asks": [[864.51, 73.27], [864.52, 2.32], [864.53, 6.75], [864.54, 25.54], [864.55, 20.61], [864.56, 1.63], [864.57, 4.02], [864.59, 0.3], [864.6, 6.48], [864.61, 2.53], [864.62, 3.83], [864.63, 2.14], [864.64, 3.09], [864.65, 0.43], [864.66, 4.59], [864.67, 0.69], [864.68, 9.19], [864.69, 9.72], [864.7, 0.03], [864.71, 0.02]], "timestamp": "2025-12-11T12:10:59.624276+00:00"}, {"symbol": "BNBUSDT", "bids": [[864.62, 45.07], [864.61, 2.04], [864.6, 0.11], [864.59, 0.19], [864.58, 1.09], [864.57, 12.13], [864.56, 9.83], [864.55, 16.57], [864.54, 10.11], [864.53, 0.29], [864.52, 46.95], [864.51, 2.87], [864.5, 6.64], [864.49, 0.77], [864.48, 7.47], [864.47, 26.76], [864.46, 3.04], [864.45, 8.02], [864.44, 10.37], [864.43, 0.04]], "asks": [[864.63, 11.57], [864.64, 0.05], [864.67, 0.02], [864.68, 0.01], [864.69, 0.01], [864.7, 0.01], [864.71, 3.54], [864.72, 3.27], [864.73, 7.96], [864.74, 1.92], [864.75, 9.16], [864.76, 5.21], [864.77, 8.81], [864.78, 6.33], [864.79, 5.74], [864.8, 18.01], [864.81, 10.99], [864.82, 0.17], [864.83, 4.43], [864.84, 19.1]], "timestamp": "2025-12-11T12:11:55.833655+00:00"}, {"symbol": "BNBUSDT", "bids": [[864.4, 19.65], [864.39, 18.55], [864.38, 0.35], [864.37, 0.72], [864.36, 3.62], [864.35, 11.35], [864.34, 3.34], [864.33, 0.01], [864.32, 55.53], [864.31, 25.33], [864.3, 0.16], [864.29, 0.03], [864.28, 1.75], [864.27, 4.74], [864.26, 2.48], [864.25, 0.38], [864.24, 3.71], [864.23, 13.06], [864.22, 7.3], [864.21, 13.2]], "asks": [[864.41, 30.65], [864.42, 30.73], [864.43, 10.76], [864.44, 13.69], [864.45, 25.07], [864.46, 24.23], [864.47, 42.37], [864.48, 30.79], [864.49, 7.81], [864.5, 7.79], [864.51, 3.64], [864.52, 6.62], [864.53, 14.16], [864.54, 1.54], [864.55, 3.51], [864.56, 1.75], [864.57, 3.93], [864.58, 0.02], [864.59, 4.04], [864.6, 12.58]], "timestamp": "2025-12-11T12:12:50.484052+00:00"}, {"symbol": "BNBUSDT", "bids": [[864.7, 4.36], [864.69, 1.06], [864.67, 0.02], [864.66, 0.02], [864.65, 0.01], [864.64, 0.03], [864.63, 1.42], [864.62, 1.54], [864.61, 2.77], [864.6, 0.04], [864.59, 1.93], [864.58, 5.73], [864.57, 0.04], [864.56, 4.58], [864.55, 5.36], [864.54, 9.15], [864.53, 9.32], [864.52, 15.36], [864.51, 20.8], [864.5, 5.45]], "asks": [[864.71, 48.36], [864.72, 4.19], [864.73, 13.22], [864.74, 12.29], [864.76, 7.72], [864.77, 21.06], [864.78, 32.72], [864.79, 25.08], [864.8, 18.25], [864.81, 8.7], [864.82, 15.39], [864.83, 9.03], [864.84, 23.5], [864.85, 10.04], [864.86, 18.5], [864.87, 17.37], [864.88, 24.38], [864.89, 8.38], [864.9, 20.26], [864.91, 3.2]], "timestamp": "2025-12-11T12:13:46.144746+00:00"}, {"symbol": "BNBUSDT", "bids": [[864.62, 78.96], [864.61, 8.95], [864.6, 15.39], [864.59, 14.83], [864.58, 7.8], [864.57, 9.0], [864.56, 8.36], [864.55, 0.01], [864.54, 2.09], [864.53, 3.4], [864.52, 19.74], [864.51, 49.9], [864.5, 2.81], [864.49, 6.94], [864.48, 10.38], [864.47, 7.06], [864.46, 7.94], [864.45, 1.7], [864.44, 10.96], [864.43, 7.97]], "asks": [[864.63, 2.98], [864.64, 0.01], [864.66, 0.01], [864.68, 3.82], [864.69, 6.27], [864.7, 0.49], [864.71, 5.21], [864.72, 0.04], [864.73, 1.57], [864.74, 7.82], [864.75, 5.27], [864.76, 10.5], [864.77, 5.85], [864.78, 20.02], [864.79, 4.87], [864.8, 6.36], [864.81, 1.22], [864.82, 7.38], [864.83, 11.56], [864.84, 5.21]], "timestamp": "2025-12-11T12:14:41.406966+00:00"}, {"symbol": "BNBUSDT", "bids": [[865.26, 5.99], [865.25, 0.01], [865.24, 0.07], [865.23, 2.83], [865.22, 2.49], [865.21, 5.52], [865.2, 3.84], [865.19, 0.39], [865.18, 2.0], [865.17, 12.74], [865.16, 5.83], [865.15, 2.57], [865.14, 8.75], [865.13, 11.14], [865.12, 16.98], [865.11, 50.08], [865.1, 3.19], [865.09, 45.38], [865.08, 9.48], [865.07, 18.28]], "asks": [[865.27, 39.29], [865.28, 16.98], [865.29, 8.29], [865.3, 8.14], [865.31, 0.25], [865.32, 33.86], [865.33, 17.53], [865.34, 3.18], [865.35, 0.63], [865.36, 21.89], [865.37, 3.47], [865.38, 1.85], [865.39, 9.02], [865.4, 0.47], [865.41, 15.13], [865.42, 30.75], [865.43, 0.58], [865.44, 4.33], [865.45, 0.01], [865.46, 11.57]], "timestamp": "2025-12-11T12:15:35.956956+00:00"}, {"symbol": "BNBUSDT", "bids": [[865.19, 5.6], [865.18, 0.15], [865.17, 0.68], [865.16, 0.02], [865.15, 1.72], [865.14, 8.77], [865.13, 4.79], [865.12, 0.05], [865.11, 3.49], [865.1, 7.6], [865.09, 6.04], [865.08, 13.65], [865.07, 0.25], [865.06, 0.59], [865.05, 5.37], [865.04, 47.97], [865.03, 0.24], [865.02, 0.04], [865.01, 2.22], [865.0, 11.52]], "asks": [[865.2, 26.14], [865.21, 10.43], [865.22, 11.81], [865.23, 7.79], [865.24, 1.01], [865.25, 1.42], [865.26, 2.6], [865.27, 3.02], [865.28, 6.66], [865.29, 2.91], [865.3, 8.11], [865.31, 0.55], [865.32, 11.03], [865.33, 12.45], [865.34, 12.19], [865.35, 0.43], [865.36, 5.46], [865.37, 9.27], [865.38, 0.6], [865.39, 11.65]], "timestamp": "2025-12-11T12:16:31.036017+00:00"}, {"symbol": "BNBUSDT", "bids": [[865.13, 36.2], [865.12, 0.55], [865.11, 8.2], [865.1, 43.76], [865.09, 3.61], [865.07, 13.71], [865.06, 5.24], [865.05, 7.49], [865.04, 47.58], [865.03, 0.45], [865.02, 3.28], [865.01, 8.83], [865.0, 2.21], [864.99, 6.69], [864.98, 0.13], [864.97, 1.75], [864.96, 2.6], [864.95, 0.02], [864.94, 10.72], [864.93, 5.34]], "asks": [[865.14, 2.26], [865.15, 0.04], [865.16, 0.02], [865.17, 0.03], [865.18, 2.75], [865.19, 12.37], [865.2, 3.46], [865.21, 0.07], [865.22, 1.01], [865.23, 6.58], [865.24, 7.69], [865.25, 0.39], [865.26, 5.15], [865.27, 2.27], [865.28, 9.56], [865.29, 5.99], [865.3, 14.14], [865.31, 1.18], [865.32, 14.11], [865.33, 38.4]], "timestamp": "2025-12-11T12:17:27.364916+00:00"}, {"symbol": "BNBUSDT", "bids": [[864.91, 38.37], [864.9, 1.06], [864.89, 0.65], [864.88, 6.8], [864.87, 0.43], [864.86, 2.97], [864.85, 5.24], [864.84, 18.22], [864.83, 5.0], [864.82, 10.42], [864.81, 19.82], [864.8, 9.92], [864.79, 43.69], [864.78, 4.39], [864.77, 7.43], [864.76, 9.7], [864.75, 5.41], [864.74, 12.15], [864.73, 2.17], [864.72, 22.67]], "asks": [[864.92, 16.65], [864.93, 0.03], [864.96, 1.79], [864.97, 5.33], [864.98, 0.61], [864.99, 0.01], [865.0, 8.22], [865.01, 5.56], [865.02, 1.64], [865.03, 1.29], [865.04, 0.66], [865.05, 11.38], [865.06, 2.24], [865.07, 5.63], [865.08, 18.06], [865.09, 5.8], [865.1, 9.0], [865.11, 18.82], [865.12, 2.67], [865.13, 1.0]], "timestamp": "2025-12-11T12:18:22.610088+00:00"}, {"symbol": "BNBUSDT", "bids": [[864.62, 45.16], [864.61, 0.07], [864.6, 3.83], [864.59, 9.67], [864.58, 0.67], [864.57, 1.24], [864.56, 3.1], [864.55, 0.14], [864.54, 1.55], [864.53, 2.53], [864.52, 16.55], [864.51, 9.44], [864.5, 50.88], [864.49, 1.42], [864.48, 4.05], [864.47, 1.74], [864.46, 6.65], [864.45, 3.01], [864.44, 0.24], [864.43, 5.68]], "asks": [[864.63, 16.09], [864.64, 0.07], [864.65, 1.85], [864.68, 1.62], [864.69, 11.15], [864.7, 1.64], [864.71, 11.88], [864.72, 20.74], [864.73, 4.11], [864.74, 0.33], [864.75, 5.62], [864.76, 0.05], [864.77, 2.13], [864.78, 11.62], [864.79, 0.76], [864.8, 14.29], [864.81, 14.07], [864.82, 41.5], [864.83, 4.01], [864.84, 30.96]], "timestamp": "2025-12-11T12:19:17.446901+00:00"}, {"symbol": "BNBUSDT", "bids": [[864.96, 23.74], [864.94, 0.02], [864.93, 19.69], [864.92, 0.03], [864.91, 0.15], [864.9, 2.77], [864.89, 11.91], [864.88, 3.72], [864.87, 2.84], [864.86, 12.73], [864.85, 9.34], [864.84, 7.22], [864.83, 5.34], [864.82, 14.62], [864.81, 1.94], [864.8, 22.74], [864.79, 9.67], [864.78, 7.9], [864.77, 44.18], [864.76, 3.2]], "asks": [[864.97, 10.22], [864.98, 0.03], [864.99, 0.71], [865.0, 2.4], [865.01, 4.55], [865.02, 1.64], [865.03, 5.56], [865.04, 15.0], [865.05, 12.6], [865.06, 0.25], [865.07, 0.26], [865.08, 10.54], [865.09, 4.53], [865.1, 0.03], [865.11, 3.5], [865.12, 12.4], [865.13, 0.03], [865.14, 4.16], [865.15, 0.01], [865.16, 18.35]], "timestamp": "2025-12-11T12:20:12.377595+00:00"}, {"symbol": "BNBUSDT", "bids": [[866.24, 7.24], [866.23, 0.02], [866.22, 0.25], [866.21, 0.29], [866.2, 0.04], [866.18, 14.49], [866.17, 0.06], [866.16, 8.22], [866.15, 38.86], [866.14, 13.84], [866.13, 3.1], [866.12, 0.28], [866.11, 4.37], [866.1, 10.9], [866.09, 10.01], [866.08, 6.36], [866.07, 1.24], [866.06, 4.01], [866.05, 1.71], [866.04, 2.42]], "asks": [[866.25, 38.04], [866.26, 10.06], [866.27, 6.55], [866.28, 3.02], [866.29, 3.11], [866.3, 2.22], [866.31, 0.4], [866.32, 13.04], [866.34, 3.04], [866.35, 0.01], [866.36, 2.31], [866.37, 5.84], [866.38, 0.42], [866.39, 0.02], [866.4, 4.89], [866.41, 2.72], [866.42, 11.58], [866.43, 0.01], [866.44, 7.64], [866.45, 2.66]], "timestamp": "2025-12-11T12:21:09.003988+00:00"}, {"symbol": "BNBUSDT", "bids": [[866.31, 0.94], [866.3, 2.38], [866.29, 0.01], [866.28, 0.03], [866.26, 0.33], [866.25, 0.01], [866.24, 1.55], [866.23, 0.05], [866.22, 0.01], [866.21, 0.96], [866.2, 0.06], [866.19, 7.88], [866.18, 2.34], [866.17, 4.69], [866.16, 2.71], [866.15, 3.49], [866.14, 2.25], [866.13, 7.4], [866.12, 5.39], [866.11, 2.34]], "asks": [[866.32, 51.78], [866.33, 21.32], [866.34, 18.04], [866.35, 7.75], [866.36, 32.88], [866.37, 21.57], [866.38, 0.3], [866.39, 21.53], [866.4, 15.74], [866.41, 0.01], [866.42, 0.02], [866.43, 1.06], [866.44, 3.59], [866.45, 3.02], [866.46, 7.77], [866.47, 0.01], [866.48, 2.91], [866.49, 2.52], [866.5, 3.76], [866.51, 11.62]], "timestamp": "2025-12-11T12:22:04.927737+00:00"}, {"symbol": "BNBUSDT", "bids": [[865.91, 42.68], [865.9, 0.02], [865.89, 6.0], [865.88, 39.43], [865.87, 16.16], [865.86, 70.05], [865.85, 23.52], [865.84, 22.69], [865.83, 22.07], [865.82, 11.23], [865.81, 14.35], [865.8, 13.16], [865.79, 8.35], [865.78, 11.69], [865.77, 0.18], [865.76, 5.19], [865.75, 0.33], [865.74, 4.63], [865.73, 2.22], [865.72, 8.68]], "asks": [[865.92, 1.91], [865.94, 0.41], [865.95, 0.01], [865.96, 0.02], [865.97, 1.72], [865.98, 0.13], [865.99, 1.5], [866.0, 6.72], [866.01, 0.09], [866.02, 5.38], [866.03, 2.33], [866.04, 2.38], [866.05, 0.02], [866.06, 4.45], [866.07, 7.24], [866.08, 4.56], [866.09, 1.22], [866.1, 5.82], [866.11, 0.03], [866.12, 7.75]], "timestamp": "2025-12-11T12:23:00.409486+00:00"}, {"symbol": "BNBUSDT", "bids": [[865.75, 7.14], [865.74, 0.02], [865.72, 4.57], [865.71, 4.38], [865.7, 0.51], [865.69, 0.01], [865.68, 2.98], [865.67, 4.34], [865.66, 4.55], [865.65, 0.84], [865.64, 9.65], [865.63, 53.84], [865.62, 2.01], [865.61, 10.83], [865.6, 7.64], [865.59, 2.76], [865.58, 10.01], [865.57, 0.55], [865.56, 2.78], [865.55, 2.81]], "asks": [[865.76, 23.41], [865.77, 9.55], [865.78, 4.58], [865.79, 4.72], [865.8, 5.89], [865.81, 4.95], [865.82, 2.12], [865.83, 0.01], [865.84, 3.39], [865.85, 4.59], [865.86, 0.02], [865.87, 7.73], [865.88, 2.09], [865.89, 7.97], [865.9, 2.79], [865.91, 2.34], [865.92, 4.17], [865.93, 8.27], [865.94, 0.36], [865.95, 3.76]], "timestamp": "2025-12-11T12:23:55.093615+00:00"}, {"symbol": "BNBUSDT", "bids": [[866.15, 59.25], [866.14, 0.02], [866.13, 4.42], [866.12, 31.96], [866.11, 0.04], [866.1, 0.52], [866.09, 15.26], [866.08, 22.49], [866.07, 22.29], [866.06, 2.86], [866.05, 2.43], [866.04, 5.12], [866.03, 15.07], [866.02, 0.59], [866.01, 1.36], [866.0, 14.04], [865.99, 8.09], [865.98, 60.83], [865.97, 0.02], [865.96, 4.9]], "asks": [[866.16, 9.87], [866.17, 0.01], [866.19, 0.01], [866.2, 0.06], [866.21, 0.77], [866.22, 0.01], [866.23, 0.03], [866.24, 4.66], [866.25, 5.41], [866.26, 8.02], [866.27, 11.16], [866.28, 0.47], [866.29, 4.75], [866.3, 2.73], [866.31, 2.18], [866.32, 11.63], [866.33, 2.18], [866.34, 11.58], [866.35, 0.03], [866.36, 9.55]], "timestamp": "2025-12-11T12:24:50.613266+00:00"}, {"symbol": "BNBUSDT", "bids": [[866.07, 14.16], [866.05, 2.71], [866.04, 3.22], [866.03, 13.68], [866.02, 13.26], [866.01, 18.43], [866.0, 10.73], [865.99, 6.66], [865.98, 2.75], [865.96, 10.25], [865.95, 4.22], [865.94, 10.32], [865.93, 0.13], [865.92, 17.2], [865.91, 9.26], [865.9, 33.15], [865.89, 18.97], [865.88, 16.97], [865.87, 10.86], [865.86, 10.32]], "asks": [[866.08, 14.16], [866.12, 2.1], [866.13, 0.04], [866.14, 0.13], [866.15, 1.22], [866.16, 11.75], [866.17, 6.54], [866.18, 0.23], [866.19, 4.91], [866.2, 6.05], [866.21, 2.86], [866.22, 0.48], [866.23, 0.03], [866.24, 11.63], [866.25, 6.18], [866.26, 2.57], [866.27, 7.49], [866.28, 27.35], [866.29, 2.08], [866.3, 11.54]], "timestamp": "2025-12-11T12:25:47.587548+00:00"}, {"symbol": "BNBUSDT", "bids": [[865.97, 52.87], [865.96, 2.27], [865.95, 12.28], [865.94, 0.03], [865.92, 7.44], [865.91, 15.19], [865.9, 9.2], [865.89, 3.6], [865.88, 4.03], [865.87, 3.53], [865.86, 0.4], [865.85, 15.49], [865.84, 3.99], [865.83, 4.05], [865.82, 4.19], [865.81, 3.06], [865.8, 23.17], [865.79, 0.01], [865.78, 0.04], [865.77, 17.41]], "asks": [[865.98, 1.32], [865.99, 0.02], [866.0, 1.75], [866.01, 0.01], [866.02, 0.01], [866.03, 0.25], [866.04, 0.02], [866.06, 0.57], [866.07, 4.89], [866.08, 0.3], [866.09, 2.1], [866.1, 4.9], [866.11, 6.17], [866.12, 4.37], [866.13, 8.15], [866.14, 0.01], [866.15, 6.93], [866.16, 20.44], [866.17, 20.79], [866.18, 5.13]], "timestamp": "2025-12-11T12:26:44.289379+00:00"}, {"symbol": "BNBUSDT", "bids": [[865.77, 37.86], [865.76, 0.61], [865.74, 0.03], [865.73, 0.64], [865.72, 2.89], [865.71, 4.3], [865.7, 0.85], [865.69, 10.06], [865.68, 5.2], [865.67, 9.73], [865.66, 4.54], [865.65, 0.26], [865.64, 2.5], [865.63, 0.05], [865.62, 3.5], [865.61, 2.16], [865.6, 11.9], [865.59, 6.49], [865.58, 26.49], [865.57, 13.92]], "asks": [[865.78, 13.12], [865.79, 0.12], [865.8, 3.38], [865.81, 5.13], [865.82, 7.41], [865.83, 1.16], [865.84, 7.73], [865.85, 0.01], [865.86, 0.3], [865.87, 5.38], [865.88, 9.05], [865.89, 1.88], [865.9, 0.03], [865.91, 10.25], [865.92, 4.35], [865.93, 1.67], [865.94, 6.1], [865.95, 2.33], [865.96, 8.33], [865.97, 5.3]], "timestamp": "2025-12-11T12:27:39.477819+00:00"}, {"symbol": "BNBUSDT", "bids": [[865.86, 18.27], [865.85, 0.02], [865.84, 3.95], [865.83, 4.66], [865.82, 7.1], [865.81, 10.39], [865.8, 10.65], [865.79, 6.86], [865.78, 12.3], [865.77, 5.94], [865.76, 5.18], [865.75, 1.0], [865.74, 0.74], [865.73, 0.4], [865.72, 5.34], [865.71, 7.19], [865.7, 1.12], [865.69, 4.45], [865.68, 12.91], [865.67, 0.41]], "asks": [[865.87, 17.81], [865.88, 0.02], [865.89, 0.01], [865.9, 0.4], [865.91, 0.06], [865.92, 5.3], [865.93, 5.52], [865.94, 1.0], [865.95, 1.79], [865.96, 13.66], [865.97, 0.66], [865.98, 3.61], [865.99, 0.98], [866.0, 19.64], [866.01, 18.23], [866.02, 5.81], [866.03, 0.03], [866.04, 12.18], [866.05, 49.96], [866.06, 7.48]], "timestamp": "2025-12-11T12:28:33.711274+00:00"}, {"symbol": "BNBUSDT", "bids": [[866.02, 34.05], [866.01, 12.41], [866.0, 16.43], [865.99, 9.16], [865.98, 8.38], [865.97, 9.74], [865.96, 1.03], [865.95, 1.01], [865.94, 0.86], [865.93, 0.01], [865.92, 2.7], [865.91, 3.69], [865.9, 0.69], [865.89, 7.17], [865.88, 4.82], [865.87, 7.31], [865.86, 15.34], [865.85, 2.04], [865.84, 18.23], [865.83, 4.12]], "asks": [[866.03, 6.28], [866.04, 0.01], [866.06, 0.16], [866.07, 1.61], [866.08, 3.01], [866.09, 6.19], [866.11, 4.08], [866.12, 9.0], [866.13, 5.08], [866.14, 7.39], [866.15, 2.72], [866.16, 6.24], [866.17, 1.07], [866.18, 9.02], [866.19, 9.61], [866.2, 2.48], [866.21, 0.02], [866.22, 1.04], [866.23, 1.18], [866.24, 9.28]], "timestamp": "2025-12-11T12:29:28.592958+00:00"}, {"symbol": "BNBUSDT", "bids": [[866.03, 23.82], [866.02, 7.22], [866.01, 0.33], [866.0, 3.25], [865.99, 1.35], [865.98, 4.6], [865.97, 9.01], [865.96, 0.25], [865.95, 3.36], [865.94, 9.17], [865.93, 4.82], [865.92, 2.21], [865.91, 3.26], [865.9, 3.51], [865.89, 18.98], [865.88, 5.46], [865.87, 0.05], [865.86, 24.78], [865.85, 4.04], [865.84, 16.03]], "asks": [[866.04, 5.75], [866.05, 0.02], [866.06, 1.0], [866.07, 0.11], [866.08, 8.2], [866.09, 0.03], [866.1, 0.55], [866.11, 3.15], [866.12, 10.07], [866.13, 0.48], [866.14, 2.19], [866.15, 0.23], [866.16, 1.43], [866.17, 2.67], [866.18, 3.84], [866.19, 2.8], [866.2, 5.74], [866.21, 0.05], [866.22, 1.16], [866.23, 37.31]], "timestamp": "2025-12-11T12:30:23.017117+00:00"}, {"symbol": "BNBUSDT", "bids": [[866.09, 35.65], [866.08, 0.03], [866.07, 0.6], [866.06, 0.91], [866.05, 2.26], [866.04, 6.84], [866.03, 6.02], [866.02, 15.75], [866.01, 0.78], [866.0, 29.06], [865.99, 9.03], [865.98, 6.35], [865.97, 2.24], [865.96, 3.94], [865.95, 3.79], [865.94, 0.3], [865.93, 0.02], [865.92, 13.69], [865.91, 12.01], [865.9, 3.01]], "asks": [[866.1, 5.27], [866.11, 0.03], [866.12, 12.51], [866.13, 0.29], [866.14, 0.01], [866.15, 11.98], [866.16, 6.1], [866.17, 0.01], [866.18, 0.04], [866.19, 0.11], [866.2, 1.71], [866.21, 2.21], [866.22, 2.21], [866.23, 4.92], [866.24, 0.03], [866.25, 2.68], [866.26, 2.27], [866.27, 2.33], [866.28, 3.41], [866.29, 11.26]], "timestamp": "2025-12-11T12:31:18.094910+00:00"}, {"symbol": "BNBUSDT", "bids": [[866.55, 70.22], [866.54, 24.01], [866.53, 15.47], [866.52, 17.24], [866.51, 17.06], [866.5, 13.28], [866.49, 26.56], [866.48, 17.07], [866.47, 4.33], [866.46, 0.38], [866.45, 0.89], [866.44, 0.05], [866.43, 2.51], [866.42, 4.3], [866.41, 3.84], [866.4, 23.09], [866.39, 11.95], [866.38, 2.15], [866.37, 40.06], [866.36, 41.68]], "asks": [[866.56, 0.28], [866.58, 0.05], [866.59, 0.4], [866.6, 0.04], [866.61, 0.11], [866.63, 1.27], [866.64, 0.1], [866.65, 1.99], [866.66, 8.79], [866.67, 4.34], [866.68, 0.05], [866.69, 0.41], [866.7, 2.25], [866.71, 3.18], [866.72, 0.45], [866.73, 0.09], [866.74, 3.14], [866.75, 5.4], [866.76, 5.44], [866.77, 6.39]], "timestamp": "2025-12-11T12:32:11.981987+00:00"}, {"symbol": "BNBUSDT", "bids": [[867.11, 44.13], [867.1, 5.97], [867.09, 17.73], [867.08, 16.67], [867.07, 0.97], [867.06, 4.01], [867.05, 4.11], [867.04, 7.31], [867.03, 5.12], [867.02, 11.25], [867.01, 4.08], [867.0, 2.9], [866.99, 2.24], [866.98, 10.4], [866.97, 0.77], [866.96, 13.97], [866.95, 19.07], [866.94, 23.99], [866.93, 0.66], [866.92, 29.5]], "asks": [[867.12, 0.42], [867.13, 0.02], [867.14, 0.09], [867.15, 0.02], [867.16, 0.11], [867.17, 0.65], [867.18, 0.01], [867.19, 3.25], [867.2, 0.05], [867.21, 0.5], [867.23, 0.18], [867.24, 6.89], [867.25, 0.08], [867.26, 2.25], [867.27, 5.1], [867.28, 1.8], [867.29, 2.83], [867.3, 9.08], [867.31, 2.21], [867.32, 4.83]], "timestamp": "2025-12-11T12:33:07.351359+00:00"}, {"symbol": "BNBUSDT", "bids": [[867.26, 7.33], [867.25, 3.47], [867.24, 2.52], [867.23, 7.85], [867.22, 0.04], [867.21, 7.32], [867.2, 2.75], [867.19, 5.13], [867.18, 5.03], [867.17, 3.31], [867.16, 14.91], [867.15, 8.88], [867.14, 9.83], [867.13, 6.48], [867.12, 69.0], [867.11, 4.28], [867.1, 20.87], [867.09, 22.26], [867.08, 10.17], [867.07, 2.67]], "asks": [[867.27, 34.79], [867.28, 8.36], [867.29, 26.88], [867.3, 20.19], [867.31, 15.03], [867.32, 28.62], [867.33, 15.96], [867.34, 12.95], [867.35, 26.03], [867.36, 11.97], [867.37, 0.04], [867.38, 0.36], [867.39, 1.17], [867.4, 9.08], [867.41, 2.21], [867.42, 3.92], [867.43, 0.96], [867.44, 4.14], [867.45, 13.9], [867.46, 0.02]], "timestamp": "2025-12-11T12:34:02.735591+00:00"}, {"symbol": "BNBUSDT", "bids": [[866.67, 0.4], [866.66, 0.04], [866.65, 0.03], [866.64, 0.11], [866.63, 0.16], [866.61, 0.03], [866.6, 0.04], [866.59, 2.82], [866.58, 7.58], [866.57, 9.83], [866.56, 8.81], [866.55, 39.87], [866.54, 2.23], [866.53, 0.65], [866.52, 4.85], [866.51, 0.13], [866.5, 3.72], [866.49, 13.55], [866.48, 17.83], [866.47, 20.8]], "asks": [[866.68, 69.18], [866.69, 29.0], [866.7, 17.69], [866.71, 24.5], [866.72, 30.74], [866.73, 22.63], [866.74, 15.68], [866.75, 10.72], [866.76, 28.55], [866.77, 7.74], [866.78, 8.92], [866.79, 15.15], [866.8, 3.51], [866.81, 0.03], [866.83, 0.02], [866.84, 2.25], [866.85, 0.02], [866.86, 1.5], [866.87, 0.06], [866.88, 0.02]], "timestamp": "2025-12-11T12:34:56.799940+00:00"}, {"symbol": "BNBUSDT", "bids": [[865.83, 11.27], [865.81, 1.02], [865.8, 5.14], [865.79, 1.16], [865.78, 0.88], [865.77, 2.02], [865.76, 5.98], [865.75, 1.11], [865.74, 4.78], [865.73, 0.04], [865.72, 7.65], [865.71, 9.94], [865.7, 0.36], [865.69, 2.58], [865.68, 41.95], [865.67, 1.3], [865.66, 6.05], [865.65, 10.38], [865.64, 42.04], [865.63, 5.43]], "asks": [[865.84, 44.27], [865.85, 10.58], [865.86, 9.6], [865.87, 8.48], [865.88, 0.03], [865.89, 11.37], [865.9, 12.27], [865.91, 23.19], [865.92, 41.44], [865.93, 1.53], [865.94, 0.62], [865.95, 4.54], [865.96, 0.77], [865.97, 2.26], [865.98, 0.02], [865.99, 2.53], [866.0, 2.12], [866.01, 1.91], [866.02, 0.5], [866.03, 3.66]], "timestamp": "2025-12-11T12:35:51.784994+00:00"}, {"symbol": "BNBUSDT", "bids": [[866.34, 21.8], [866.33, 0.02], [866.32, 0.73], [866.31, 0.16], [866.3, 0.28], [866.29, 2.15], [866.28, 7.34], [866.27, 23.08], [866.26, 0.27], [866.25, 12.79], [866.24, 12.63], [866.23, 6.96], [866.22, 2.2], [866.21, 15.62], [866.2, 17.24], [866.19, 24.93], [866.18, 0.8], [866.17, 8.52], [866.16, 21.99], [866.15, 53.17]], "asks": [[866.35, 18.75], [866.36, 0.04], [866.37, 0.28], [866.38, 0.02], [866.4, 6.26], [866.41, 0.04], [866.42, 3.56], [866.43, 16.8], [866.44, 7.5], [866.45, 4.39], [866.46, 0.26], [866.47, 0.26], [866.48, 3.05], [866.49, 2.56], [866.5, 5.22], [866.51, 0.04], [866.52, 0.05], [866.54, 10.3], [866.55, 4.0], [866.56, 23.09]], "timestamp": "2025-12-11T12:36:46.170831+00:00"}, {"symbol": "BNBUSDT", "bids": [[866.26, 7.68], [866.25, 0.36], [866.24, 0.02], [866.22, 2.41], [866.21, 1.98], [866.2, 9.95], [866.19, 2.83], [866.18, 2.63], [866.17, 1.89], [866.16, 14.91], [866.15, 53.68], [866.14, 10.88], [866.13, 6.64], [866.12, 23.52], [866.11, 10.94], [866.1, 14.94], [866.09, 22.05], [866.08, 6.56], [866.07, 0.69], [866.06, 22.22]], "asks": [[866.27, 30.19], [866.28, 3.96], [866.29, 3.12], [866.3, 2.43], [866.31, 0.17], [866.32, 8.3], [866.33, 6.27], [866.34, 6.07], [866.35, 4.58], [866.36, 27.47], [866.37, 0.18], [866.38, 1.55], [866.4, 3.68], [866.41, 1.9], [866.42, 3.49], [866.43, 0.02], [866.44, 17.88], [866.45, 2.07], [866.46, 13.82], [866.48, 0.02]], "timestamp": "2025-12-11T12:37:41.443434+00:00"}, {"symbol": "BNBUSDT", "bids": [[865.95, 18.62], [865.94, 0.02], [865.93, 4.87], [865.92, 1.09], [865.91, 3.19], [865.9, 11.22], [865.89, 3.67], [865.88, 14.47], [865.87, 2.75], [865.86, 0.42], [865.85, 16.01], [865.84, 12.5], [865.83, 12.9], [865.82, 2.49], [865.81, 31.22], [865.8, 18.94], [865.79, 19.97], [865.78, 15.03], [865.77, 0.73], [865.76, 49.53]], "asks": [[865.96, 11.65], [865.97, 0.03], [865.99, 0.34], [866.0, 2.93], [866.01, 1.74], [866.02, 4.32], [866.03, 1.51], [866.04, 5.9], [866.05, 4.33], [866.06, 7.39], [866.07, 2.21], [866.08, 4.46], [866.09, 1.24], [866.1, 0.04], [866.11, 6.56], [866.12, 3.99], [866.13, 1.77], [866.14, 4.32], [866.15, 8.56], [866.16, 9.87]], "timestamp": "2025-12-11T12:38:35.584495+00:00"}, {"symbol": "BNBUSDT", "bids": [[866.07, 32.7], [866.06, 0.02], [866.04, 12.14], [866.03, 2.37], [866.02, 2.78], [866.01, 1.89], [866.0, 9.71], [865.99, 2.42], [865.98, 2.44], [865.97, 46.41], [865.96, 12.18], [865.95, 22.16], [865.94, 5.44], [865.93, 3.76], [865.92, 15.19], [865.91, 13.41], [865.9, 22.89], [865.89, 3.5], [865.88, 17.15], [865.87, 12.29]], "asks": [[866.08, 14.96], [866.09, 0.03], [866.1, 0.15], [866.11, 1.51], [866.12, 0.67], [866.13, 0.02], [866.14, 0.27], [866.16, 1.54], [866.17, 0.23], [866.18, 0.02], [866.19, 3.96], [866.2, 0.02], [866.22, 2.18], [866.23, 4.22], [866.24, 0.03], [866.25, 0.06], [866.26, 7.68], [866.27, 2.14], [866.28, 6.69], [866.29, 11.54]], "timestamp": "2025-12-11T12:39:30.300292+00:00"}, {"symbol": "BNBUSDT", "bids": [[866.88, 5.73], [866.87, 0.02], [866.86, 2.39], [866.85, 0.01], [866.84, 0.6], [866.83, 0.02], [866.82, 0.04], [866.81, 1.96], [866.8, 7.17], [866.79, 6.07], [866.78, 2.81], [866.77, 5.08], [866.76, 10.05], [866.75, 13.44], [866.74, 2.59], [866.73, 2.81], [866.72, 14.87], [866.71, 19.97], [866.7, 0.02], [866.69, 8.62]], "asks": [[866.89, 36.79], [866.9, 0.01], [866.91, 1.26], [866.92, 0.4], [866.93, 0.2], [866.94, 2.67], [866.95, 4.59], [866.96, 1.57], [866.97, 6.09], [866.98, 5.48], [866.99, 4.57], [867.0, 2.22], [867.01, 8.43], [867.03, 2.44], [867.04, 4.57], [867.05, 0.04], [867.06, 1.27], [867.07, 4.57], [867.08, 5.77], [867.09, 11.84]], "timestamp": "2025-12-11T12:40:25.766642+00:00"}, {"symbol": "BNBUSDT", "bids": [[866.96, 17.05], [866.95, 0.07], [866.94, 2.09], [866.93, 5.07], [866.92, 8.62], [866.91, 24.73], [866.9, 2.6], [866.89, 8.44], [866.88, 148.37], [866.87, 0.34], [866.86, 11.6], [866.85, 4.97], [866.84, 0.02], [866.83, 0.1], [866.82, 4.44], [866.8, 10.81], [866.79, 3.96], [866.78, 60.63], [866.77, 0.06], [866.76, 12.06]], "asks": [[866.97, 18.24], [866.98, 0.01], [866.99, 2.89], [867.0, 0.02], [867.02, 2.21], [867.03, 6.32], [867.04, 9.22], [867.05, 0.27], [867.06, 5.22], [867.07, 1.23], [867.08, 3.98], [867.09, 5.02], [867.1, 6.73], [867.11, 0.53], [867.12, 11.59], [867.13, 5.25], [867.14, 3.23], [867.15, 3.79], [867.16, 3.24], [867.17, 12.14]], "timestamp": "2025-12-11T12:41:19.749482+00:00"}, {"symbol": "BNBUSDT", "bids": [[866.22, 5.44], [866.21, 4.68], [866.2, 0.13], [866.19, 0.14], [866.18, 0.98], [866.16, 0.02], [866.15, 6.42], [866.14, 3.57], [866.13, 0.69], [866.12, 7.18], [866.11, 12.07], [866.1, 0.67], [866.09, 9.98], [866.08, 2.78], [866.07, 6.85], [866.06, 10.75], [866.05, 48.59], [866.04, 25.75], [866.03, 4.56], [866.02, 8.6]], "asks": [[866.23, 30.48], [866.24, 0.41], [866.25, 2.01], [866.26, 6.11], [866.27, 4.89], [866.28, 8.78], [866.29, 6.68], [866.3, 2.41], [866.31, 12.75], [866.32, 19.07], [866.33, 0.06], [866.34, 0.06], [866.35, 0.03], [866.36, 0.14], [866.37, 2.23], [866.38, 0.03], [866.4, 5.73], [866.41, 2.62], [866.42, 14.09], [866.43, 0.34]], "timestamp": "2025-12-11T12:42:13.974332+00:00"}, {"symbol": "BNBUSDT", "bids": [[866.24, 82.79], [866.23, 0.3], [866.22, 2.04], [866.21, 4.69], [866.2, 17.12], [866.19, 4.65], [866.18, 10.63], [866.17, 22.65], [866.16, 24.35], [866.15, 11.19], [866.14, 0.82], [866.13, 4.34], [866.12, 4.75], [866.11, 4.16], [866.1, 3.29], [866.09, 15.27], [866.08, 16.36], [866.07, 6.32], [866.06, 0.72], [866.05, 0.13]], "asks": [[866.25, 2.57], [866.26, 0.02], [866.27, 0.11], [866.28, 0.03], [866.29, 0.71], [866.3, 0.26], [866.31, 0.52], [866.32, 0.04], [866.33, 1.95], [866.34, 0.03], [866.35, 0.01], [866.36, 3.3], [866.37, 5.02], [866.38, 6.13], [866.39, 4.92], [866.4, 2.15], [866.41, 8.91], [866.42, 5.69], [866.43, 0.32], [866.44, 3.42]], "timestamp": "2025-12-11T12:43:08.830495+00:00"}, {"symbol": "BNBUSDT", "bids": [[866.57, 26.01], [866.56, 6.48], [866.55, 4.98], [866.54, 0.02], [866.52, 4.39], [866.51, 16.31], [866.5, 6.01], [866.49, 3.78], [866.48, 0.3], [866.47, 0.73], [866.46, 3.41], [866.45, 2.21], [866.44, 13.64], [866.43, 4.52], [866.42, 4.22], [866.41, 3.0], [866.4, 11.22], [866.39, 5.89], [866.38, 6.05], [866.37, 18.35]], "asks": [[866.58, 30.51], [866.59, 0.02], [866.6, 1.45], [866.61, 1.99], [866.62, 0.18], [866.63, 7.38], [866.64, 0.06], [866.65, 0.34], [866.66, 0.02], [866.67, 0.02], [866.68, 1.96], [866.69, 2.89], [866.7, 2.23], [866.71, 0.62], [866.72, 6.25], [866.73, 4.12], [866.74, 0.04], [866.75, 3.19], [866.76, 7.25], [866.77, 5.03]], "timestamp": "2025-12-11T12:44:02.913557+00:00"}, {"symbol": "BNBUSDT", "bids": [[867.2, 67.37], [867.19, 8.17], [867.18, 0.19], [867.17, 4.8], [867.16, 5.99], [867.15, 0.05], [867.14, 1.38], [867.13, 9.94], [867.12, 2.15], [867.11, 2.23], [867.1, 5.13], [867.09, 3.79], [867.08, 5.43], [867.07, 0.02], [867.06, 4.35], [867.05, 0.56], [867.04, 12.46], [867.03, 13.54], [867.02, 28.73], [867.01, 9.75]], "asks": [[867.21, 6.89], [867.23, 0.01], [867.24, 0.02], [867.25, 2.21], [867.26, 10.26], [867.27, 2.06], [867.28, 2.3], [867.29, 1.51], [867.3, 0.04], [867.31, 0.63], [867.32, 4.54], [867.33, 3.55], [867.34, 3.83], [867.35, 0.01], [867.36, 6.06], [867.37, 5.83], [867.38, 4.48], [867.39, 0.63], [867.4, 4.95], [867.41, 6.42]], "timestamp": "2025-12-11T12:44:59.218607+00:00"}, {"symbol": "BNBUSDT", "bids": [[867.37, 2.1], [867.36, 0.03], [867.34, 0.07], [867.33, 0.25], [867.32, 0.08], [867.31, 0.06], [867.3, 0.06], [867.29, 1.51], [867.28, 2.7], [867.27, 13.55], [867.26, 0.63], [867.25, 0.37], [867.24, 3.88], [867.23, 4.1], [867.22, 9.4], [867.21, 7.53], [867.2, 5.57], [867.19, 1.45], [867.18, 4.34], [867.17, 0.04]], "asks": [[867.38, 37.2], [867.39, 0.02], [867.4, 4.98], [867.41, 5.46], [867.42, 4.73], [867.43, 0.18], [867.44, 6.01], [867.45, 11.89], [867.46, 5.92], [867.47, 1.53], [867.48, 4.81], [867.49, 17.02], [867.5, 113.7], [867.51, 0.46], [867.52, 14.91], [867.53, 13.87], [867.54, 0.17], [867.55, 2.29], [867.56, 4.58], [867.57, 21.63]], "timestamp": "2025-12-11T12:45:53.818432+00:00"}, {"symbol": "BNBUSDT", "bids": [[867.55, 5.71], [867.54, 0.05], [867.53, 2.54], [867.52, 0.04], [867.51, 0.02], [867.5, 2.37], [867.49, 4.33], [867.48, 0.14], [867.47, 1.83], [867.46, 2.27], [867.45, 3.83], [867.44, 7.95], [867.43, 0.3], [867.42, 7.84], [867.41, 10.22], [867.4, 9.77], [867.39, 11.8], [867.38, 12.34], [867.37, 3.91], [867.36, 11.63]], "asks": [[867.56, 77.35], [867.57, 36.44], [867.58, 25.05], [867.59, 30.85], [867.6, 22.83], [867.61, 43.92], [867.62, 8.16], [867.63, 0.01], [867.64, 1.29], [867.65, 3.15], [867.66, 3.64], [867.67, 0.01], [867.68, 1.53], [867.69, 0.02], [867.7, 0.03], [867.71, 5.59], [867.72, 1.89], [867.73, 9.02], [867.74, 2.95], [867.75, 0.01]], "timestamp": "2025-12-11T12:46:46.542599+00:00"}, {"symbol": "BNBUSDT", "bids": [[867.66, 11.6], [867.65, 0.06], [867.64, 0.25], [867.63, 3.43], [867.62, 0.32], [867.61, 2.17], [867.6, 7.88], [867.59, 2.5], [867.58, 3.53], [867.57, 4.76], [867.56, 5.74], [867.55, 3.7], [867.54, 13.65], [867.53, 9.56], [867.52, 5.07], [867.51, 2.43], [867.5, 8.53], [867.49, 13.04], [867.48, 15.5], [867.47, 0.27]], "asks": [[867.67, 22.18], [867.68, 0.02], [867.69, 4.02], [867.7, 6.49], [867.71, 6.18], [867.72, 22.79], [867.73, 12.43], [867.74, 24.16], [867.75, 11.89], [867.76, 18.81], [867.77, 14.16], [867.78, 0.85], [867.79, 7.97], [867.8, 36.2], [867.81, 0.48], [867.82, 0.58], [867.83, 0.05], [867.84, 2.05], [867.85, 4.14], [867.86, 2.38]], "timestamp": "2025-12-11T12:47:38.357229+00:00"}, {"symbol": "BNBUSDT", "bids": [[867.54, 9.11], [867.53, 6.07], [867.52, 4.59], [867.51, 2.26], [867.5, 0.02], [867.49, 2.36], [867.48, 19.44], [867.47, 12.67], [867.46, 0.72], [867.45, 3.97], [867.44, 14.2], [867.43, 5.99], [867.42, 2.32], [867.41, 5.67], [867.4, 20.32], [867.39, 20.78], [867.38, 6.34], [867.37, 10.49], [867.36, 50.57], [867.35, 26.85]], "asks": [[867.55, 22.83], [867.56, 0.03], [867.57, 1.69], [867.58, 0.5], [867.59, 13.33], [867.6, 2.32], [867.61, 0.21], [867.63, 1.64], [867.64, 1.63], [867.65, 3.12], [867.66, 0.05], [867.67, 7.26], [867.68, 4.02], [867.69, 3.19], [867.7, 4.17], [867.71, 3.93], [867.72, 5.74], [867.73, 2.5], [867.74, 3.12], [867.75, 4.32]], "timestamp": "2025-12-11T12:48:30.037775+00:00"}, {"symbol": "BNBUSDT", "bids": [[867.59, 19.64], [867.58, 6.08], [867.57, 9.63], [867.56, 4.99], [867.55, 10.8], [867.54, 8.49], [867.53, 5.35], [867.52, 8.48], [867.51, 4.63], [867.5, 5.75], [867.49, 1.86], [867.48, 10.42], [867.47, 0.76], [867.46, 9.57], [867.45, 9.02], [867.44, 8.25], [867.43, 3.08], [867.42, 6.78], [867.41, 10.13], [867.4, 35.2]], "asks": [[867.6, 11.09], [867.61, 0.02], [867.63, 0.01], [867.64, 1.31], [867.65, 4.13], [867.66, 1.1], [867.67, 3.17], [867.68, 1.94], [867.69, 3.53], [867.7, 0.97], [867.71, 5.42], [867.72, 2.44], [867.73, 5.1], [867.74, 9.09], [867.75, 0.04], [867.76, 9.95], [867.77, 8.81], [867.78, 3.24], [867.79, 5.75], [867.8, 27.22]], "timestamp": "2025-12-11T12:49:22.001041+00:00"}, {"symbol": "BNBUSDT", "bids": [[867.59, 72.54], [867.58, 1.89], [867.57, 14.36], [867.56, 29.07], [867.55, 24.78], [867.54, 16.58], [867.53, 3.07], [867.52, 2.91], [867.51, 5.03], [867.5, 0.52], [867.49, 2.26], [867.48, 5.78], [867.47, 5.08], [867.46, 3.67], [867.45, 17.85], [867.44, 9.58], [867.43, 11.19], [867.42, 18.66], [867.41, 12.53], [867.4, 17.29]], "asks": [[867.6, 1.2], [867.61, 0.02], [867.63, 0.01], [867.64, 0.43], [867.65, 0.02], [867.66, 1.63], [867.67, 1.12], [867.68, 0.37], [867.69, 2.69], [867.7, 13.88], [867.71, 0.2], [867.72, 3.66], [867.73, 5.79], [867.74, 0.19], [867.75, 0.06], [867.76, 0.02], [867.77, 4.56], [867.78, 4.84], [867.8, 8.69], [867.81, 4.83]], "timestamp": "2025-12-11T12:50:14.107942+00:00"}, {"symbol": "BNBUSDT", "bids": [[867.15, 24.61], [867.14, 0.59], [867.13, 0.02], [867.12, 0.71], [867.11, 3.33], [867.1, 10.96], [867.09, 6.43], [867.08, 1.54], [867.07, 4.91], [867.06, 0.34], [867.05, 5.82], [867.04, 8.81], [867.03, 4.54], [867.02, 6.96], [867.01, 0.58], [867.0, 7.91], [866.99, 3.08], [866.98, 14.74], [866.97, 0.48], [866.96, 0.8]], "asks": [[867.16, 15.85], [867.17, 0.03], [867.2, 0.19], [867.21, 9.51], [867.22, 9.62], [867.23, 48.97], [867.24, 4.43], [867.25, 0.02], [867.27, 0.75], [867.28, 5.49], [867.29, 3.45], [867.3, 1.91], [867.31, 3.46], [867.32, 12.69], [867.33, 6.07], [867.34, 0.28], [867.35, 5.69], [867.36, 13.05], [867.37, 3.22], [867.38, 5.22]], "timestamp": "2025-12-11T12:51:06.742237+00:00"}, {"symbol": "BNBUSDT", "bids": [[867.0, 19.3], [866.99, 1.57], [866.97, 0.37], [866.96, 9.96], [866.95, 7.18], [866.94, 5.59], [866.93, 0.89], [866.92, 2.26], [866.91, 11.74], [866.9, 10.96], [866.89, 8.9], [866.88, 10.49], [866.87, 0.04], [866.86, 1.45], [866.85, 2.74], [866.84, 10.97], [866.83, 12.79], [866.82, 10.7], [866.81, 7.81], [866.8, 10.45]], "asks": [[867.01, 13.58], [867.02, 0.26], [867.03, 2.91], [867.04, 5.84], [867.05, 0.01], [867.06, 0.2], [867.07, 8.52], [867.08, 5.51], [867.09, 6.32], [867.1, 3.87], [867.11, 2.24], [867.12, 3.04], [867.13, 4.61], [867.14, 0.03], [867.15, 6.27], [867.16, 3.57], [867.17, 4.07], [867.18, 15.36], [867.19, 7.13], [867.2, 2.27]], "timestamp": "2025-12-11T12:51:58.437674+00:00"}, {"symbol": "BNBUSDT", "bids": [[867.06, 5.68], [867.04, 0.01], [867.03, 1.56], [867.0, 6.71], [866.99, 0.04], [866.98, 9.07], [866.97, 0.88], [866.96, 0.64], [866.95, 2.3], [866.94, 7.94], [866.93, 6.3], [866.92, 24.35], [866.91, 20.66], [866.9, 6.08], [866.89, 1.28], [866.88, 19.03], [866.87, 6.09], [866.86, 14.22], [866.85, 2.43], [866.84, 3.48]], "asks": [[867.07, 42.44], [867.08, 0.02], [867.09, 4.29], [867.1, 12.3], [867.11, 22.35], [867.12, 3.29], [867.13, 4.37], [867.14, 9.33], [867.15, 13.4], [867.16, 23.69], [867.17, 2.24], [867.18, 0.69], [867.19, 0.2], [867.2, 3.3], [867.21, 0.09], [867.22, 0.27], [867.23, 11.39], [867.24, 21.52], [867.25, 11.89], [867.26, 3.46]], "timestamp": "2025-12-11T12:52:50.093320+00:00"}, {"symbol": "BNBUSDT", "bids": [[866.78, 25.45], [866.77, 0.01], [866.76, 3.33], [866.75, 10.71], [866.74, 0.69], [866.73, 4.05], [866.72, 4.89], [866.71, 5.81], [866.7, 0.82], [866.69, 4.2], [866.68, 7.55], [866.67, 5.59], [866.66, 3.93], [866.65, 14.54], [866.64, 23.46], [866.63, 9.73], [866.62, 9.55], [866.61, 23.34], [866.6, 24.45], [866.59, 15.63]], "asks": [[866.79, 13.14], [866.8, 1.15], [866.81, 2.27], [866.84, 1.17], [866.85, 0.04], [866.86, 1.86], [866.87, 0.01], [866.88, 1.75], [866.89, 1.02], [866.9, 4.42], [866.91, 3.26], [866.92, 2.28], [866.93, 2.86], [866.94, 1.47], [866.95, 7.36], [866.96, 3.53], [866.97, 9.76], [866.98, 0.01], [866.99, 3.69], [867.0, 3.56]], "timestamp": "2025-12-11T12:53:41.864744+00:00"}, {"symbol": "BNBUSDT", "bids": [[866.43, 13.58], [866.42, 0.01], [866.41, 0.19], [866.4, 1.13], [866.38, 0.83], [866.37, 5.03], [866.36, 3.44], [866.35, 8.15], [866.34, 1.08], [866.33, 1.37], [866.32, 21.72], [866.31, 0.05], [866.3, 19.85], [866.29, 53.5], [866.28, 3.98], [866.27, 1.21], [866.26, 4.75], [866.25, 6.21], [866.24, 0.02], [866.23, 5.07]], "asks": [[866.44, 35.06], [866.45, 0.03], [866.46, 2.39], [866.47, 4.65], [866.48, 18.31], [866.49, 4.56], [866.5, 12.83], [866.51, 7.67], [866.52, 3.24], [866.53, 3.75], [866.54, 5.24], [866.55, 1.94], [866.56, 0.2], [866.57, 4.75], [866.58, 0.04], [866.59, 0.01], [866.6, 0.89], [866.61, 0.48], [866.62, 0.58], [866.63, 2.48]], "timestamp": "2025-12-11T12:54:33.694839+00:00"}, {"symbol": "BNBUSDT", "bids": [[866.9, 24.91], [866.89, 10.03], [866.88, 6.96], [866.87, 13.26], [866.86, 14.4], [866.85, 21.98], [866.84, 14.86], [866.83, 13.56], [866.82, 14.52], [866.81, 4.4], [866.8, 1.96], [866.79, 5.51], [866.78, 4.85], [866.77, 0.33], [866.76, 10.77], [866.75, 4.3], [866.74, 1.19], [866.73, 30.77], [866.72, 0.01], [866.71, 9.11]], "asks": [[866.91, 12.73], [866.92, 0.02], [866.94, 6.83], [866.95, 0.18], [866.96, 0.39], [866.97, 4.17], [866.98, 0.01], [866.99, 0.01], [867.0, 1.21], [867.01, 2.19], [867.02, 4.44], [867.03, 0.29], [867.04, 1.59], [867.05, 2.92], [867.06, 5.11], [867.07, 5.51], [867.08, 3.09], [867.09, 5.09], [867.1, 4.62], [867.11, 7.63]], "timestamp": "2025-12-11T12:55:25.702447+00:00"}, {"symbol": "BNBUSDT", "bids": [[867.0, 37.91], [866.99, 6.51], [866.98, 2.98], [866.97, 0.13], [866.96, 12.78], [866.95, 2.16], [866.94, 0.24], [866.93, 28.1], [866.92, 31.37], [866.91, 23.18], [866.9, 7.29], [866.89, 4.06], [866.88, 3.66], [866.87, 8.16], [866.86, 7.88], [866.85, 6.18], [866.84, 26.61], [866.83, 31.46], [866.82, 2.78], [866.81, 6.72]], "asks": [[867.01, 2.78], [867.02, 0.03], [867.03, 0.29], [867.04, 0.02], [867.06, 0.02], [867.07, 0.02], [867.08, 0.56], [867.09, 1.97], [867.1, 2.17], [867.11, 5.11], [867.12, 2.75], [867.13, 5.35], [867.14, 0.36], [867.15, 4.39], [867.16, 12.11], [867.17, 0.27], [867.18, 6.01], [867.19, 0.02], [867.2, 3.13], [867.21, 12.6]], "timestamp": "2025-12-11T12:56:17.682438+00:00"}, {"symbol": "BNBUSDT", "bids": [[866.53, 3.31], [866.52, 5.2], [866.51, 0.02], [866.5, 2.03], [866.49, 0.08], [866.48, 2.16], [866.47, 2.01], [866.46, 0.58], [866.45, 4.69], [866.44, 9.19], [866.43, 3.48], [866.42, 2.89], [866.41, 4.77], [866.4, 7.28], [866.39, 12.84], [866.38, 5.98], [866.37, 3.48], [866.36, 11.56], [866.35, 16.46], [866.34, 11.49]], "asks": [[866.54, 20.86], [866.55, 0.05], [866.56, 4.52], [866.57, 0.22], [866.58, 5.45], [866.59, 4.61], [866.6, 0.23], [866.61, 0.01], [866.62, 1.86], [866.63, 7.6], [866.64, 6.16], [866.65, 6.31], [866.66, 12.27], [866.67, 0.24], [866.68, 4.57], [866.69, 0.34], [866.7, 11.85], [866.71, 16.54], [866.72, 4.45], [866.73, 1.48]], "timestamp": "2025-12-11T12:57:10.988613+00:00"}, {"symbol": "BNBUSDT", "bids": [[866.35, 5.5], [866.34, 1.96], [866.33, 0.52], [866.32, 0.03], [866.31, 3.88], [866.29, 0.01], [866.28, 0.05], [866.27, 4.16], [866.26, 5.73], [866.25, 7.53], [866.24, 1.75], [866.23, 7.18], [866.22, 0.18], [866.21, 3.62], [866.2, 4.0], [866.19, 2.36], [866.18, 2.79], [866.17, 2.86], [866.16, 3.93], [866.15, 10.15]], "asks": [[866.36, 26.24], [866.37, 1.52], [866.38, 3.64], [866.39, 5.31], [866.4, 6.81], [866.41, 3.57], [866.42, 1.36], [866.43, 5.12], [866.44, 3.08], [866.45, 6.96], [866.46, 4.9], [866.47, 0.02], [866.48, 2.56], [866.49, 7.91], [866.5, 10.82], [866.51, 12.53], [866.52, 6.13], [866.53, 1.67], [866.54, 5.04], [866.55, 0.06]], "timestamp": "2025-12-11T12:58:03.192072+00:00"}, {"symbol": "BNBUSDT", "bids": [[866.14, 19.86], [866.13, 5.36], [866.12, 1.29], [866.11, 0.39], [866.1, 1.02], [866.09, 13.08], [866.08, 0.5], [866.07, 0.03], [866.06, 6.19], [866.05, 0.76], [866.04, 3.51], [866.03, 3.54], [866.02, 8.68], [866.01, 1.69], [866.0, 20.12], [865.99, 6.26], [865.98, 3.49], [865.97, 13.39], [865.96, 21.46], [865.95, 11.67]], "asks": [[866.15, 18.19], [866.16, 1.99], [866.17, 5.32], [866.18, 0.03], [866.19, 1.39], [866.2, 6.82], [866.21, 4.7], [866.22, 0.25], [866.23, 0.03], [866.24, 2.4], [866.25, 2.42], [866.26, 4.13], [866.27, 0.34], [866.28, 2.73], [866.29, 0.24], [866.3, 2.31], [866.31, 9.1], [866.32, 9.32], [866.33, 0.05], [866.34, 5.1]], "timestamp": "2025-12-11T12:58:54.595385+00:00"}, {"symbol": "BNBUSDT", "bids": [[866.2, 73.46], [866.19, 11.67], [866.18, 24.32], [866.17, 25.35], [866.16, 28.35], [866.15, 19.78], [866.14, 2.24], [866.13, 2.46], [866.12, 2.42], [866.11, 3.85], [866.1, 2.78], [866.09, 5.25], [866.08, 0.64], [866.07, 0.62], [866.06, 1.52], [866.05, 2.77], [866.04, 19.75], [866.03, 12.42], [866.02, 14.61], [866.01, 4.96]], "asks": [[866.21, 6.74], [866.22, 0.03], [866.23, 0.01], [866.24, 0.01], [866.25, 0.3], [866.26, 0.99], [866.27, 0.95], [866.28, 3.6], [866.3, 2.58], [866.31, 3.92], [866.32, 0.99], [866.33, 4.41], [866.34, 4.88], [866.35, 5.41], [866.36, 11.85], [866.37, 2.24], [866.38, 10.11], [866.39, 0.92], [866.4, 5.31], [866.41, 3.8]], "timestamp": "2025-12-11T12:59:46.174688+00:00"}, {"symbol": "BNBUSDT", "bids": [[866.49, 33.83], [866.48, 0.07], [866.47, 0.79], [866.45, 0.84], [866.44, 2.16], [866.43, 0.02], [866.42, 1.46], [866.41, 0.6], [866.4, 3.32], [866.39, 2.76], [866.38, 3.77], [866.37, 6.57], [866.36, 5.89], [866.35, 12.63], [866.34, 13.89], [866.33, 5.33], [866.32, 1.68], [866.31, 4.71], [866.3, 11.92], [866.29, 0.06]], "asks": [[866.5, 15.0], [866.51, 1.16], [866.52, 0.15], [866.53, 0.03], [866.54, 1.32], [866.55, 3.11], [866.56, 7.48], [866.57, 3.47], [866.58, 1.86], [866.59, 5.08], [866.6, 8.35], [866.61, 0.03], [866.62, 0.02], [866.63, 2.55], [866.64, 4.65], [866.65, 5.89], [866.66, 6.64], [866.67, 0.35], [866.68, 16.24], [866.69, 3.5]], "timestamp": "2025-12-11T13:00:38.346928+00:00"}