[{"id": "785733696", "price": 887.49, "amount": 1.09, "side": "sell", "timestamp": 1765496529892}, {"id": "785733697", "price": 887.49, "amount": 0.01, "side": "sell", "timestamp": 1765496530095}, {"id": "785733698", "price": 887.5, "amount": 0.03, "side": "buy", "timestamp": 1765496530186}, {"id": "785733699", "price": 887.49, "amount": 0.02, "side": "sell", "timestamp": 1765496531062}, {"id": "785733700", "price": 887.5, "amount": 0.01, "side": "buy", "timestamp": 1765496531878}, {"id": "785733701", "price": 887.49, "amount": 0.01, "side": "sell", "timestamp": 1765496532136}, {"id": "785733702", "price": 887.49, "amount": 0.01, "side": "sell", "timestamp": 1765496533157}, {"id": "785733703", "price": 887.49, "amount": 0.02, "side": "sell", "timestamp": 1765496534095}, {"id": "785733704", "price": 887.5, "amount": 0.01, "side": "buy", "timestamp": 1765496534808}, {"id": "785733705", "price": 887.49, "amount": 0.01, "side": "sell", "timestamp": 1765496535200}, {"id": "785733706", "price": 887.49, "amount": 0.01, "side": "sell", "timestamp": 1765496536023}, {"id": "785733707", "price": 887.49, "amount": 0.02, "side": "sell", "timestamp": 1765496536639}, {"id": "785733708", "price": 887.49, "amount": 0.02, "side": "sell", "timestamp": 1765496537033}, {"id": "785733709", "price": 887.49, "amount": 0.02, "side": "sell", "timestamp": 1765496538022}, {"id": "785733710", "price": 887.49, "amount": 0.01, "side": "sell", "timestamp": 1765496539077}, {"id": "785733711", "price": 887.49, "amount": 0.02, "side": "sell", "timestamp": 1765496540098}, {"id": "785733712", "price": 887.49, "amount": 0.44, "side": "sell", "timestamp": 1765496541117}, {"id": "785733713", "price": 887.5, "amount": 0.03, "side": "buy", "timestamp": 1765496541302}, {"id": "785733714", "price": 887.49, "amount": 0.01, "side": "sell", "timestamp": 1765496542027}, {"id": "785733715", "price": 887.49, "amount": 0.01, "side": "sell", "timestamp": 1765496542136}, {"id": "785733716", "price": 887.5, "amount": 0.06, "side": "buy", "timestamp": 1765496542271}, {"id": "785733717", "price": 887.5, "amount": 1.21, "side": "buy", "timestamp": 1765496542618}, {"id": "785733718", "price": 887.51, "amount": 0.48, "side": "buy", "timestamp": 1765496542618}, {"id": "785733719", "price": 887.52, "amount": 0.01, "side": "buy", "timestamp": 1765496542620}, {"id": "785733720", "price": 887.53, "amount": 0.02, "side": "buy", "timestamp": 1765496542620}, {"id": "785733721", "price": 887.56, "amount": 0.04, "side": "buy", "timestamp": 1765496542620}, {"id": "785733722", "price": 887.57, "amount": 0.05, "side": "buy", "timestamp": 1765496542948}, {"id": "785733723", "price": 887.58, "amount": 0.01, "side": "buy", "timestamp": 1765496542950}, {"id": "785733724", "price": 887.6, "amount": 0.04, "side": "buy", "timestamp": 1765496542950}, {"id": "785733725", "price": 887.61, "amount": 0.02, "side": "buy", "timestamp": 1765496542950}, {"id": "785733726", "price": 887.61, "amount": 0.02, "side": "sell", "timestamp": 1765496543151}, {"id": "785733727", "price": 887.61, "amount": 0.01, "side": "sell", "timestamp": 1765496544188}, {"id": "785733728", "price": 887.62, "amount": 5.22, "side": "buy", "timestamp": 1765496544311}, {"id": "785733729", "price": 887.64, "amount": 0.02, "side": "buy", "timestamp": 1765496544343}, {"id": "785733730", "price": 887.64, "amount": 0.01, "side": "sell", "timestamp": 1765496544351}, {"id": "785733731", "price": 887.65, "amount": 0.15, "side": "buy", "timestamp": 1765496544967}, {"id": "785733732", "price": 887.64, "amount": 0.01, "side": "sell", "timestamp": 1765496545012}, {"id": "785733733", "price": 887.65, "amount": 2.0, "side": "buy", "timestamp": 1765496545588}, {"id": "785733734", "price": 887.66, "amount": 0.01, "side": "buy", "timestamp": 1765496545588}, {"id": "785733735", "price": 887.67, "amount": 0.01, "side": "buy", "timestamp": 1765496545591}, {"id": "785733736", "price": 887.68, "amount": 0.03, "side": "buy", "timestamp": 1765496545591}, {"id": "785733737", "price": 887.69, "amount": 0.02, "side": "buy", "timestamp": 1765496545591}, {"id": "785733738", "price": 887.7, "amount": 0.01, "side": "buy", "timestamp": 1765496545591}, {"id": "785733739", "price": 887.71, "amount": 0.01, "side": "sell", "timestamp": 1765496546033}, {"id": "785733740", "price": 887.71, "amount": 0.01, "side": "sell", "timestamp": 1765496546180}, {"id": "785733741", "price": 887.72, "amount": 0.01, "side": "buy", "timestamp": 1765496546410}, {"id": "785733742", "price": 887.71, "amount": 0.01, "side": "sell", "timestamp": 1765496547053}, {"id": "785733743", "price": 887.71, "amount": 0.01, "side": "sell", "timestamp": 1765496548072}, {"id": "785733744", "price": 887.72, "amount": 0.3, "side": "buy", "timestamp": 1765496548103}, {"id": "785733745", "price": 887.71, "amount": 0.03, "side": "sell", "timestamp": 1765496548386}, {"id": "785733842", "price": 887.64, "amount": 0.14, "side": "buy", "timestamp": 1765496584365}, {"id": "785733843", "price": 887.63, "amount": 0.02, "side": "sell", "timestamp": 1765496584418}, {"id": "785733844", "price": 887.62, "amount": 0.3, "side": "buy", "timestamp": 1765496584602}, {"id": "785733845", "price": 887.61, "amount": 0.02, "side": "sell", "timestamp": 1765496585078}, {"id": "785733846", "price": 887.61, "amount": 0.01, "side": "sell", "timestamp": 1765496586098}, {"id": "785733847", "price": 887.62, "amount": 6.34, "side": "buy", "timestamp": 1765496586690}, {"id": "785733848", "price": 887.61, "amount": 0.12, "side": "sell", "timestamp": 1765496587121}, {"id": "785733849", "price": 887.62, "amount": 0.04, "side": "buy", "timestamp": 1765496587410}, {"id": "785733850", "price": 887.61, "amount": 0.01, "side": "sell", "timestamp": 1765496587500}, {"id": "785733851", "price": 887.61, "amount": 0.02, "side": "sell", "timestamp": 1765496588127}, {"id": "785733852", "price": 887.61, "amount": 0.07, "side": "sell", "timestamp": 1765496588295}, {"id": "785733853", "price": 887.6, "amount": 0.02, "side": "sell", "timestamp": 1765496588295}, {"id": "785733854", "price": 887.59, "amount": 0.02, "side": "sell", "timestamp": 1765496588295}, {"id": "785733855", "price": 887.59, "amount": 1.12, "side": "buy", "timestamp": 1765496589000}, {"id": "785733856", "price": 887.58, "amount": 0.01, "side": "sell", "timestamp": 1765496589171}, {"id": "785733857", "price": 887.58, "amount": 0.04, "side": "sell", "timestamp": 1765496589490}, {"id": "785733858", "price": 887.59, "amount": 0.28, "side": "buy", "timestamp": 1765496589638}, {"id": "785733859", "price": 887.58, "amount": 0.01, "side": "sell", "timestamp": 1765496590194}, {"id": "785733860", "price": 887.58, "amount": 0.01, "side": "sell", "timestamp": 1765496591016}, {"id": "785733861", "price": 887.58, "amount": 0.01, "side": "sell", "timestamp": 1765496591141}, {"id": "785733862", "price": 887.58, "amount": 0.01, "side": "sell", "timestamp": 1765496591724}, {"id": "785733863", "price": 887.58, "amount": 0.06, "side": "sell", "timestamp": 1765496592020}, {"id": "785733864", "price": 887.59, "amount": 0.01, "side": "buy", "timestamp": 1765496592456}, {"id": "785733865", "price": 887.58, "amount": 0.01, "side": "sell", "timestamp": 1765496593057}, {"id": "785733866", "price": 887.58, "amount": 0.02, "side": "sell", "timestamp": 1765496594067}, {"id": "785733867", "price": 887.58, "amount": 0.01, "side": "sell", "timestamp": 1765496595088}, {"id": "785733868", "price": 887.58, "amount": 0.01, "side": "sell", "timestamp": 1765496595534}, {"id": "785733869", "price": 887.58, "amount": 0.01, "side": "sell", "timestamp": 1765496596109}, {"id": "785733870", "price": 887.59, "amount": 0.18, "side": "buy", "timestamp": 1765496596237}, {"id": "785733871", "price": 887.59, "amount": 0.01, "side": "buy", "timestamp": 1765496596517}, {"id": "785733872", "price": 887.59, "amount": 4.56, "side": "buy", "timestamp": 1765496596674}, {"id": "785733873", "price": 887.6, "amount": 0.06, "side": "buy", "timestamp": 1765496596678}, {"id": "785733874", "price": 887.62, "amount": 2.05, "side": "buy", "timestamp": 1765496596682}, {"id": "785733875", "price": 887.65, "amount": 0.02, "side": "sell", "timestamp": 1765496597156}, {"id": "785733876", "price": 887.65, "amount": 0.02, "side": "sell", "timestamp": 1765496597816}, {"id": "785733877", "price": 887.65, "amount": 0.01, "side": "sell", "timestamp": 1765496598173}, {"id": "785733878", "price": 887.66, "amount": 0.01, "side": "buy", "timestamp": 1765496598568}, {"id": "785733879", "price": 887.65, "amount": 0.67, "side": "sell", "timestamp": 1765496598791}, {"id": "785733880", "price": 887.63, "amount": 0.24, "side": "sell", "timestamp": 1765496598795}, {"id": "785733881", "price": 887.61, "amount": 0.02, "side": "sell", "timestamp": 1765496598796}, {"id": "785733882", "price": 887.6, "amount": 1.17, "side": "sell", "timestamp": 1765496598796}, {"id": "785733883", "price": 887.58, "amount": 0.01, "side": "sell", "timestamp": 1765496599202}, {"id": "785733884", "price": 887.59, "amount": 0.03, "side": "buy", "timestamp": 1765496599605}, {"id": "785733885", "price": 887.58, "amount": 1.2, "side": "sell", "timestamp": 1765496599790}, {"id": "785733886", "price": 887.57, "amount": 0.01, "side": "sell", "timestamp": 1765496600022}, {"id": "785733887", "price": 887.57, "amount": 0.01, "side": "sell", "timestamp": 1765496600199}, {"id": "785733888", "price": 887.57, "amount": 0.01, "side": "sell", "timestamp": 1765496601043}, {"id": "785733889", "price": 887.58, "amount": 0.04, "side": "buy", "timestamp": 1765496601180}, {"id": "785733890", "price": 887.58, "amount": 0.02, "side": "buy", "timestamp": 1765496601538}, {"id": "785733891", "price": 887.58, "amount": 0.58, "side": "buy", "timestamp": 1765496601696}, {"id": "785734000", "price": 887.67, "amount": 0.01, "side": "buy", "timestamp": 1765496637527}, {"id": "785734001", "price": 887.66, "amount": 0.01, "side": "sell", "timestamp": 1765496638027}, {"id": "785734002", "price": 887.66, "amount": 0.02, "side": "sell", "timestamp": 1765496639059}, {"id": "785734003", "price": 887.66, "amount": 0.5, "side": "sell", "timestamp": 1765496639315}, {"id": "785734004", "price": 887.66, "amount": 0.01, "side": "sell", "timestamp": 1765496640079}, {"id": "785734005", "price": 887.66, "amount": 0.01, "side": "sell", "timestamp": 1765496640353}, {"id": "785734006", "price": 887.66, "amount": 0.01, "side": "sell", "timestamp": 1765496640543}, {"id": "785734007", "price": 887.66, "amount": 0.02, "side": "sell", "timestamp": 1765496640780}, {"id": "785734008", "price": 887.67, "amount": 2.31, "side": "buy", "timestamp": 1765496640863}, {"id": "785734009", "price": 887.66, "amount": 0.01, "side": "sell", "timestamp": 1765496640927}, {"id": "785734010", "price": 887.66, "amount": 0.01, "side": "sell", "timestamp": 1765496641099}, {"id": "785734011", "price": 887.67, "amount": 0.02, "side": "buy", "timestamp": 1765496641222}, {"id": "785734012", "price": 887.66, "amount": 0.01, "side": "sell", "timestamp": 1765496641596}, {"id": "785734013", "price": 887.66, "amount": 0.02, "side": "sell", "timestamp": 1765496642128}, {"id": "785734014", "price": 887.66, "amount": 0.21, "side": "sell", "timestamp": 1765496642704}, {"id": "785734015", "price": 887.66, "amount": 0.01, "side": "sell", "timestamp": 1765496643155}, {"id": "785734016", "price": 887.67, "amount": 0.2, "side": "buy", "timestamp": 1765496643607}, {"id": "785734017", "price": 887.66, "amount": 0.03, "side": "sell", "timestamp": 1765496643683}, {"id": "785734018", "price": 887.66, "amount": 1.0, "side": "sell", "timestamp": 1765496643789}, {"id": "785734019", "price": 887.66, "amount": 0.01, "side": "sell", "timestamp": 1765496644176}, {"id": "785734020", "price": 887.66, "amount": 0.12, "side": "sell", "timestamp": 1765496644923}, {"id": "785734021", "price": 887.66, "amount": 0.02, "side": "sell", "timestamp": 1765496645156}, {"id": "785734022", "price": 887.67, "amount": 0.09, "side": "buy", "timestamp": 1765496645739}, {"id": "785734023", "price": 887.66, "amount": 0.01, "side": "sell", "timestamp": 1765496646008}, {"id": "785734024", "price": 887.67, "amount": 0.01, "side": "buy", "timestamp": 1765496646123}, {"id": "785734025", "price": 887.67, "amount": 0.01, "side": "buy", "timestamp": 1765496646738}, {"id": "785734026", "price": 887.66, "amount": 0.01, "side": "sell", "timestamp": 1765496647016}, {"id": "785734027", "price": 887.67, "amount": 0.02, "side": "buy", "timestamp": 1765496647982}, {"id": "785734028", "price": 887.66, "amount": 0.01, "side": "sell", "timestamp": 1765496648036}, {"id": "785734029", "price": 887.66, "amount": 0.01, "side": "sell", "timestamp": 1765496648169}, {"id": "785734030", "price": 887.67, "amount": 0.02, "side": "buy", "timestamp": 1765496648576}, {"id": "785734031", "price": 887.66, "amount": 0.01, "side": "sell", "timestamp": 1765496649054}, {"id": "785734032", "price": 887.67, "amount": 0.16, "side": "buy", "timestamp": 1765496649283}, {"id": "785734033", "price": 887.67, "amount": 0.01, "side": "buy", "timestamp": 1765496649422}, {"id": "785734034", "price": 887.66, "amount": 0.01, "side": "sell", "timestamp": 1765496649927}, {"id": "785734035", "price": 887.66, "amount": 0.01, "side": "sell", "timestamp": 1765496650074}, {"id": "785734036", "price": 887.67, "amount": 0.02, "side": "buy", "timestamp": 1765496650293}, {"id": "785734037", "price": 887.66, "amount": 0.01, "side": "sell", "timestamp": 1765496650978}, {"id": "785734038", "price": 887.66, "amount": 0.01, "side": "sell", "timestamp": 1765496651094}, {"id": "785734039", "price": 887.67, "amount": 0.08, "side": "buy", "timestamp": 1765496651108}, {"id": "785734040", "price": 887.66, "amount": 0.01, "side": "sell", "timestamp": 1765496651192}, {"id": "785734041", "price": 887.67, "amount": 0.1, "side": "buy", "timestamp": 1765496651395}, {"id": "785734042", "price": 887.66, "amount": 0.01, "side": "sell", "timestamp": 1765496651624}, {"id": "785734043", "price": 887.66, "amount": 0.01, "side": "sell", "timestamp": 1765496652103}, {"id": "785734044", "price": 887.67, "amount": 0.02, "side": "buy", "timestamp": 1765496652687}, {"id": "785734045", "price": 887.66, "amount": 0.66, "side": "sell", "timestamp": 1765496652872}, {"id": "785734046", "price": 887.66, "amount": 0.01, "side": "sell", "timestamp": 1765496653122}, {"id": "785734047", "price": 887.66, "amount": 0.01, "side": "sell", "timestamp": 1765496654007}, {"id": "785734048", "price": 887.66, "amount": 0.01, "side": "sell", "timestamp": 1765496654145}, {"id": "785734049", "price": 887.66, "amount": 0.01, "side": "sell", "timestamp": 1765496655166}, {"id": "785734366", "price": 888.48, "amount": 3.92, "side": "sell", "timestamp": 1765496701843}, {"id": "785734367", "price": 888.47, "amount": 0.21, "side": "sell", "timestamp": 1765496701843}, {"id": "785734368", "price": 888.46, "amount": 1.25, "side": "sell", "timestamp": 1765496701843}, {"id": "785734369", "price": 888.45, "amount": 2.35, "side": "sell", "timestamp": 1765496701843}, {"id": "785734370", "price": 888.44, "amount": 1.24, "side": "sell", "timestamp": 1765496701843}, {"id": "785734371", "price": 888.43, "amount": 10.35, "side": "sell", "timestamp": 1765496701843}, {"id": "785734372", "price": 888.52, "amount": 0.02, "side": "sell", "timestamp": 1765496701844}, {"id": "785734373", "price": 888.48, "amount": 2.19, "side": "sell", "timestamp": 1765496701844}, {"id": "785734374", "price": 888.54, "amount": 1.63, "side": "buy", "timestamp": 1765496701862}, {"id": "785734375", "price": 888.55, "amount": 2.2, "side": "buy", "timestamp": 1765496701872}, {"id": "785734376", "price": 888.56, "amount": 0.01, "side": "buy", "timestamp": 1765496701872}, {"id": "785734377", "price": 888.57, "amount": 0.1, "side": "buy", "timestamp": 1765496701872}, {"id": "785734378", "price": 888.58, "amount": 1.8, "side": "buy", "timestamp": 1765496701872}, {"id": "785734379", "price": 888.59, "amount": 1.2, "side": "buy", "timestamp": 1765496701872}, {"id": "785734380", "price": 888.58, "amount": 0.02, "side": "sell", "timestamp": 1765496702025}, {"id": "785734381", "price": 888.59, "amount": 0.01, "side": "buy", "timestamp": 1765496702150}, {"id": "785734382", "price": 888.58, "amount": 0.01, "side": "sell", "timestamp": 1765496702165}, {"id": "785734383", "price": 888.59, "amount": 0.79, "side": "buy", "timestamp": 1765496702185}, {"id": "785734384", "price": 888.59, "amount": 1.22, "side": "sell", "timestamp": 1765496702453}, {"id": "785734385", "price": 888.59, "amount": 0.24, "side": "sell", "timestamp": 1765496702711}, {"id": "785734386", "price": 888.6, "amount": 0.32, "side": "buy", "timestamp": 1765496702728}, {"id": "785734387", "price": 888.6, "amount": 0.09, "side": "buy", "timestamp": 1765496702871}, {"id": "785734388", "price": 888.59, "amount": 0.19, "side": "sell", "timestamp": 1765496702932}, {"id": "785734389", "price": 888.6, "amount": 0.35, "side": "buy", "timestamp": 1765496703030}, {"id": "785734390", "price": 888.59, "amount": 0.01, "side": "sell", "timestamp": 1765496703128}, {"id": "785734391", "price": 888.6, "amount": 0.01, "side": "buy", "timestamp": 1765496703547}, {"id": "785734392", "price": 888.59, "amount": 4.72, "side": "sell", "timestamp": 1765496703987}, {"id": "785734393", "price": 888.58, "amount": 10.58, "side": "sell", "timestamp": 1765496704150}, {"id": "785734394", "price": 888.57, "amount": 3.72, "side": "sell", "timestamp": 1765496704197}, {"id": "785734395", "price": 888.56, "amount": 0.01, "side": "sell", "timestamp": 1765496704197}, {"id": "785734396", "price": 888.55, "amount": 2.11, "side": "sell", "timestamp": 1765496704197}, {"id": "785734397", "price": 888.54, "amount": 9.54, "side": "sell", "timestamp": 1765496704197}, {"id": "785734398", "price": 888.53, "amount": 2.19, "side": "sell", "timestamp": 1765496704197}, {"id": "785734399", "price": 888.53, "amount": 0.11, "side": "sell", "timestamp": 1765496704714}, {"id": "785734400", "price": 888.54, "amount": 0.01, "side": "buy", "timestamp": 1765496704897}, {"id": "785734401", "price": 888.53, "amount": 1.13, "side": "sell", "timestamp": 1765496704937}, {"id": "785734402", "price": 888.54, "amount": 0.03, "side": "buy", "timestamp": 1765496705036}, {"id": "785734403", "price": 888.53, "amount": 0.01, "side": "sell", "timestamp": 1765496705037}, {"id": "785734404", "price": 888.53, "amount": 0.01, "side": "sell", "timestamp": 1765496705171}, {"id": "785734405", "price": 888.54, "amount": 0.09, "side": "buy", "timestamp": 1765496705289}, {"id": "785734406", "price": 888.53, "amount": 0.02, "side": "sell", "timestamp": 1765496705468}, {"id": "785734407", "price": 888.54, "amount": 2.04, "side": "buy", "timestamp": 1765496706125}, {"id": "785734408", "price": 888.56, "amount": 0.01, "side": "buy", "timestamp": 1765496706128}, {"id": "785734409", "price": 888.58, "amount": 41.74, "side": "sell", "timestamp": 1765496706189}, {"id": "785734410", "price": 888.57, "amount": 1.12, "side": "sell", "timestamp": 1765496706490}, {"id": "785734411", "price": 888.57, "amount": 0.01, "side": "sell", "timestamp": 1765496707011}, {"id": "785734412", "price": 888.58, "amount": 0.1, "side": "buy", "timestamp": 1765496707154}, {"id": "785734413", "price": 888.57, "amount": 9.02, "side": "sell", "timestamp": 1765496707404}, {"id": "785734414", "price": 888.56, "amount": 0.98, "side": "sell", "timestamp": 1765496707404}, {"id": "785734415", "price": 888.56, "amount": 0.07, "side": "sell", "timestamp": 1765496707750}, {"id": "785734674", "price": 888.6, "amount": 0.01, "side": "sell", "timestamp": 1765496753060}, {"id": "785734675", "price": 888.59, "amount": 0.02, "side": "sell", "timestamp": 1765496753060}, {"id": "785734676", "price": 888.57, "amount": 2.3, "side": "sell", "timestamp": 1765496753060}, {"id": "785734677", "price": 888.55, "amount": 0.03, "side": "sell", "timestamp": 1765496753102}, {"id": "785734678", "price": 888.54, "amount": 0.01, "side": "sell", "timestamp": 1765496753177}, {"id": "785734679", "price": 888.55, "amount": 0.01, "side": "buy", "timestamp": 1765496753262}, {"id": "785734680", "price": 888.55, "amount": 0.05, "side": "buy", "timestamp": 1765496753920}, {"id": "785734681", "price": 888.54, "amount": 1.13, "side": "sell", "timestamp": 1765496753975}, {"id": "785734682", "price": 888.51, "amount": 0.01, "side": "sell", "timestamp": 1765496754076}, {"id": "785734683", "price": 888.49, "amount": 0.03, "side": "buy", "timestamp": 1765496754184}, {"id": "785734684", "price": 888.48, "amount": 0.03, "side": "sell", "timestamp": 1765496754452}, {"id": "785734685", "price": 888.47, "amount": 0.99, "side": "sell", "timestamp": 1765496754452}, {"id": "785734686", "price": 888.45, "amount": 5.65, "side": "sell", "timestamp": 1765496754459}, {"id": "785734687", "price": 888.44, "amount": 0.02, "side": "sell", "timestamp": 1765496754460}, {"id": "785734688", "price": 888.43, "amount": 0.01, "side": "sell", "timestamp": 1765496754520}, {"id": "785734689", "price": 888.42, "amount": 0.03, "side": "sell", "timestamp": 1765496754520}, {"id": "785734690", "price": 888.4, "amount": 0.02, "side": "sell", "timestamp": 1765496754558}, {"id": "785734691", "price": 888.41, "amount": 0.05, "side": "buy", "timestamp": 1765496755117}, {"id": "785734692", "price": 888.4, "amount": 0.01, "side": "sell", "timestamp": 1765496755121}, {"id": "785734693", "price": 888.4, "amount": 0.78, "side": "sell", "timestamp": 1765496755522}, {"id": "785734694", "price": 888.41, "amount": 0.01, "side": "buy", "timestamp": 1765496755710}, {"id": "785734695", "price": 888.41, "amount": 0.01, "side": "buy", "timestamp": 1765496755890}, {"id": "785734696", "price": 888.4, "amount": 0.01, "side": "sell", "timestamp": 1765496756022}, {"id": "785734697", "price": 888.41, "amount": 0.01, "side": "buy", "timestamp": 1765496756077}, {"id": "785734698", "price": 888.4, "amount": 0.01, "side": "sell", "timestamp": 1765496756130}, {"id": "785734699", "price": 888.41, "amount": 2.77, "side": "buy", "timestamp": 1765496756328}, {"id": "785734700", "price": 888.4, "amount": 0.01, "side": "sell", "timestamp": 1765496757152}, {"id": "785734701", "price": 888.41, "amount": 0.06, "side": "buy", "timestamp": 1765496757164}, {"id": "785734702", "price": 888.4, "amount": 0.9, "side": "sell", "timestamp": 1765496758149}, {"id": "785734703", "price": 888.39, "amount": 0.01, "side": "sell", "timestamp": 1765496758153}, {"id": "785734704", "price": 888.38, "amount": 0.1, "side": "sell", "timestamp": 1765496758154}, {"id": "785734705", "price": 888.37, "amount": 0.02, "side": "sell", "timestamp": 1765496758154}, {"id": "785734706", "price": 888.36, "amount": 1.01, "side": "sell", "timestamp": 1765496758191}, {"id": "785734707", "price": 888.34, "amount": 0.02, "side": "sell", "timestamp": 1765496758227}, {"id": "785734708", "price": 888.33, "amount": 0.01, "side": "sell", "timestamp": 1765496758229}, {"id": "785734709", "price": 888.32, "amount": 0.02, "side": "sell", "timestamp": 1765496758252}, {"id": "785734710", "price": 888.31, "amount": 0.01, "side": "buy", "timestamp": 1765496758354}, {"id": "785734711", "price": 888.3, "amount": 0.02, "side": "sell", "timestamp": 1765496759036}, {"id": "785734712", "price": 888.31, "amount": 0.95, "side": "buy", "timestamp": 1765496759682}, {"id": "785734713", "price": 888.3, "amount": 15.72, "side": "sell", "timestamp": 1765496759969}, {"id": "785734714", "price": 888.29, "amount": 0.02, "side": "sell", "timestamp": 1765496759969}, {"id": "785734715", "price": 888.28, "amount": 1.33, "side": "sell", "timestamp": 1765496759969}, {"id": "785734716", "price": 888.27, "amount": 2.37, "side": "sell", "timestamp": 1765496759969}, {"id": "785734717", "price": 888.26, "amount": 1.15, "side": "sell", "timestamp": 1765496759969}, {"id": "785734718", "price": 888.25, "amount": 1.09, "side": "sell", "timestamp": 1765496759969}, {"id": "785734719", "price": 888.24, "amount": 5.5, "side": "sell", "timestamp": 1765496759969}, {"id": "785734720", "price": 888.22, "amount": 2.28, "side": "sell", "timestamp": 1765496759969}, {"id": "785734721", "price": 888.21, "amount": 2.29, "side": "sell", "timestamp": 1765496759969}, {"id": "785734722", "price": 888.2, "amount": 0.23, "side": "sell", "timestamp": 1765496759969}, {"id": "785734723", "price": 888.19, "amount": 0.01, "side": "sell", "timestamp": 1765496760055}, {"id": "785734926", "price": 887.6, "amount": 0.02, "side": "buy", "timestamp": 1765496798113}, {"id": "785734927", "price": 887.61, "amount": 0.01, "side": "buy", "timestamp": 1765496798201}, {"id": "785734928", "price": 887.63, "amount": 0.02, "side": "buy", "timestamp": 1765496798201}, {"id": "785734929", "price": 887.64, "amount": 0.02, "side": "buy", "timestamp": 1765496798203}, {"id": "785734930", "price": 887.66, "amount": 0.05, "side": "buy", "timestamp": 1765496798203}, {"id": "785734931", "price": 887.67, "amount": 0.01, "side": "buy", "timestamp": 1765496798203}, {"id": "785734932", "price": 887.68, "amount": 0.04, "side": "sell", "timestamp": 1765496798814}, {"id": "785734933", "price": 887.68, "amount": 0.01, "side": "sell", "timestamp": 1765496799092}, {"id": "785734934", "price": 887.68, "amount": 0.01, "side": "sell", "timestamp": 1765496800114}, {"id": "785734935", "price": 887.68, "amount": 2.11, "side": "sell", "timestamp": 1765496800818}, {"id": "785734936", "price": 887.67, "amount": 0.02, "side": "sell", "timestamp": 1765496800818}, {"id": "785734937", "price": 887.66, "amount": 0.12, "side": "sell", "timestamp": 1765496800818}, {"id": "785734938", "price": 887.65, "amount": 0.02, "side": "sell", "timestamp": 1765496800832}, {"id": "785734939", "price": 887.64, "amount": 31.98, "side": "buy", "timestamp": 1765496800861}, {"id": "785734940", "price": 887.63, "amount": 0.2, "side": "sell", "timestamp": 1765496800983}, {"id": "785734941", "price": 887.63, "amount": 0.02, "side": "sell", "timestamp": 1765496801141}, {"id": "785734942", "price": 887.63, "amount": 1.14, "side": "sell", "timestamp": 1765496801738}, {"id": "785734943", "price": 887.63, "amount": 0.01, "side": "sell", "timestamp": 1765496802161}, {"id": "785734944", "price": 887.64, "amount": 0.05, "side": "buy", "timestamp": 1765496802841}, {"id": "785734945", "price": 887.63, "amount": 0.24, "side": "sell", "timestamp": 1765496803149}, {"id": "785734946", "price": 887.64, "amount": 0.02, "side": "buy", "timestamp": 1765496803243}, {"id": "785734947", "price": 887.64, "amount": 0.24, "side": "buy", "timestamp": 1765496803710}, {"id": "785734948", "price": 887.64, "amount": 0.03, "side": "sell", "timestamp": 1765496803912}, {"id": "785734949", "price": 887.64, "amount": 0.01, "side": "sell", "timestamp": 1765496804201}, {"id": "785734950", "price": 887.65, "amount": 0.03, "side": "buy", "timestamp": 1765496804425}, {"id": "785734951", "price": 887.64, "amount": 0.5, "side": "sell", "timestamp": 1765496804734}, {"id": "785734952", "price": 887.65, "amount": 0.17, "side": "buy", "timestamp": 1765496804742}, {"id": "785734953", "price": 887.65, "amount": 0.01, "side": "sell", "timestamp": 1765496805033}, {"id": "785734954", "price": 887.65, "amount": 0.02, "side": "sell", "timestamp": 1765496806055}, {"id": "785734955", "price": 887.66, "amount": 0.01, "side": "buy", "timestamp": 1765496806152}, {"id": "785734956", "price": 887.66, "amount": 0.44, "side": "buy", "timestamp": 1765496806270}, {"id": "785734957", "price": 887.65, "amount": 0.02, "side": "sell", "timestamp": 1765496807052}, {"id": "785734958", "price": 887.66, "amount": 0.1, "side": "buy", "timestamp": 1765496807175}, {"id": "785734959", "price": 887.65, "amount": 0.25, "side": "sell", "timestamp": 1765496807614}, {"id": "785734960", "price": 887.65, "amount": 0.01, "side": "sell", "timestamp": 1765496807716}, {"id": "785734961", "price": 887.65, "amount": 0.01, "side": "sell", "timestamp": 1765496808085}, {"id": "785734962", "price": 887.65, "amount": 0.01, "side": "sell", "timestamp": 1765496809106}, {"id": "785734963", "price": 887.65, "amount": 0.01, "side": "sell", "timestamp": 1765496809699}, {"id": "785734964", "price": 887.65, "amount": 0.02, "side": "sell", "timestamp": 1765496810063}, {"id": "785734965", "price": 887.66, "amount": 0.02, "side": "buy", "timestamp": 1765496810154}, {"id": "785734966", "price": 887.65, "amount": 0.01, "side": "sell", "timestamp": 1765496811166}, {"id": "785734967", "price": 887.66, "amount": 0.02, "side": "buy", "timestamp": 1765496811830}, {"id": "785734968", "price": 887.65, "amount": 0.01, "side": "sell", "timestamp": 1765496812175}, {"id": "785734969", "price": 887.66, "amount": 0.04, "side": "buy", "timestamp": 1765496812424}, {"id": "785734970", "price": 887.65, "amount": 0.07, "side": "sell", "timestamp": 1765496812652}, {"id": "785734971", "price": 887.66, "amount": 0.08, "side": "buy", "timestamp": 1765496813027}, {"id": "785734972", "price": 887.65, "amount": 0.01, "side": "sell", "timestamp": 1765496813073}, {"id": "785734973", "price": 887.65, "amount": 0.01, "side": "sell", "timestamp": 1765496813184}, {"id": "785734974", "price": 887.66, "amount": 0.02, "side": "buy", "timestamp": 1765496813462}, {"id": "785734975", "price": 887.65, "amount": 0.01, "side": "sell", "timestamp": 1765496814004}, {"id": "785735138", "price": 887.29, "amount": 0.01, "side": "sell", "timestamp": 1765496855088}, {"id": "785735139", "price": 887.29, "amount": 0.01, "side": "sell", "timestamp": 1765496855201}, {"id": "785735140", "price": 887.3, "amount": 0.01, "side": "buy", "timestamp": 1765496855747}, {"id": "785735141", "price": 887.29, "amount": 0.01, "side": "sell", "timestamp": 1765496856010}, {"id": "785735142", "price": 887.29, "amount": 1.55, "side": "sell", "timestamp": 1765496856167}, {"id": "785735143", "price": 887.3, "amount": 0.01, "side": "buy", "timestamp": 1765496856874}, {"id": "785735144", "price": 887.29, "amount": 0.01, "side": "sell", "timestamp": 1765496857030}, {"id": "785735145", "price": 887.3, "amount": 0.01, "side": "buy", "timestamp": 1765496857171}, {"id": "785735146", "price": 887.29, "amount": 0.14, "side": "sell", "timestamp": 1765496857207}, {"id": "785735147", "price": 887.29, "amount": 0.02, "side": "sell", "timestamp": 1765496858050}, {"id": "785735148", "price": 887.29, "amount": 0.01, "side": "sell", "timestamp": 1765496859070}, {"id": "785735149", "price": 887.29, "amount": 4.53, "side": "sell", "timestamp": 1765496859384}, {"id": "785735150", "price": 887.28, "amount": 0.13, "side": "sell", "timestamp": 1765496859389}, {"id": "785735151", "price": 887.27, "amount": 0.26, "side": "sell", "timestamp": 1765496859389}, {"id": "785735152", "price": 887.26, "amount": 0.49, "side": "sell", "timestamp": 1765496859398}, {"id": "785735153", "price": 887.25, "amount": 0.03, "side": "sell", "timestamp": 1765496859400}, {"id": "785735154", "price": 887.24, "amount": 1.46, "side": "sell", "timestamp": 1765496859402}, {"id": "785735155", "price": 887.22, "amount": 0.03, "side": "sell", "timestamp": 1765496859404}, {"id": "785735156", "price": 887.21, "amount": 0.02, "side": "sell", "timestamp": 1765496859409}, {"id": "785735157", "price": 887.2, "amount": 0.17, "side": "sell", "timestamp": 1765496859418}, {"id": "785735158", "price": 887.19, "amount": 0.01, "side": "sell", "timestamp": 1765496859420}, {"id": "785735159", "price": 887.18, "amount": 0.07, "side": "sell", "timestamp": 1765496859421}, {"id": "785735160", "price": 887.17, "amount": 0.42, "side": "sell", "timestamp": 1765496859439}, {"id": "785735161", "price": 887.17, "amount": 0.04, "side": "buy", "timestamp": 1765496859713}, {"id": "785735162", "price": 887.17, "amount": 0.04, "side": "buy", "timestamp": 1765496860103}, {"id": "785735163", "price": 887.16, "amount": 0.01, "side": "sell", "timestamp": 1765496860167}, {"id": "785735164", "price": 887.17, "amount": 0.04, "side": "buy", "timestamp": 1765496860439}, {"id": "785735165", "price": 887.17, "amount": 0.02, "side": "buy", "timestamp": 1765496860649}, {"id": "785735166", "price": 887.17, "amount": 0.04, "side": "buy", "timestamp": 1765496860777}, {"id": "785735167", "price": 887.17, "amount": 0.04, "side": "buy", "timestamp": 1765496861138}, {"id": "785735168", "price": 887.16, "amount": 0.88, "side": "sell", "timestamp": 1765496861187}, {"id": "785735169", "price": 887.17, "amount": 0.04, "side": "buy", "timestamp": 1765496861501}, {"id": "785735170", "price": 887.17, "amount": 0.05, "side": "buy", "timestamp": 1765496861864}, {"id": "785735171", "price": 887.16, "amount": 0.01, "side": "sell", "timestamp": 1765496862019}, {"id": "785735172", "price": 887.17, "amount": 7.62, "side": "buy", "timestamp": 1765496862278}, {"id": "785735173", "price": 887.18, "amount": 0.26, "side": "buy", "timestamp": 1765496862281}, {"id": "785735174", "price": 887.19, "amount": 0.01, "side": "buy", "timestamp": 1765496862283}, {"id": "785735175", "price": 887.2, "amount": 0.77, "side": "buy", "timestamp": 1765496862286}, {"id": "785735176", "price": 887.21, "amount": 0.01, "side": "buy", "timestamp": 1765496862288}, {"id": "785735177", "price": 887.22, "amount": 0.01, "side": "buy", "timestamp": 1765496862288}, {"id": "785735178", "price": 887.23, "amount": 0.01, "side": "buy", "timestamp": 1765496862294}, {"id": "785735179", "price": 887.24, "amount": 0.02, "side": "buy", "timestamp": 1765496862295}, {"id": "785735180", "price": 887.24, "amount": 0.01, "side": "sell", "timestamp": 1765496863044}, {"id": "785735181", "price": 887.25, "amount": 0.01, "side": "buy", "timestamp": 1765496863058}, {"id": "785735182", "price": 887.24, "amount": 0.02, "side": "sell", "timestamp": 1765496864025}, {"id": "785735183", "price": 887.24, "amount": 0.01, "side": "sell", "timestamp": 1765496865074}, {"id": "785735184", "price": 887.24, "amount": 0.93, "side": "sell", "timestamp": 1765496865705}, {"id": "785735185", "price": 887.25, "amount": 0.91, "side": "buy", "timestamp": 1765496865781}, {"id": "785735186", "price": 887.25, "amount": 0.02, "side": "buy", "timestamp": 1765496865946}, {"id": "785735187", "price": 887.24, "amount": 0.01, "side": "sell", "timestamp": 1765496866095}, {"id": "785735336", "price": 886.74, "amount": 0.01, "side": "sell", "timestamp": 1765496901104}, {"id": "785735337", "price": 886.75, "amount": 0.22, "side": "buy", "timestamp": 1765496901148}, {"id": "785735338", "price": 886.75, "amount": 0.04, "side": "buy", "timestamp": 1765496901370}, {"id": "785735339", "price": 886.75, "amount": 0.02, "side": "buy", "timestamp": 1765496901710}, {"id": "785735340", "price": 886.74, "amount": 0.01, "side": "sell", "timestamp": 1765496901875}, {"id": "785735341", "price": 886.74, "amount": 0.01, "side": "sell", "timestamp": 1765496902126}, {"id": "785735342", "price": 886.74, "amount": 0.01, "side": "sell", "timestamp": 1765496903030}, {"id": "785735343", "price": 886.74, "amount": 7.01, "side": "sell", "timestamp": 1765496903163}, {"id": "785735344", "price": 886.75, "amount": 0.01, "side": "buy", "timestamp": 1765496903384}, {"id": "785735345", "price": 886.74, "amount": 0.36, "side": "sell", "timestamp": 1765496904180}, {"id": "785735346", "price": 886.73, "amount": 0.02, "side": "sell", "timestamp": 1765496904315}, {"id": "785735347", "price": 886.72, "amount": 0.02, "side": "sell", "timestamp": 1765496905015}, {"id": "785735348", "price": 886.72, "amount": 0.4, "side": "sell", "timestamp": 1765496905401}, {"id": "785735349", "price": 886.73, "amount": 0.01, "side": "buy", "timestamp": 1765496905431}, {"id": "785735350", "price": 886.72, "amount": 0.02, "side": "sell", "timestamp": 1765496906035}, {"id": "785735351", "price": 886.72, "amount": 0.01, "side": "sell", "timestamp": 1765496907060}, {"id": "785735352", "price": 886.72, "amount": 0.01, "side": "sell", "timestamp": 1765496908068}, {"id": "785735353", "price": 886.73, "amount": 0.01, "side": "buy", "timestamp": 1765496908654}, {"id": "785735354", "price": 886.72, "amount": 0.02, "side": "sell", "timestamp": 1765496909090}, {"id": "785735355", "price": 886.72, "amount": 0.05, "side": "sell", "timestamp": 1765496909640}, {"id": "785735356", "price": 886.73, "amount": 0.03, "side": "buy", "timestamp": 1765496909861}, {"id": "785735357", "price": 886.72, "amount": 0.01, "side": "sell", "timestamp": 1765496910111}, {"id": "785735358", "price": 886.73, "amount": 0.03, "side": "buy", "timestamp": 1765496910484}, {"id": "785735359", "price": 886.73, "amount": 0.02, "side": "buy", "timestamp": 1765496910698}, {"id": "785735360", "price": 886.73, "amount": 0.01, "side": "buy", "timestamp": 1765496910837}, {"id": "785735361", "price": 886.72, "amount": 0.2, "side": "sell", "timestamp": 1765496911010}, {"id": "785735362", "price": 886.72, "amount": 0.01, "side": "sell", "timestamp": 1765496911132}, {"id": "785735363", "price": 886.73, "amount": 0.01, "side": "buy", "timestamp": 1765496911189}, {"id": "785735364", "price": 886.72, "amount": 0.04, "side": "sell", "timestamp": 1765496911454}, {"id": "785735365", "price": 886.72, "amount": 0.03, "side": "sell", "timestamp": 1765496912118}, {"id": "785735366", "price": 886.72, "amount": 0.01, "side": "sell", "timestamp": 1765496913172}, {"id": "785735367", "price": 886.72, "amount": 0.01, "side": "sell", "timestamp": 1765496913535}, {"id": "785735368", "price": 886.72, "amount": 0.01, "side": "sell", "timestamp": 1765496914193}, {"id": "785735369", "price": 886.72, "amount": 0.25, "side": "sell", "timestamp": 1765496914653}, {"id": "785735370", "price": 886.72, "amount": 0.01, "side": "sell", "timestamp": 1765496915015}, {"id": "785735371", "price": 886.72, "amount": 0.01, "side": "sell", "timestamp": 1765496915133}, {"id": "785735372", "price": 886.72, "amount": 0.16, "side": "sell", "timestamp": 1765496915344}, {"id": "785735373", "price": 886.72, "amount": 0.01, "side": "sell", "timestamp": 1765496915725}, {"id": "785735374", "price": 886.72, "amount": 0.29, "side": "sell", "timestamp": 1765496915949}, {"id": "785735375", "price": 886.72, "amount": 0.4, "side": "sell", "timestamp": 1765496916138}, {"id": "785735376", "price": 886.72, "amount": 0.84, "side": "sell", "timestamp": 1765496916863}, {"id": "785735377", "price": 886.72, "amount": 0.01, "side": "sell", "timestamp": 1765496917064}, {"id": "785735378", "price": 886.73, "amount": 0.03, "side": "buy", "timestamp": 1765496917272}, {"id": "785735379", "price": 886.72, "amount": 0.28, "side": "sell", "timestamp": 1765496917319}, {"id": "785735380", "price": 886.73, "amount": 0.01, "side": "buy", "timestamp": 1765496917773}, {"id": "785735381", "price": 886.72, "amount": 0.02, "side": "sell", "timestamp": 1765496918072}, {"id": "785735382", "price": 886.73, "amount": 0.02, "side": "buy", "timestamp": 1765496918471}, {"id": "785735383", "price": 886.73, "amount": 0.03, "side": "buy", "timestamp": 1765496919073}, {"id": "785735384", "price": 886.72, "amount": 0.01, "side": "sell", "timestamp": 1765496919093}, {"id": "785735385", "price": 886.73, "amount": 0.11, "side": "buy", "timestamp": 1765496919302}, {"id": "785735497", "price": 887.04, "amount": 0.01, "side": "sell", "timestamp": 1765496955013}, {"id": "785735498", "price": 887.05, "amount": 0.35, "side": "buy", "timestamp": 1765496955019}, {"id": "785735499", "price": 887.05, "amount": 0.02, "side": "buy", "timestamp": 1765496955205}, {"id": "785735500", "price": 887.04, "amount": 0.18, "side": "sell", "timestamp": 1765496956016}, {"id": "785735501", "price": 887.05, "amount": 0.08, "side": "buy", "timestamp": 1765496956391}, {"id": "785735502", "price": 887.04, "amount": 0.05, "side": "sell", "timestamp": 1765496956432}, {"id": "785735503", "price": 887.04, "amount": 0.02, "side": "sell", "timestamp": 1765496957048}, {"id": "785735504", "price": 887.04, "amount": 0.01, "side": "sell", "timestamp": 1765496958077}, {"id": "785735505", "price": 887.04, "amount": 0.02, "side": "sell", "timestamp": 1765496958412}, {"id": "785735506", "price": 887.05, "amount": 0.01, "side": "buy", "timestamp": 1765496958426}, {"id": "785735507", "price": 887.04, "amount": 6.94, "side": "sell", "timestamp": 1765496959106}, {"id": "785735508", "price": 887.03, "amount": 0.02, "side": "sell", "timestamp": 1765496959197}, {"id": "785735509", "price": 887.02, "amount": 0.02, "side": "sell", "timestamp": 1765496959197}, {"id": "785735510", "price": 887.02, "amount": 0.05, "side": "buy", "timestamp": 1765496959202}, {"id": "785735511", "price": 887.01, "amount": 0.02, "side": "sell", "timestamp": 1765496959221}, {"id": "785735512", "price": 887.0, "amount": 0.01, "side": "sell", "timestamp": 1765496959221}, {"id": "785735513", "price": 886.99, "amount": 0.14, "side": "sell", "timestamp": 1765496959221}, {"id": "785735514", "price": 886.99, "amount": 0.2, "side": "buy", "timestamp": 1765496959247}, {"id": "785735515", "price": 886.98, "amount": 0.02, "side": "sell", "timestamp": 1765496960079}, {"id": "785735516", "price": 886.98, "amount": 0.01, "side": "sell", "timestamp": 1765496961146}, {"id": "785735517", "price": 886.98, "amount": 0.05, "side": "sell", "timestamp": 1765496961690}, {"id": "785735518", "price": 886.98, "amount": 0.01, "side": "sell", "timestamp": 1765496962165}, {"id": "785735519", "price": 886.99, "amount": 0.01, "side": "buy", "timestamp": 1765496962692}, {"id": "785735520", "price": 886.98, "amount": 0.02, "side": "sell", "timestamp": 1765496963116}, {"id": "785735521", "price": 886.98, "amount": 0.15, "side": "sell", "timestamp": 1765496963942}, {"id": "785735522", "price": 886.98, "amount": 0.21, "side": "sell", "timestamp": 1765496964203}, {"id": "785735523", "price": 886.99, "amount": 0.01, "side": "buy", "timestamp": 1765496964342}, {"id": "785735524", "price": 886.98, "amount": 0.72, "side": "sell", "timestamp": 1765496964885}, {"id": "785735525", "price": 886.97, "amount": 0.04, "side": "sell", "timestamp": 1765496964885}, {"id": "785735526", "price": 886.96, "amount": 0.01, "side": "sell", "timestamp": 1765496965025}, {"id": "785735527", "price": 886.96, "amount": 0.01, "side": "sell", "timestamp": 1765496966045}, {"id": "785735528", "price": 886.97, "amount": 0.02, "side": "buy", "timestamp": 1765496966067}, {"id": "785735529", "price": 886.96, "amount": 0.01, "side": "sell", "timestamp": 1765496966138}, {"id": "785735530", "price": 886.96, "amount": 0.01, "side": "sell", "timestamp": 1765496967065}, {"id": "785735531", "price": 886.97, "amount": 0.12, "side": "buy", "timestamp": 1765496967673}, {"id": "785735532", "price": 886.96, "amount": 1.17, "side": "sell", "timestamp": 1765496967778}, {"id": "785735533", "price": 886.95, "amount": 0.01, "side": "sell", "timestamp": 1765496967778}, {"id": "785735534", "price": 886.93, "amount": 5.11, "side": "sell", "timestamp": 1765496967786}, {"id": "785735535", "price": 886.92, "amount": 0.02, "side": "sell", "timestamp": 1765496967791}, {"id": "785735536", "price": 886.9, "amount": 0.01, "side": "sell", "timestamp": 1765496968085}, {"id": "785735537", "price": 886.9, "amount": 0.02, "side": "sell", "timestamp": 1765496968528}, {"id": "785735538", "price": 886.9, "amount": 0.02, "side": "sell", "timestamp": 1765496969112}, {"id": "785735539", "price": 886.91, "amount": 0.01, "side": "buy", "timestamp": 1765496969196}, {"id": "785735540", "price": 886.91, "amount": 0.02, "side": "buy", "timestamp": 1765496969406}, {"id": "785735541", "price": 886.91, "amount": 0.11, "side": "buy", "timestamp": 1765496969842}, {"id": "785735542", "price": 886.9, "amount": 0.04, "side": "sell", "timestamp": 1765496970047}, {"id": "785735543", "price": 886.9, "amount": 0.01, "side": "sell", "timestamp": 1765496970692}, {"id": "785735544", "price": 886.9, "amount": 0.01, "side": "sell", "timestamp": 1765496971153}, {"id": "785735545", "price": 886.91, "amount": 0.21, "side": "buy", "timestamp": 1765496971661}, {"id": "785735546", "price": 886.9, "amount": 0.02, "side": "sell", "timestamp": 1765496972173}, {"id": "785735744", "price": 886.99, "amount": 6.65, "side": "sell", "timestamp": 1765497017693}, {"id": "785735745", "price": 886.98, "amount": 0.02, "side": "sell", "timestamp": 1765497017695}, {"id": "785735746", "price": 886.96, "amount": 0.72, "side": "sell", "timestamp": 1765497017798}, {"id": "785735747", "price": 886.95, "amount": 0.24, "side": "sell", "timestamp": 1765497017805}, {"id": "785735748", "price": 886.94, "amount": 0.55, "side": "sell", "timestamp": 1765497017805}, {"id": "785735749", "price": 886.92, "amount": 0.26, "side": "sell", "timestamp": 1765497017805}, {"id": "785735750", "price": 886.89, "amount": 0.01, "side": "sell", "timestamp": 1765497017828}, {"id": "785735751", "price": 886.87, "amount": 0.72, "side": "buy", "timestamp": 1765497017841}, {"id": "785735752", "price": 886.86, "amount": 0.03, "side": "sell", "timestamp": 1765497017866}, {"id": "785735753", "price": 886.85, "amount": 0.02, "side": "sell", "timestamp": 1765497018009}, {"id": "785735754", "price": 886.83, "amount": 0.33, "side": "sell", "timestamp": 1765497018104}, {"id": "785735755", "price": 886.82, "amount": 0.02, "side": "sell", "timestamp": 1765497018104}, {"id": "785735756", "price": 886.81, "amount": 0.02, "side": "sell", "timestamp": 1765497018104}, {"id": "785735757", "price": 886.8, "amount": 0.03, "side": "sell", "timestamp": 1765497018104}, {"id": "785735758", "price": 886.79, "amount": 0.54, "side": "sell", "timestamp": 1765497018104}, {"id": "785735759", "price": 886.79, "amount": 1.59, "side": "sell", "timestamp": 1765497018484}, {"id": "785735760", "price": 886.78, "amount": 0.17, "side": "sell", "timestamp": 1765497018484}, {"id": "785735761", "price": 886.77, "amount": 0.01, "side": "sell", "timestamp": 1765497018486}, {"id": "785735762", "price": 886.76, "amount": 0.06, "side": "buy", "timestamp": 1765497018498}, {"id": "785735763", "price": 886.76, "amount": 0.01, "side": "buy", "timestamp": 1765497018647}, {"id": "785735764", "price": 886.75, "amount": 0.01, "side": "sell", "timestamp": 1765497019047}, {"id": "785735765", "price": 886.76, "amount": 0.17, "side": "buy", "timestamp": 1765497019837}, {"id": "785735766", "price": 886.75, "amount": 0.02, "side": "sell", "timestamp": 1765497020028}, {"id": "785735767", "price": 886.76, "amount": 0.01, "side": "buy", "timestamp": 1765497020356}, {"id": "785735768", "price": 886.75, "amount": 0.83, "side": "sell", "timestamp": 1765497020363}, {"id": "785735769", "price": 886.74, "amount": 0.03, "side": "sell", "timestamp": 1765497020363}, {"id": "785735770", "price": 886.73, "amount": 0.19, "side": "sell", "timestamp": 1765497020363}, {"id": "785735771", "price": 886.72, "amount": 0.33, "side": "sell", "timestamp": 1765497020363}, {"id": "785735772", "price": 886.71, "amount": 3.92, "side": "sell", "timestamp": 1765497020363}, {"id": "785735773", "price": 886.71, "amount": 0.02, "side": "sell", "timestamp": 1765497020475}, {"id": "785735774", "price": 886.69, "amount": 0.04, "side": "sell", "timestamp": 1765497020477}, {"id": "785735775", "price": 886.69, "amount": 0.02, "side": "buy", "timestamp": 1765497020630}, {"id": "785735776", "price": 886.69, "amount": 0.04, "side": "buy", "timestamp": 1765497020793}, {"id": "785735777", "price": 886.68, "amount": 0.03, "side": "sell", "timestamp": 1765497020918}, {"id": "785735778", "price": 886.68, "amount": 0.01, "side": "sell", "timestamp": 1765497021098}, {"id": "785735779", "price": 886.69, "amount": 0.56, "side": "buy", "timestamp": 1765497021201}, {"id": "785735780", "price": 886.68, "amount": 0.01, "side": "sell", "timestamp": 1765497022112}, {"id": "785735781", "price": 886.68, "amount": 0.02, "side": "sell", "timestamp": 1765497023040}, {"id": "785735782", "price": 886.69, "amount": 2.71, "side": "buy", "timestamp": 1765497023726}, {"id": "785735783", "price": 886.7, "amount": 15.34, "side": "buy", "timestamp": 1765497023790}, {"id": "785735784", "price": 886.71, "amount": 0.01, "side": "buy", "timestamp": 1765497023804}, {"id": "785735785", "price": 886.72, "amount": 2.66, "side": "buy", "timestamp": 1765497023816}, {"id": "785735786", "price": 886.74, "amount": 0.01, "side": "buy", "timestamp": 1765497023833}, {"id": "785735787", "price": 886.75, "amount": 0.01, "side": "buy", "timestamp": 1765497023833}, {"id": "785735788", "price": 886.76, "amount": 0.02, "side": "buy", "timestamp": 1765497024132}, {"id": "785735789", "price": 886.75, "amount": 0.01, "side": "sell", "timestamp": 1765497024148}, {"id": "785735790", "price": 886.75, "amount": 0.01, "side": "sell", "timestamp": 1765497025166}, {"id": "785735791", "price": 886.75, "amount": 0.14, "side": "sell", "timestamp": 1765497025323}, {"id": "785735792", "price": 886.74, "amount": 0.02, "side": "sell", "timestamp": 1765497025323}, {"id": "785735793", "price": 886.73, "amount": 0.03, "side": "sell", "timestamp": 1765497025647}, {"id": "785735935", "price": 886.93, "amount": 0.03, "side": "sell", "timestamp": 1765497062114}, {"id": "785735936", "price": 886.94, "amount": 0.04, "side": "buy", "timestamp": 1765497062183}, {"id": "785735937", "price": 886.93, "amount": 0.01, "side": "sell", "timestamp": 1765497063171}, {"id": "785735938", "price": 886.94, "amount": 0.02, "side": "buy", "timestamp": 1765497063557}, {"id": "785735939", "price": 886.94, "amount": 0.01, "side": "buy", "timestamp": 1765497064068}, {"id": "785735940", "price": 886.93, "amount": 0.01, "side": "sell", "timestamp": 1765497064194}, {"id": "785735941", "price": 886.94, "amount": 0.01, "side": "buy", "timestamp": 1765497064267}, {"id": "785735942", "price": 886.93, "amount": 0.07, "side": "sell", "timestamp": 1765497064473}, {"id": "785735943", "price": 886.94, "amount": 0.08, "side": "buy", "timestamp": 1765497064698}, {"id": "785735944", "price": 886.94, "amount": 0.02, "side": "buy", "timestamp": 1765497064829}, {"id": "785735945", "price": 886.94, "amount": 0.04, "side": "buy", "timestamp": 1765497064946}, {"id": "785735946", "price": 886.93, "amount": 0.01, "side": "sell", "timestamp": 1765497065018}, {"id": "785735947", "price": 886.94, "amount": 0.02, "side": "buy", "timestamp": 1765497065083}, {"id": "785735948", "price": 886.93, "amount": 0.01, "side": "sell", "timestamp": 1765497065125}, {"id": "785735949", "price": 886.94, "amount": 0.06, "side": "buy", "timestamp": 1765497065571}, {"id": "785735950", "price": 886.94, "amount": 0.02, "side": "buy", "timestamp": 1765497065869}, {"id": "785735951", "price": 886.93, "amount": 0.01, "side": "sell", "timestamp": 1765497066035}, {"id": "785735952", "price": 886.93, "amount": 0.01, "side": "sell", "timestamp": 1765497067054}, {"id": "785735953", "price": 886.94, "amount": 0.01, "side": "buy", "timestamp": 1765497067808}, {"id": "785735954", "price": 886.93, "amount": 0.02, "side": "sell", "timestamp": 1765497068063}, {"id": "785735955", "price": 886.93, "amount": 0.01, "side": "sell", "timestamp": 1765497069083}, {"id": "785735956", "price": 886.93, "amount": 0.13, "side": "sell", "timestamp": 1765497069518}, {"id": "785735957", "price": 886.94, "amount": 0.01, "side": "buy", "timestamp": 1765497069895}, {"id": "785735958", "price": 886.93, "amount": 0.01, "side": "sell", "timestamp": 1765497070104}, {"id": "785735959", "price": 886.93, "amount": 0.92, "side": "sell", "timestamp": 1765497070623}, {"id": "785735960", "price": 886.93, "amount": 0.11, "side": "sell", "timestamp": 1765497070886}, {"id": "785735961", "price": 886.93, "amount": 0.02, "side": "sell", "timestamp": 1765497071113}, {"id": "785735962", "price": 886.93, "amount": 0.01, "side": "sell", "timestamp": 1765497072121}, {"id": "785735963", "price": 886.93, "amount": 1.44, "side": "sell", "timestamp": 1765497072791}, {"id": "785735964", "price": 886.93, "amount": 0.01, "side": "sell", "timestamp": 1765497073142}, {"id": "785735965", "price": 886.94, "amount": 0.01, "side": "buy", "timestamp": 1765497074069}, {"id": "785735966", "price": 886.93, "amount": 0.02, "side": "sell", "timestamp": 1765497074151}, {"id": "785735967", "price": 886.94, "amount": 0.02, "side": "buy", "timestamp": 1765497074925}, {"id": "785735968", "price": 886.93, "amount": 0.01, "side": "sell", "timestamp": 1765497075170}, {"id": "785735969", "price": 886.94, "amount": 10.33, "side": "buy", "timestamp": 1765497075374}, {"id": "785735970", "price": 886.95, "amount": 1.9, "side": "buy", "timestamp": 1765497075378}, {"id": "785735971", "price": 886.96, "amount": 0.03, "side": "buy", "timestamp": 1765497075378}, {"id": "785735972", "price": 887.0, "amount": 0.01, "side": "buy", "timestamp": 1765497075409}, {"id": "785735973", "price": 887.01, "amount": 0.01, "side": "buy", "timestamp": 1765497075409}, {"id": "785735974", "price": 887.02, "amount": 0.05, "side": "buy", "timestamp": 1765497075409}, {"id": "785735975", "price": 887.03, "amount": 0.01, "side": "buy", "timestamp": 1765497075980}, {"id": "785735976", "price": 887.02, "amount": 0.01, "side": "sell", "timestamp": 1765497076192}, {"id": "785735977", "price": 887.03, "amount": 0.03, "side": "buy", "timestamp": 1765497076336}, {"id": "785735978", "price": 887.02, "amount": 0.01, "side": "sell", "timestamp": 1765497076381}, {"id": "785735979", "price": 887.02, "amount": 0.03, "side": "sell", "timestamp": 1765497076603}, {"id": "785735980", "price": 887.02, "amount": 22.79, "side": "sell", "timestamp": 1765497076931}, {"id": "785735981", "price": 887.02, "amount": 0.01, "side": "sell", "timestamp": 1765497077186}, {"id": "785735982", "price": 887.02, "amount": 0.01, "side": "sell", "timestamp": 1765497078033}, {"id": "785735983", "price": 887.03, "amount": 0.01, "side": "buy", "timestamp": 1765497078337}, {"id": "785735984", "price": 887.02, "amount": 0.01, "side": "sell", "timestamp": 1765497079062}, {"id": "785736147", "price": 887.48, "amount": 0.01, "side": "buy", "timestamp": 1765497121490}, {"id": "785736148", "price": 887.47, "amount": 0.02, "side": "sell", "timestamp": 1765497122086}, {"id": "785736149", "price": 887.47, "amount": 0.12, "side": "sell", "timestamp": 1765497122651}, {"id": "785736150", "price": 887.47, "amount": 0.01, "side": "sell", "timestamp": 1765497122879}, {"id": "785736151", "price": 887.48, "amount": 0.02, "side": "buy", "timestamp": 1765497123091}, {"id": "785736152", "price": 887.47, "amount": 0.01, "side": "sell", "timestamp": 1765497123106}, {"id": "785736153", "price": 887.48, "amount": 0.04, "side": "buy", "timestamp": 1765497123378}, {"id": "785736154", "price": 887.47, "amount": 0.01, "side": "sell", "timestamp": 1765497124135}, {"id": "785736155", "price": 887.48, "amount": 0.01, "side": "buy", "timestamp": 1765497124204}, {"id": "785736156", "price": 887.48, "amount": 0.21, "side": "buy", "timestamp": 1765497124514}, {"id": "785736157", "price": 887.48, "amount": 0.01, "side": "buy", "timestamp": 1765497124833}, {"id": "785736158", "price": 887.48, "amount": 0.04, "side": "buy", "timestamp": 1765497124943}, {"id": "785736159", "price": 887.48, "amount": 0.02, "side": "buy", "timestamp": 1765497125089}, {"id": "785736160", "price": 887.47, "amount": 0.02, "side": "sell", "timestamp": 1765497125156}, {"id": "785736161", "price": 887.48, "amount": 0.01, "side": "buy", "timestamp": 1765497125394}, {"id": "785736162", "price": 887.47, "amount": 0.16, "side": "sell", "timestamp": 1765497125476}, {"id": "785736163", "price": 887.48, "amount": 0.04, "side": "buy", "timestamp": 1765497125586}, {"id": "785736164", "price": 887.48, "amount": 0.04, "side": "buy", "timestamp": 1765497125778}, {"id": "785736165", "price": 887.47, "amount": 0.55, "side": "sell", "timestamp": 1765497126180}, {"id": "785736166", "price": 887.47, "amount": 0.01, "side": "sell", "timestamp": 1765497127201}, {"id": "785736167", "price": 887.47, "amount": 0.01, "side": "sell", "timestamp": 1765497128031}, {"id": "785736168", "price": 887.47, "amount": 0.01, "side": "sell", "timestamp": 1765497128168}, {"id": "785736169", "price": 887.48, "amount": 0.02, "side": "buy", "timestamp": 1765497128507}, {"id": "785736170", "price": 887.47, "amount": 0.01, "side": "sell", "timestamp": 1765497129052}, {"id": "785736171", "price": 887.48, "amount": 0.07, "side": "buy", "timestamp": 1765497129712}, {"id": "785736172", "price": 887.48, "amount": 0.03, "side": "buy", "timestamp": 1765497129952}, {"id": "785736173", "price": 887.47, "amount": 0.01, "side": "sell", "timestamp": 1765497130061}, {"id": "785736174", "price": 887.48, "amount": 0.03, "side": "buy", "timestamp": 1765497130734}, {"id": "785736175", "price": 887.47, "amount": 0.02, "side": "sell", "timestamp": 1765497131086}, {"id": "785736176", "price": 887.47, "amount": 8.87, "side": "sell", "timestamp": 1765497131365}, {"id": "785736177", "price": 887.46, "amount": 0.25, "side": "sell", "timestamp": 1765497131367}, {"id": "785736178", "price": 887.45, "amount": 0.15, "side": "sell", "timestamp": 1765497131369}, {"id": "785736179", "price": 887.44, "amount": 1.2, "side": "sell", "timestamp": 1765497131377}, {"id": "785736180", "price": 887.42, "amount": 0.38, "side": "sell", "timestamp": 1765497131377}, {"id": "785736181", "price": 887.41, "amount": 1.14, "side": "sell", "timestamp": 1765497131602}, {"id": "785736182", "price": 887.4, "amount": 0.03, "side": "sell", "timestamp": 1765497131602}, {"id": "785736183", "price": 887.39, "amount": 0.02, "side": "sell", "timestamp": 1765497131602}, {"id": "785736184", "price": 887.38, "amount": 0.02, "side": "sell", "timestamp": 1765497131606}, {"id": "785736185", "price": 887.37, "amount": 0.01, "side": "sell", "timestamp": 1765497131606}, {"id": "785736186", "price": 887.36, "amount": 0.03, "side": "sell", "timestamp": 1765497131606}, {"id": "785736187", "price": 887.35, "amount": 0.07, "side": "sell", "timestamp": 1765497131610}, {"id": "785736188", "price": 887.34, "amount": 0.01, "side": "sell", "timestamp": 1765497131610}, {"id": "785736189", "price": 887.32, "amount": 0.02, "side": "sell", "timestamp": 1765497131615}, {"id": "785736190", "price": 887.31, "amount": 0.03, "side": "sell", "timestamp": 1765497131643}, {"id": "785736191", "price": 887.29, "amount": 0.02, "side": "sell", "timestamp": 1765497131651}, {"id": "785736192", "price": 887.28, "amount": 0.69, "side": "sell", "timestamp": 1765497131702}, {"id": "785736193", "price": 887.27, "amount": 0.02, "side": "sell", "timestamp": 1765497131702}, {"id": "785736194", "price": 887.26, "amount": 0.03, "side": "sell", "timestamp": 1765497131709}, {"id": "785736195", "price": 887.25, "amount": 0.03, "side": "sell", "timestamp": 1765497131709}, {"id": "785736196", "price": 887.24, "amount": 0.01, "side": "sell", "timestamp": 1765497131709}, {"id": "785736365", "price": 886.5, "amount": 0.03, "side": "buy", "timestamp": 1765497173670}, {"id": "785736366", "price": 886.53, "amount": 0.04, "side": "buy", "timestamp": 1765497173920}, {"id": "785736367", "price": 886.52, "amount": 0.01, "side": "sell", "timestamp": 1765497174056}, {"id": "785736368", "price": 886.53, "amount": 0.02, "side": "buy", "timestamp": 1765497174236}, {"id": "785736369", "price": 886.52, "amount": 0.01, "side": "sell", "timestamp": 1765497174247}, {"id": "785736370", "price": 886.52, "amount": 0.01, "side": "sell", "timestamp": 1765497175077}, {"id": "785736371", "price": 886.52, "amount": 0.02, "side": "sell", "timestamp": 1765497176098}, {"id": "785736372", "price": 886.52, "amount": 0.05, "side": "sell", "timestamp": 1765497176221}, {"id": "785736373", "price": 886.53, "amount": 0.35, "side": "buy", "timestamp": 1765497177105}, {"id": "785736374", "price": 886.56, "amount": 0.02, "side": "buy", "timestamp": 1765497177110}, {"id": "785736375", "price": 886.57, "amount": 0.08, "side": "buy", "timestamp": 1765497177115}, {"id": "785736376", "price": 886.56, "amount": 0.01, "side": "sell", "timestamp": 1765497177120}, {"id": "785736377", "price": 886.57, "amount": 0.09, "side": "buy", "timestamp": 1765497177144}, {"id": "785736378", "price": 886.58, "amount": 0.38, "side": "buy", "timestamp": 1765497177672}, {"id": "785736379", "price": 886.57, "amount": 0.01, "side": "sell", "timestamp": 1765497178151}, {"id": "785736380", "price": 886.58, "amount": 0.37, "side": "buy", "timestamp": 1765497178553}, {"id": "785736381", "price": 886.57, "amount": 2.0, "side": "sell", "timestamp": 1765497178820}, {"id": "785736382", "price": 886.57, "amount": 0.02, "side": "sell", "timestamp": 1765497179171}, {"id": "785736383", "price": 886.58, "amount": 0.06, "side": "buy", "timestamp": 1765497180065}, {"id": "785736384", "price": 886.57, "amount": 0.01, "side": "sell", "timestamp": 1765497180192}, {"id": "785736385", "price": 886.58, "amount": 0.01, "side": "buy", "timestamp": 1765497180385}, {"id": "785736386", "price": 886.58, "amount": 30.08, "side": "buy", "timestamp": 1765497180881}, {"id": "785736387", "price": 886.59, "amount": 0.07, "side": "buy", "timestamp": 1765497180884}, {"id": "785736388", "price": 886.6, "amount": 0.08, "side": "buy", "timestamp": 1765497180884}, {"id": "785736389", "price": 886.61, "amount": 1.16, "side": "buy", "timestamp": 1765497180884}, {"id": "785736390", "price": 886.62, "amount": 1.35, "side": "buy", "timestamp": 1765497180884}, {"id": "785736391", "price": 886.61, "amount": 0.1, "side": "sell", "timestamp": 1765497181005}, {"id": "785736392", "price": 886.61, "amount": 0.08, "side": "sell", "timestamp": 1765497181279}, {"id": "785736393", "price": 886.61, "amount": 0.62, "side": "sell", "timestamp": 1765497181512}, {"id": "785736394", "price": 886.61, "amount": 0.02, "side": "buy", "timestamp": 1765497182010}, {"id": "785736395", "price": 886.6, "amount": 0.02, "side": "sell", "timestamp": 1765497182031}, {"id": "785736396", "price": 886.6, "amount": 0.11, "side": "sell", "timestamp": 1765497182768}, {"id": "785736397", "price": 886.6, "amount": 0.03, "side": "sell", "timestamp": 1765497182891}, {"id": "785736398", "price": 886.58, "amount": 0.03, "side": "buy", "timestamp": 1765497182949}, {"id": "785736399", "price": 886.57, "amount": 0.01, "side": "sell", "timestamp": 1765497183085}, {"id": "785736400", "price": 886.58, "amount": 0.02, "side": "buy", "timestamp": 1765497183092}, {"id": "785736401", "price": 886.58, "amount": 0.25, "side": "buy", "timestamp": 1765497183375}, {"id": "785736402", "price": 886.57, "amount": 0.11, "side": "sell", "timestamp": 1765497183480}, {"id": "785736403", "price": 886.57, "amount": 1.09, "side": "sell", "timestamp": 1765497183722}, {"id": "785736404", "price": 886.56, "amount": 0.03, "side": "sell", "timestamp": 1765497183722}, {"id": "785736405", "price": 886.54, "amount": 0.01, "side": "sell", "timestamp": 1765497183722}, {"id": "785736406", "price": 886.53, "amount": 1.59, "side": "sell", "timestamp": 1765497183722}, {"id": "785736407", "price": 886.52, "amount": 1.72, "side": "sell", "timestamp": 1765497183722}, {"id": "785736408", "price": 886.51, "amount": 0.03, "side": "sell", "timestamp": 1765497183722}, {"id": "785736409", "price": 886.5, "amount": 1.6, "side": "sell", "timestamp": 1765497183722}, {"id": "785736410", "price": 886.51, "amount": 0.01, "side": "buy", "timestamp": 1765497183954}, {"id": "785736411", "price": 886.5, "amount": 0.01, "side": "sell", "timestamp": 1765497184108}, {"id": "785736412", "price": 886.5, "amount": 1.43, "side": "sell", "timestamp": 1765497184651}, {"id": "785736413", "price": 886.51, "amount": 0.01, "side": "buy", "timestamp": 1765497184764}, {"id": "785736414", "price": 886.5, "amount": 0.03, "side": "sell", "timestamp": 1765497185056}, {"id": "785736494", "price": 886.31, "amount": 0.02, "side": "sell", "timestamp": 1765497218067}, {"id": "785736495", "price": 886.31, "amount": 0.02, "side": "sell", "timestamp": 1765497218908}, {"id": "785736496", "price": 886.31, "amount": 0.01, "side": "sell", "timestamp": 1765497219094}, {"id": "785736497", "price": 886.31, "amount": 2.59, "side": "sell", "timestamp": 1765497219244}, {"id": "785736498", "price": 886.32, "amount": 0.01, "side": "buy", "timestamp": 1765497219544}, {"id": "785736499", "price": 886.31, "amount": 0.01, "side": "sell", "timestamp": 1765497220115}, {"id": "785736500", "price": 886.32, "amount": 3.86, "side": "buy", "timestamp": 1765497221041}, {"id": "785736501", "price": 886.31, "amount": 0.02, "side": "sell", "timestamp": 1765497221095}, {"id": "785736502", "price": 886.31, "amount": 0.01, "side": "sell", "timestamp": 1765497222146}, {"id": "785736503", "price": 886.31, "amount": 0.16, "side": "sell", "timestamp": 1765497222308}, {"id": "785736504", "price": 886.31, "amount": 0.01, "side": "sell", "timestamp": 1765497222443}, {"id": "785736505", "price": 886.31, "amount": 0.99, "side": "sell", "timestamp": 1765497222981}, {"id": "785736506", "price": 886.29, "amount": 1.3, "side": "sell", "timestamp": 1765497222984}, {"id": "785736507", "price": 886.27, "amount": 0.02, "side": "sell", "timestamp": 1765497222985}, {"id": "785736508", "price": 886.26, "amount": 0.03, "side": "sell", "timestamp": 1765497222985}, {"id": "785736509", "price": 886.25, "amount": 1.23, "side": "sell", "timestamp": 1765497223102}, {"id": "785736510", "price": 886.24, "amount": 0.03, "side": "sell", "timestamp": 1765497223104}, {"id": "785736511", "price": 886.23, "amount": 0.36, "side": "sell", "timestamp": 1765497223104}, {"id": "785736512", "price": 886.22, "amount": 0.01, "side": "sell", "timestamp": 1765497223115}, {"id": "785736513", "price": 886.21, "amount": 0.03, "side": "sell", "timestamp": 1765497223115}, {"id": "785736514", "price": 886.2, "amount": 0.01, "side": "sell", "timestamp": 1765497223182}, {"id": "785736515", "price": 886.2, "amount": 0.01, "side": "sell", "timestamp": 1765497224004}, {"id": "785736516", "price": 886.2, "amount": 0.01, "side": "sell", "timestamp": 1765497224112}, {"id": "785736517", "price": 886.21, "amount": 0.11, "side": "buy", "timestamp": 1765497224218}, {"id": "785736518", "price": 886.21, "amount": 0.01, "side": "buy", "timestamp": 1765497225019}, {"id": "785736519", "price": 886.2, "amount": 0.01, "side": "sell", "timestamp": 1765497225025}, {"id": "785736520", "price": 886.21, "amount": 0.02, "side": "buy", "timestamp": 1765497225098}, {"id": "785736521", "price": 886.2, "amount": 0.03, "side": "sell", "timestamp": 1765497225551}, {"id": "785736522", "price": 886.2, "amount": 0.01, "side": "sell", "timestamp": 1765497226045}, {"id": "785736523", "price": 886.2, "amount": 0.02, "side": "sell", "timestamp": 1765497227067}, {"id": "785736524", "price": 886.2, "amount": 0.01, "side": "sell", "timestamp": 1765497228098}, {"id": "785736525", "price": 886.2, "amount": 0.01, "side": "sell", "timestamp": 1765497229120}, {"id": "785736526", "price": 886.2, "amount": 0.23, "side": "sell", "timestamp": 1765497229470}, {"id": "785736527", "price": 886.21, "amount": 0.01, "side": "buy", "timestamp": 1765497229529}, {"id": "785736528", "price": 886.2, "amount": 0.02, "side": "sell", "timestamp": 1765497230132}, {"id": "785736529", "price": 886.21, "amount": 0.04, "side": "buy", "timestamp": 1765497230958}, {"id": "785736530", "price": 886.2, "amount": 0.01, "side": "sell", "timestamp": 1765497231163}, {"id": "785736531", "price": 886.2, "amount": 0.01, "side": "sell", "timestamp": 1765497232172}, {"id": "785736532", "price": 886.21, "amount": 0.21, "side": "buy", "timestamp": 1765497232527}, {"id": "785736533", "price": 886.21, "amount": 0.03, "side": "buy", "timestamp": 1765497232887}, {"id": "785736534", "price": 886.2, "amount": 0.02, "side": "sell", "timestamp": 1765497233143}, {"id": "785736535", "price": 886.2, "amount": 0.01, "side": "sell", "timestamp": 1765497234012}, {"id": "785736536", "price": 886.2, "amount": 0.02, "side": "sell", "timestamp": 1765497234408}, {"id": "785736537", "price": 886.2, "amount": 0.01, "side": "sell", "timestamp": 1765497235032}, {"id": "785736538", "price": 886.21, "amount": 0.01, "side": "buy", "timestamp": 1765497236013}, {"id": "785736539", "price": 886.2, "amount": 0.01, "side": "sell", "timestamp": 1765497236054}, {"id": "785736540", "price": 886.2, "amount": 0.01, "side": "sell", "timestamp": 1765497236174}, {"id": "785736541", "price": 886.2, "amount": 0.07, "side": "sell", "timestamp": 1765497237073}, {"id": "785736542", "price": 886.2, "amount": 0.4, "side": "sell", "timestamp": 1765497237264}, {"id": "785736543", "price": 886.2, "amount": 0.01, "side": "sell", "timestamp": 1765497238096}, {"id": "785736840", "price": 885.24, "amount": 5.65, "side": "sell", "timestamp": 1765497284180}, {"id": "785736841", "price": 885.25, "amount": 0.01, "side": "buy", "timestamp": 1765497284548}, {"id": "785736842", "price": 885.25, "amount": 0.02, "side": "buy", "timestamp": 1765497285036}, {"id": "785736843", "price": 885.24, "amount": 0.01, "side": "sell", "timestamp": 1765497285100}, {"id": "785736844", "price": 885.25, "amount": 0.01, "side": "buy", "timestamp": 1765497285932}, {"id": "785736845", "price": 885.24, "amount": 0.01, "side": "sell", "timestamp": 1765497286121}, {"id": "785736846", "price": 885.25, "amount": 0.01, "side": "buy", "timestamp": 1765497286273}, {"id": "785736847", "price": 885.25, "amount": 0.93, "side": "buy", "timestamp": 1765497286691}, {"id": "785736848", "price": 885.27, "amount": 0.01, "side": "buy", "timestamp": 1765497286699}, {"id": "785736849", "price": 885.28, "amount": 0.01, "side": "buy", "timestamp": 1765497286699}, {"id": "785736850", "price": 885.29, "amount": 0.01, "side": "buy", "timestamp": 1765497286699}, {"id": "785736851", "price": 885.3, "amount": 0.03, "side": "buy", "timestamp": 1765497286699}, {"id": "785736852", "price": 885.31, "amount": 0.19, "side": "buy", "timestamp": 1765497286784}, {"id": "785736853", "price": 885.32, "amount": 0.03, "side": "buy", "timestamp": 1765497286784}, {"id": "785736854", "price": 885.33, "amount": 0.03, "side": "buy", "timestamp": 1765497286784}, {"id": "785736855", "price": 885.34, "amount": 0.01, "side": "buy", "timestamp": 1765497286784}, {"id": "785736856", "price": 885.36, "amount": 0.06, "side": "buy", "timestamp": 1765497286784}, {"id": "785736857", "price": 885.37, "amount": 0.61, "side": "buy", "timestamp": 1765497286784}, {"id": "785736858", "price": 885.38, "amount": 0.12, "side": "buy", "timestamp": 1765497286784}, {"id": "785736859", "price": 885.39, "amount": 0.04, "side": "buy", "timestamp": 1765497286784}, {"id": "785736860", "price": 885.4, "amount": 0.03, "side": "buy", "timestamp": 1765497286784}, {"id": "785736861", "price": 885.41, "amount": 0.02, "side": "buy", "timestamp": 1765497286784}, {"id": "785736862", "price": 885.42, "amount": 0.68, "side": "buy", "timestamp": 1765497286784}, {"id": "785736863", "price": 885.42, "amount": 0.01, "side": "sell", "timestamp": 1765497287005}, {"id": "785736864", "price": 885.42, "amount": 0.01, "side": "sell", "timestamp": 1765497287150}, {"id": "785736865", "price": 885.43, "amount": 10.17, "side": "buy", "timestamp": 1765497287506}, {"id": "785736866", "price": 885.44, "amount": 7.79, "side": "buy", "timestamp": 1765497287509}, {"id": "785736867", "price": 885.45, "amount": 5.99, "side": "buy", "timestamp": 1765497287515}, {"id": "785736868", "price": 885.47, "amount": 0.04, "side": "buy", "timestamp": 1765497287559}, {"id": "785736869", "price": 885.46, "amount": 0.02, "side": "sell", "timestamp": 1765497288173}, {"id": "785736870", "price": 885.46, "amount": 0.01, "side": "sell", "timestamp": 1765497289194}, {"id": "785736871", "price": 885.47, "amount": 0.41, "side": "buy", "timestamp": 1765497289848}, {"id": "785736872", "price": 885.48, "amount": 0.13, "side": "buy", "timestamp": 1765497289848}, {"id": "785736873", "price": 885.49, "amount": 0.12, "side": "buy", "timestamp": 1765497289848}, {"id": "785736874", "price": 885.5, "amount": 0.02, "side": "buy", "timestamp": 1765497289903}, {"id": "785736875", "price": 885.5, "amount": 0.01, "side": "sell", "timestamp": 1765497290032}, {"id": "785736876", "price": 885.51, "amount": 0.03, "side": "buy", "timestamp": 1765497290057}, {"id": "785736877", "price": 885.5, "amount": 0.01, "side": "sell", "timestamp": 1765497290089}, {"id": "785736878", "price": 885.5, "amount": 6.34, "side": "sell", "timestamp": 1765497290366}, {"id": "785736879", "price": 885.5, "amount": 0.01, "side": "sell", "timestamp": 1765497291050}, {"id": "785736880", "price": 885.51, "amount": 5.1, "side": "buy", "timestamp": 1765497291518}, {"id": "785736881", "price": 885.52, "amount": 0.08, "side": "buy", "timestamp": 1765497291609}, {"id": "785736882", "price": 885.53, "amount": 0.12, "side": "buy", "timestamp": 1765497291609}, {"id": "785736883", "price": 885.54, "amount": 0.03, "side": "buy", "timestamp": 1765497291609}, {"id": "785736884", "price": 885.55, "amount": 0.02, "side": "buy", "timestamp": 1765497291609}, {"id": "785736885", "price": 885.56, "amount": 0.01, "side": "buy", "timestamp": 1765497291609}, {"id": "785736886", "price": 885.57, "amount": 1.59, "side": "buy", "timestamp": 1765497291609}, {"id": "785736887", "price": 885.58, "amount": 1.06, "side": "buy", "timestamp": 1765497291610}, {"id": "785736888", "price": 885.59, "amount": 2.25, "side": "buy", "timestamp": 1765497291610}, {"id": "785736889", "price": 885.6, "amount": 0.26, "side": "buy", "timestamp": 1765497291635}, {"id": "785737067", "price": 885.96, "amount": 0.01, "side": "sell", "timestamp": 1765497330119}, {"id": "785737068", "price": 885.95, "amount": 0.01, "side": "sell", "timestamp": 1765497330185}, {"id": "785737069", "price": 885.96, "amount": 1.12, "side": "buy", "timestamp": 1765497330200}, {"id": "785737070", "price": 885.95, "amount": 2.5, "side": "sell", "timestamp": 1765497330326}, {"id": "785737071", "price": 885.94, "amount": 0.15, "side": "sell", "timestamp": 1765497330326}, {"id": "785737072", "price": 885.93, "amount": 0.19, "side": "sell", "timestamp": 1765497330327}, {"id": "785737073", "price": 885.92, "amount": 0.01, "side": "sell", "timestamp": 1765497330332}, {"id": "785737074", "price": 885.91, "amount": 0.24, "side": "sell", "timestamp": 1765497330375}, {"id": "785737075", "price": 885.9, "amount": 0.01, "side": "sell", "timestamp": 1765497330388}, {"id": "785737076", "price": 885.89, "amount": 0.03, "side": "sell", "timestamp": 1765497330388}, {"id": "785737077", "price": 885.87, "amount": 0.03, "side": "sell", "timestamp": 1765497330538}, {"id": "785737078", "price": 885.85, "amount": 0.01, "side": "buy", "timestamp": 1765497330866}, {"id": "785737079", "price": 885.84, "amount": 0.01, "side": "sell", "timestamp": 1765497331039}, {"id": "785737080", "price": 885.84, "amount": 8.37, "side": "sell", "timestamp": 1765497331304}, {"id": "785737081", "price": 885.85, "amount": 0.05, "side": "buy", "timestamp": 1765497331951}, {"id": "785737082", "price": 885.84, "amount": 0.02, "side": "sell", "timestamp": 1765497332055}, {"id": "785737083", "price": 885.84, "amount": 0.01, "side": "sell", "timestamp": 1765497333075}, {"id": "785737084", "price": 885.84, "amount": 0.01, "side": "sell", "timestamp": 1765497334096}, {"id": "785737085", "price": 885.85, "amount": 0.01, "side": "buy", "timestamp": 1765497334561}, {"id": "785737086", "price": 885.84, "amount": 0.02, "side": "sell", "timestamp": 1765497335077}, {"id": "785737087", "price": 885.84, "amount": 0.88, "side": "sell", "timestamp": 1765497335395}, {"id": "785737088", "price": 885.82, "amount": 0.04, "side": "sell", "timestamp": 1765497335454}, {"id": "785737089", "price": 885.81, "amount": 0.01, "side": "sell", "timestamp": 1765497335455}, {"id": "785737090", "price": 885.8, "amount": 0.03, "side": "sell", "timestamp": 1765497335455}, {"id": "785737091", "price": 885.78, "amount": 0.07, "side": "sell", "timestamp": 1765497335459}, {"id": "785737092", "price": 885.79, "amount": 0.02, "side": "buy", "timestamp": 1765497335590}, {"id": "785737093", "price": 885.77, "amount": 0.01, "side": "sell", "timestamp": 1765497336123}, {"id": "785737094", "price": 885.77, "amount": 0.05, "side": "sell", "timestamp": 1765497336551}, {"id": "785737095", "price": 885.76, "amount": 0.01, "side": "sell", "timestamp": 1765497336555}, {"id": "785737096", "price": 885.75, "amount": 0.01, "side": "sell", "timestamp": 1765497336555}, {"id": "785737097", "price": 885.74, "amount": 0.02, "side": "sell", "timestamp": 1765497336605}, {"id": "785737098", "price": 885.72, "amount": 2.43, "side": "sell", "timestamp": 1765497336620}, {"id": "785737099", "price": 885.7, "amount": 1.1, "side": "sell", "timestamp": 1765497336632}, {"id": "785737100", "price": 885.69, "amount": 0.03, "side": "sell", "timestamp": 1765497336640}, {"id": "785737101", "price": 885.68, "amount": 0.03, "side": "sell", "timestamp": 1765497336640}, {"id": "785737102", "price": 885.67, "amount": 0.01, "side": "sell", "timestamp": 1765497337160}, {"id": "785737103", "price": 885.67, "amount": 0.02, "side": "sell", "timestamp": 1765497338120}, {"id": "785737104", "price": 885.67, "amount": 0.01, "side": "sell", "timestamp": 1765497339194}, {"id": "785737105", "price": 885.67, "amount": 0.01, "side": "sell", "timestamp": 1765497340015}, {"id": "785737106", "price": 885.67, "amount": 0.01, "side": "sell", "timestamp": 1765497341036}, {"id": "785737107", "price": 885.67, "amount": 0.01, "side": "sell", "timestamp": 1765497341145}, {"id": "785737108", "price": 885.67, "amount": 0.01, "side": "sell", "timestamp": 1765497342055}, {"id": "785737109", "price": 885.68, "amount": 0.52, "side": "buy", "timestamp": 1765497342124}, {"id": "785737110", "price": 885.67, "amount": 0.01, "side": "sell", "timestamp": 1765497342310}, {"id": "785737111", "price": 885.67, "amount": 1.63, "side": "sell", "timestamp": 1765497342916}, {"id": "785737112", "price": 885.67, "amount": 0.01, "side": "sell", "timestamp": 1765497343074}, {"id": "785737113", "price": 885.67, "amount": 0.03, "side": "sell", "timestamp": 1765497343403}, {"id": "785737114", "price": 885.67, "amount": 0.02, "side": "sell", "timestamp": 1765497344083}, {"id": "785737115", "price": 885.67, "amount": 0.75, "side": "sell", "timestamp": 1765497345029}, {"id": "785737116", "price": 885.67, "amount": 0.01, "side": "sell", "timestamp": 1765497346125}, {"id": "785737245", "price": 885.95, "amount": 0.01, "side": "sell", "timestamp": 1765497389542}, {"id": "785737246", "price": 885.95, "amount": 0.01, "side": "sell", "timestamp": 1765497390194}, {"id": "785737247", "price": 885.96, "amount": 0.22, "side": "buy", "timestamp": 1765497390973}, {"id": "785737248", "price": 885.97, "amount": 5.07, "side": "buy", "timestamp": 1765497390980}, {"id": "785737249", "price": 885.98, "amount": 0.02, "side": "buy", "timestamp": 1765497390980}, {"id": "785737250", "price": 885.99, "amount": 0.02, "side": "buy", "timestamp": 1765497390980}, {"id": "785737251", "price": 886.0, "amount": 0.03, "side": "buy", "timestamp": 1765497390982}, {"id": "785737252", "price": 886.01, "amount": 0.59, "side": "buy", "timestamp": 1765497390982}, {"id": "785737253", "price": 886.02, "amount": 1.11, "side": "buy", "timestamp": 1765497390987}, {"id": "785737254", "price": 886.03, "amount": 0.12, "side": "buy", "timestamp": 1765497390987}, {"id": "785737255", "price": 886.04, "amount": 0.93, "side": "buy", "timestamp": 1765497390987}, {"id": "785737256", "price": 886.05, "amount": 0.29, "side": "buy", "timestamp": 1765497390988}, {"id": "785737257", "price": 886.06, "amount": 0.69, "side": "buy", "timestamp": 1765497390988}, {"id": "785737258", "price": 886.07, "amount": 4.11, "side": "buy", "timestamp": 1765497390994}, {"id": "785737259", "price": 886.08, "amount": 0.6, "side": "buy", "timestamp": 1765497390994}, {"id": "785737260", "price": 886.09, "amount": 2.71, "side": "buy", "timestamp": 1765497390994}, {"id": "785737261", "price": 886.1, "amount": 0.27, "side": "buy", "timestamp": 1765497390994}, {"id": "785737262", "price": 886.11, "amount": 6.52, "side": "buy", "timestamp": 1765497390994}, {"id": "785737263", "price": 886.12, "amount": 2.69, "side": "buy", "timestamp": 1765497391005}, {"id": "785737264", "price": 886.13, "amount": 0.03, "side": "buy", "timestamp": 1765497391005}, {"id": "785737265", "price": 886.13, "amount": 0.01, "side": "sell", "timestamp": 1765497391125}, {"id": "785737266", "price": 886.14, "amount": 0.22, "side": "buy", "timestamp": 1765497391126}, {"id": "785737267", "price": 886.15, "amount": 0.01, "side": "buy", "timestamp": 1765497391273}, {"id": "785737268", "price": 886.16, "amount": 0.03, "side": "buy", "timestamp": 1765497391273}, {"id": "785737269", "price": 886.17, "amount": 0.13, "side": "buy", "timestamp": 1765497391473}, {"id": "785737270", "price": 886.17, "amount": 0.04, "side": "buy", "timestamp": 1765497391753}, {"id": "785737271", "price": 886.16, "amount": 0.02, "side": "sell", "timestamp": 1765497392077}, {"id": "785737272", "price": 886.17, "amount": 0.03, "side": "buy", "timestamp": 1765497392969}, {"id": "785737273", "price": 886.18, "amount": 0.02, "side": "buy", "timestamp": 1765497392969}, {"id": "785737274", "price": 886.2, "amount": 0.1, "side": "buy", "timestamp": 1765497392969}, {"id": "785737275", "price": 886.19, "amount": 0.01, "side": "sell", "timestamp": 1765497393169}, {"id": "785737276", "price": 886.19, "amount": 0.01, "side": "sell", "timestamp": 1765497394206}, {"id": "785737277", "price": 886.2, "amount": 0.37, "side": "buy", "timestamp": 1765497394276}, {"id": "785737278", "price": 886.19, "amount": 0.23, "side": "sell", "timestamp": 1765497394470}, {"id": "785737279", "price": 886.19, "amount": 0.02, "side": "sell", "timestamp": 1765497395026}, {"id": "785737280", "price": 886.2, "amount": 0.02, "side": "buy", "timestamp": 1765497395122}, {"id": "785737281", "price": 886.19, "amount": 9.08, "side": "sell", "timestamp": 1765497395536}, {"id": "785737282", "price": 886.19, "amount": 0.09, "side": "sell", "timestamp": 1765497395711}, {"id": "785737283", "price": 886.16, "amount": 0.09, "side": "sell", "timestamp": 1765497395718}, {"id": "785737284", "price": 886.14, "amount": 0.42, "side": "sell", "timestamp": 1765497395775}, {"id": "785737285", "price": 886.13, "amount": 0.02, "side": "sell", "timestamp": 1765497395775}, {"id": "785737286", "price": 886.11, "amount": 0.04, "side": "sell", "timestamp": 1765497395775}, {"id": "785737287", "price": 886.08, "amount": 0.03, "side": "sell", "timestamp": 1765497395777}, {"id": "785737288", "price": 886.06, "amount": 0.01, "side": "sell", "timestamp": 1765497396050}, {"id": "785737289", "price": 886.07, "amount": 0.01, "side": "buy", "timestamp": 1765497396084}, {"id": "785737290", "price": 886.06, "amount": 0.01, "side": "sell", "timestamp": 1765497397070}, {"id": "785737291", "price": 886.06, "amount": 0.02, "side": "sell", "timestamp": 1765497398091}, {"id": "785737292", "price": 886.07, "amount": 0.01, "side": "buy", "timestamp": 1765497398342}, {"id": "785737293", "price": 886.07, "amount": 0.01, "side": "buy", "timestamp": 1765497398592}, {"id": "785737294", "price": 886.06, "amount": 0.01, "side": "sell", "timestamp": 1765497399109}, {"id": "785737437", "price": 885.94, "amount": 5.06, "side": "buy", "timestamp": 1765497441573}, {"id": "785737438", "price": 885.96, "amount": 0.01, "side": "buy", "timestamp": 1765497441578}, {"id": "785737439", "price": 885.97, "amount": 0.02, "side": "buy", "timestamp": 1765497441578}, {"id": "785737440", "price": 885.97, "amount": 0.01, "side": "sell", "timestamp": 1765497442082}, {"id": "785737441", "price": 885.97, "amount": 0.02, "side": "sell", "timestamp": 1765497442265}, {"id": "785737442", "price": 885.97, "amount": 0.31, "side": "sell", "timestamp": 1765497442540}, {"id": "785737443", "price": 885.97, "amount": 0.01, "side": "sell", "timestamp": 1765497443034}, {"id": "785737444", "price": 885.98, "amount": 2.84, "side": "buy", "timestamp": 1765497443053}, {"id": "785737445", "price": 885.99, "amount": 0.02, "side": "buy", "timestamp": 1765497443053}, {"id": "785737446", "price": 886.0, "amount": 0.03, "side": "buy", "timestamp": 1765497443053}, {"id": "785737447", "price": 886.02, "amount": 0.01, "side": "buy", "timestamp": 1765497443053}, {"id": "785737448", "price": 886.03, "amount": 0.02, "side": "buy", "timestamp": 1765497443053}, {"id": "785737449", "price": 886.04, "amount": 0.92, "side": "buy", "timestamp": 1765497443053}, {"id": "785737450", "price": 886.05, "amount": 1.33, "side": "buy", "timestamp": 1765497443053}, {"id": "785737451", "price": 886.06, "amount": 18.95, "side": "buy", "timestamp": 1765497443073}, {"id": "785737452", "price": 886.06, "amount": 0.01, "side": "sell", "timestamp": 1765497443091}, {"id": "785737453", "price": 886.06, "amount": 13.79, "side": "sell", "timestamp": 1765497443438}, {"id": "785737454", "price": 886.05, "amount": 0.01, "side": "sell", "timestamp": 1765497443545}, {"id": "785737455", "price": 886.04, "amount": 0.01, "side": "sell", "timestamp": 1765497443546}, {"id": "785737456", "price": 886.0, "amount": 0.03, "side": "sell", "timestamp": 1765497443546}, {"id": "785737457", "price": 886.0, "amount": 0.01, "side": "buy", "timestamp": 1765497444105}, {"id": "785737458", "price": 885.99, "amount": 0.01, "side": "sell", "timestamp": 1765497444125}, {"id": "785737459", "price": 885.97, "amount": 0.39, "side": "sell", "timestamp": 1765497444213}, {"id": "785737460", "price": 885.94, "amount": 0.02, "side": "sell", "timestamp": 1765497444215}, {"id": "785737461", "price": 885.93, "amount": 0.34, "side": "sell", "timestamp": 1765497445168}, {"id": "785737462", "price": 885.92, "amount": 0.01, "side": "sell", "timestamp": 1765497445169}, {"id": "785737463", "price": 885.9, "amount": 0.36, "side": "sell", "timestamp": 1765497445184}, {"id": "785737464", "price": 885.88, "amount": 0.01, "side": "sell", "timestamp": 1765497445187}, {"id": "785737465", "price": 885.87, "amount": 0.05, "side": "sell", "timestamp": 1765497445187}, {"id": "785737466", "price": 885.84, "amount": 0.08, "side": "sell", "timestamp": 1765497445190}, {"id": "785737467", "price": 885.83, "amount": 0.02, "side": "sell", "timestamp": 1765497445196}, {"id": "785737468", "price": 885.82, "amount": 0.02, "side": "sell", "timestamp": 1765497445196}, {"id": "785737469", "price": 885.81, "amount": 0.01, "side": "sell", "timestamp": 1765497445196}, {"id": "785737470", "price": 885.81, "amount": 0.05, "side": "buy", "timestamp": 1765497445463}, {"id": "785737471", "price": 885.8, "amount": 0.02, "side": "sell", "timestamp": 1765497446071}, {"id": "785737472", "price": 885.8, "amount": 0.03, "side": "sell", "timestamp": 1765497446734}, {"id": "785737473", "price": 885.8, "amount": 0.01, "side": "sell", "timestamp": 1765497447091}, {"id": "785737474", "price": 885.8, "amount": 0.66, "side": "sell", "timestamp": 1765497447470}, {"id": "785737475", "price": 885.78, "amount": 0.01, "side": "sell", "timestamp": 1765497447470}, {"id": "785737476", "price": 885.76, "amount": 0.01, "side": "sell", "timestamp": 1765497447470}, {"id": "785737477", "price": 885.75, "amount": 0.01, "side": "sell", "timestamp": 1765497447493}, {"id": "785737478", "price": 885.75, "amount": 0.01, "side": "buy", "timestamp": 1765497448031}, {"id": "785737479", "price": 885.74, "amount": 0.01, "side": "sell", "timestamp": 1765497448120}, {"id": "785737480", "price": 885.74, "amount": 4.92, "side": "sell", "timestamp": 1765497448781}, {"id": "785737481", "price": 885.74, "amount": 0.02, "side": "sell", "timestamp": 1765497449124}, {"id": "785737482", "price": 885.74, "amount": 0.01, "side": "sell", "timestamp": 1765497450176}, {"id": "785737483", "price": 885.74, "amount": 0.01, "side": "sell", "timestamp": 1765497451196}, {"id": "785737484", "price": 885.75, "amount": 0.01, "side": "buy", "timestamp": 1765497451326}, {"id": "785737485", "price": 885.74, "amount": 0.01, "side": "sell", "timestamp": 1765497452010}, {"id": "785737486", "price": 885.74, "amount": 0.01, "side": "sell", "timestamp": 1765497452153}, {"id": "785737612", "price": 885.86, "amount": 0.03, "side": "buy", "timestamp": 1765497484697}, {"id": "785737613", "price": 885.86, "amount": 0.03, "side": "buy", "timestamp": 1765497484799}, {"id": "785737614", "price": 885.86, "amount": 0.01, "side": "buy", "timestamp": 1765497484984}, {"id": "785737615", "price": 885.86, "amount": 2.4, "side": "buy", "timestamp": 1765497485107}, {"id": "785737616", "price": 885.85, "amount": 0.01, "side": "sell", "timestamp": 1765497485168}, {"id": "785737617", "price": 885.86, "amount": 0.02, "side": "buy", "timestamp": 1765497485175}, {"id": "785737618", "price": 885.85, "amount": 0.01, "side": "sell", "timestamp": 1765497485198}, {"id": "785737619", "price": 885.86, "amount": 0.01, "side": "buy", "timestamp": 1765497485267}, {"id": "785737620", "price": 885.86, "amount": 0.01, "side": "buy", "timestamp": 1765497485692}, {"id": "785737621", "price": 885.85, "amount": 2.0, "side": "sell", "timestamp": 1765497485797}, {"id": "785737622", "price": 885.85, "amount": 0.01, "side": "sell", "timestamp": 1765497486187}, {"id": "785737623", "price": 885.85, "amount": 0.01, "side": "sell", "timestamp": 1765497487006}, {"id": "785737624", "price": 885.85, "amount": 5.02, "side": "sell", "timestamp": 1765497488012}, {"id": "785737625", "price": 885.85, "amount": 0.01, "side": "sell", "timestamp": 1765497489052}, {"id": "785737626", "price": 885.86, "amount": 0.01, "side": "buy", "timestamp": 1765497489220}, {"id": "785737627", "price": 885.85, "amount": 0.01, "side": "sell", "timestamp": 1765497490072}, {"id": "785737628", "price": 885.86, "amount": 0.01, "side": "buy", "timestamp": 1765497490835}, {"id": "785737629", "price": 885.85, "amount": 0.02, "side": "sell", "timestamp": 1765497491034}, {"id": "785737630", "price": 885.86, "amount": 0.01, "side": "buy", "timestamp": 1765497491117}, {"id": "785737631", "price": 885.85, "amount": 0.01, "side": "sell", "timestamp": 1765497491725}, {"id": "785737632", "price": 885.85, "amount": 0.01, "side": "sell", "timestamp": 1765497492112}, {"id": "785737633", "price": 885.86, "amount": 1.0, "side": "buy", "timestamp": 1765497493079}, {"id": "785737634", "price": 885.85, "amount": 0.01, "side": "sell", "timestamp": 1765497493133}, {"id": "785737635", "price": 885.85, "amount": 0.02, "side": "sell", "timestamp": 1765497494043}, {"id": "785737636", "price": 885.85, "amount": 0.01, "side": "sell", "timestamp": 1765497494160}, {"id": "785737637", "price": 885.85, "amount": 0.28, "side": "sell", "timestamp": 1765497494839}, {"id": "785737638", "price": 885.85, "amount": 0.01, "side": "sell", "timestamp": 1765497495187}, {"id": "785737639", "price": 885.86, "amount": 0.01, "side": "buy", "timestamp": 1765497495585}, {"id": "785737640", "price": 885.85, "amount": 0.01, "side": "sell", "timestamp": 1765497496007}, {"id": "785737641", "price": 885.86, "amount": 0.03, "side": "buy", "timestamp": 1765497496304}, {"id": "785737642", "price": 885.85, "amount": 0.02, "side": "sell", "timestamp": 1765497497025}, {"id": "785737643", "price": 885.86, "amount": 0.08, "side": "buy", "timestamp": 1765497497386}, {"id": "785737644", "price": 885.85, "amount": 0.01, "side": "sell", "timestamp": 1765497498049}, {"id": "785737645", "price": 885.85, "amount": 1.2, "side": "sell", "timestamp": 1765497498347}, {"id": "785737646", "price": 885.86, "amount": 0.17, "side": "buy", "timestamp": 1765497498394}, {"id": "785737647", "price": 885.85, "amount": 0.01, "side": "sell", "timestamp": 1765497498434}, {"id": "785737648", "price": 885.85, "amount": 0.01, "side": "sell", "timestamp": 1765497499058}, {"id": "785737649", "price": 885.85, "amount": 0.53, "side": "sell", "timestamp": 1765497499522}, {"id": "785737650", "price": 885.85, "amount": 0.02, "side": "sell", "timestamp": 1765497500079}, {"id": "785737651", "price": 885.85, "amount": 0.04, "side": "sell", "timestamp": 1765497500495}, {"id": "785737652", "price": 885.86, "amount": 0.01, "side": "buy", "timestamp": 1765497500716}, {"id": "785737653", "price": 885.85, "amount": 0.01, "side": "sell", "timestamp": 1765497501100}, {"id": "785737654", "price": 885.86, "amount": 0.04, "side": "buy", "timestamp": 1765497501783}, {"id": "785737655", "price": 885.85, "amount": 0.01, "side": "sell", "timestamp": 1765497502121}, {"id": "785737656", "price": 885.86, "amount": 0.09, "side": "buy", "timestamp": 1765497502376}, {"id": "785737657", "price": 885.85, "amount": 0.02, "side": "sell", "timestamp": 1765497503104}, {"id": "785737658", "price": 885.85, "amount": 0.01, "side": "sell", "timestamp": 1765497504163}, {"id": "785737659", "price": 885.86, "amount": 0.01, "side": "buy", "timestamp": 1765497505088}, {"id": "785737660", "price": 885.85, "amount": 0.01, "side": "sell", "timestamp": 1765497505184}, {"id": "785737661", "price": 885.85, "amount": 0.02, "side": "sell", "timestamp": 1765497506117}, {"id": "785737808", "price": 885.79, "amount": 0.01, "side": "sell", "timestamp": 1765497548136}, {"id": "785737809", "price": 885.8, "amount": 5.83, "side": "buy", "timestamp": 1765497548144}, {"id": "785737810", "price": 885.82, "amount": 2.22, "side": "buy", "timestamp": 1765497548144}, {"id": "785737811", "price": 885.83, "amount": 0.77, "side": "buy", "timestamp": 1765497548144}, {"id": "785737812", "price": 885.84, "amount": 2.21, "side": "buy", "timestamp": 1765497548144}, {"id": "785737813", "price": 885.85, "amount": 1.89, "side": "buy", "timestamp": 1765497548144}, {"id": "785737814", "price": 885.86, "amount": 6.63, "side": "buy", "timestamp": 1765497548144}, {"id": "785737815", "price": 885.87, "amount": 21.31, "side": "buy", "timestamp": 1765497548144}, {"id": "785737816", "price": 885.88, "amount": 9.36, "side": "buy", "timestamp": 1765497548145}, {"id": "785737817", "price": 885.89, "amount": 0.15, "side": "buy", "timestamp": 1765497548145}, {"id": "785737818", "price": 885.9, "amount": 0.37, "side": "buy", "timestamp": 1765497548145}, {"id": "785737819", "price": 885.91, "amount": 2.44, "side": "buy", "timestamp": 1765497548145}, {"id": "785737820", "price": 885.92, "amount": 3.93, "side": "buy", "timestamp": 1765497548145}, {"id": "785737821", "price": 885.93, "amount": 0.02, "side": "buy", "timestamp": 1765497548159}, {"id": "785737822", "price": 885.94, "amount": 0.01, "side": "buy", "timestamp": 1765497548225}, {"id": "785737823", "price": 885.96, "amount": 0.01, "side": "buy", "timestamp": 1765497548228}, {"id": "785737824", "price": 885.97, "amount": 2.09, "side": "buy", "timestamp": 1765497548228}, {"id": "785737825", "price": 885.98, "amount": 0.01, "side": "buy", "timestamp": 1765497548238}, {"id": "785737826", "price": 885.99, "amount": 0.49, "side": "buy", "timestamp": 1765497548250}, {"id": "785737827", "price": 886.0, "amount": 0.2, "side": "buy", "timestamp": 1765497548263}, {"id": "785737828", "price": 886.01, "amount": 0.01, "side": "buy", "timestamp": 1765497548272}, {"id": "785737829", "price": 886.01, "amount": 0.01, "side": "sell", "timestamp": 1765497549167}, {"id": "785737830", "price": 886.02, "amount": 2.81, "side": "buy", "timestamp": 1765497549716}, {"id": "785737831", "price": 886.01, "amount": 0.01, "side": "sell", "timestamp": 1765497550185}, {"id": "785737832", "price": 886.02, "amount": 0.01, "side": "buy", "timestamp": 1765497550722}, {"id": "785737833", "price": 886.01, "amount": 0.07, "side": "sell", "timestamp": 1765497550982}, {"id": "785737834", "price": 886.01, "amount": 0.01, "side": "sell", "timestamp": 1765497551170}, {"id": "785737835", "price": 886.01, "amount": 0.01, "side": "sell", "timestamp": 1765497552043}, {"id": "785737836", "price": 886.02, "amount": 0.56, "side": "buy", "timestamp": 1765497552512}, {"id": "785737837", "price": 886.01, "amount": 0.01, "side": "sell", "timestamp": 1765497553063}, {"id": "785737838", "price": 886.01, "amount": 1.13, "side": "sell", "timestamp": 1765497553261}, {"id": "785737839", "price": 886.0, "amount": 0.02, "side": "sell", "timestamp": 1765497553261}, {"id": "785737840", "price": 885.95, "amount": 0.12, "side": "sell", "timestamp": 1765497553261}, {"id": "785737841", "price": 885.94, "amount": 0.11, "side": "sell", "timestamp": 1765497553261}, {"id": "785737842", "price": 885.93, "amount": 0.24, "side": "sell", "timestamp": 1765497553261}, {"id": "785737843", "price": 885.92, "amount": 1.53, "side": "sell", "timestamp": 1765497553261}, {"id": "785737844", "price": 885.92, "amount": 0.01, "side": "sell", "timestamp": 1765497554088}, {"id": "785737845", "price": 885.92, "amount": 0.01, "side": "sell", "timestamp": 1765497554191}, {"id": "785737846", "price": 885.92, "amount": 0.01, "side": "sell", "timestamp": 1765497555120}, {"id": "785737847", "price": 885.92, "amount": 0.03, "side": "sell", "timestamp": 1765497555791}, {"id": "785737848", "price": 885.93, "amount": 2.22, "side": "buy", "timestamp": 1765497556136}, {"id": "785737849", "price": 885.96, "amount": 0.01, "side": "buy", "timestamp": 1765497556138}, {"id": "785737850", "price": 885.99, "amount": 0.02, "side": "buy", "timestamp": 1765497556138}, {"id": "785737851", "price": 885.99, "amount": 0.01, "side": "sell", "timestamp": 1765497556142}, {"id": "785737852", "price": 885.99, "amount": 0.01, "side": "sell", "timestamp": 1765497557004}, {"id": "785737853", "price": 886.0, "amount": 0.01, "side": "buy", "timestamp": 1765497557090}, {"id": "785737854", "price": 885.99, "amount": 0.01, "side": "sell", "timestamp": 1765497557189}, {"id": "785737855", "price": 885.99, "amount": 0.01, "side": "sell", "timestamp": 1765497558009}, {"id": "785737856", "price": 885.99, "amount": 0.01, "side": "sell", "timestamp": 1765497559027}, {"id": "785737857", "price": 886.0, "amount": 0.01, "side": "buy", "timestamp": 1765497559230}]