[{"symbol": "XRPUSDT", "bids": [[1.9078, 21454.0], [1.9077, 8301.2], [1.9076, 23863.1], [1.9075, 17303.6], [1.9074, 35152.2], [1.9073, 11778.6], [1.9072, 18307.1], [1.9071, 28314.9], [1.907, 41469.4], [1.9069, 37570.5], [1.9068, 18789.9], [1.9067, 24581.8], [1.9066, 29375.8], [1.9065, 60360.7], [1.9064, 90717.5], [1.9063, 21400.8], [1.9062, 18674.8], [1.9061, 38687.9], [1.906, 39755.5], [1.9059, 21814.7]], "asks": [[1.9079, 16614.4], [1.908, 9263.7], [1.9081, 17690.5], [1.9082, 33573.3], [1.9083, 51395.8], [1.9084, 29429.3], [1.9085, 15879.5], [1.9086, 58751.3], [1.9087, 48073.8], [1.9088, 31875.7], [1.9089, 21587.0], [1.909, 22906.4], [1.9091, 42969.1], [1.9092, 20240.6], [1.9093, 32794.0], [1.9094, 40543.1], [1.9095, 62630.9], [1.9096, 24951.8], [1.9097, 67070.6], [1.9098, 25446.2]], "timestamp": "2025-12-20T00:00:21.794534+00:00"}, {"symbol": "XRPUSDT", "bids": [[1.9088, 46099.6], [1.9087, 44226.9], [1.9086, 21431.0], [1.9085, 18284.9], [1.9084, 13887.2], [1.9083, 16313.1], [1.9082, 52805.5], [1.9081, 42956.5], [1.908, 44161.8], [1.9079, 31899.0], [1.9078, 59144.3], [1.9077, 51773.2], [1.9076, 23179.9], [1.9075, 40954.8], [1.9074, 115755.8], [1.9073, 22827.1], [1.9072, 12176.7], [1.9071, 26919.0], [1.907, 43936.2], [1.9069, 20617.9]], "asks": [[1.9089, 2598.7], [1.909, 3744.8], [1.9091, 6335.7], [1.9092, 16621.8], [1.9093, 25145.6], [1.9094, 23127.7], [1.9095, 30365.5], [1.9096, 33498.1], [1.9097, 82048.2], [1.9098, 25997.6], [1.9099, 42906.7], [1.91, 41178.3], [1.9101, 32013.7], [1.9102, 39621.5], [1.9103, 56192.5], [1.9104, 33645.1], [1.9105, 109670.6], [1.9106, 17469.6], [1.9107, 31848.1], [1.9108, 26430.2]], "timestamp": "2025-12-20T00:01:15.320835+00:00"}, {"symbol": "XRPUSDT", "bids": [[1.9037, 2055.5], [1.9036, 11172.5], [1.9035, 20684.0], [1.9034, 19506.7], [1.9033, 6312.0], [1.9032, 32863.4], [1.9031, 19705.0], [1.903, 34834.2], [1.9029, 60876.8], [1.9028, 53612.8], [1.9027, 34837.0], [1.9026, 29942.8], [1.9025, 25269.7], [1.9024, 58100.5], [1.9023, 103400.2], [1.9022, 28326.1], [1.9021, 22880.5], [1.902, 33091.3], [1.9019, 16085.6], [1.9018, 25968.5]], "asks": [[1.9038, 57486.8], [1.9039, 30413.5], [1.904, 16033.4], [1.9041, 26840.9], [1.9042, 28904.8], [1.9043, 17145.4], [1.9044, 22872.7], [1.9045, 61845.7], [1.9046, 38964.3], [1.9047, 51769.3], [1.9048, 30420.1], [1.9049, 36443.5], [1.905, 33957.2], [1.9051, 99494.4], [1.9052, 30061.9], [1.9053, 36639.0], [1.9054, 20274.3], [1.9055, 38569.2], [1.9056, 21361.5], [1.9057, 36634.8]], "timestamp": "2025-12-20T00:02:26.519255+00:00"}, {"symbol": "XRPUSDT", "bids": [[1.9044, 27945.0], [1.9043, 27491.5], [1.9042, 5405.1], [1.9041, 11449.6], [1.904, 32474.9], [1.9039, 12898.6], [1.9038, 34031.6], [1.9037, 39125.3], [1.9036, 47843.4], [1.9035, 27794.6], [1.9034, 37338.2], [1.9033, 33515.6], [1.9032, 40838.3], [1.9031, 34311.4], [1.903, 122124.3], [1.9029, 42749.5], [1.9028, 48021.6], [1.9027, 27128.2], [1.9026, 12838.1], [1.9025, 14343.6]], "asks": [[1.9045, 24938.3], [1.9046, 9537.5], [1.9047, 15615.4], [1.9048, 13366.5], [1.9049, 10538.4], [1.905, 14265.6], [1.9051, 23176.7], [1.9052, 55463.5], [1.9053, 23925.2], [1.9054, 32838.8], [1.9055, 12430.2], [1.9056, 26755.8], [1.9057, 91404.1], [1.9058, 50392.1], [1.9059, 38587.2], [1.906, 24565.8], [1.9061, 39909.7], [1.9062, 25119.2], [1.9063, 45996.3], [1.9064, 20743.9]], "timestamp": "2025-12-20T00:03:21.205380+00:00"}, {"symbol": "XRPUSDT", "bids": [[1.9038, 1334.9], [1.9037, 14589.9], [1.9036, 7514.2], [1.9035, 10229.7], [1.9034, 13416.8], [1.9033, 13588.4], [1.9032, 38096.4], [1.9031, 25118.1], [1.903, 53348.3], [1.9029, 61402.6], [1.9028, 55339.8], [1.9027, 26696.9], [1.9026, 23491.6], [1.9025, 31865.3], [1.9024, 120142.5], [1.9023, 28768.0], [1.9022, 29857.5], [1.9021, 24704.0], [1.902, 48946.2], [1.9019, 15891.8]], "asks": [[1.9039, 73406.4], [1.904, 48706.3], [1.9041, 28811.1], [1.9042, 30118.9], [1.9043, 16118.7], [1.9044, 28910.0], [1.9045, 42508.4], [1.9046, 77846.5], [1.9047, 30588.8], [1.9048, 19639.6], [1.9049, 26844.5], [1.905, 102662.8], [1.9051, 28108.2], [1.9052, 19588.9], [1.9053, 23996.0], [1.9054, 44003.5], [1.9055, 20156.6], [1.9056, 17283.3], [1.9057, 35043.2], [1.9058, 50403.5]], "timestamp": "2025-12-20T00:04:14.041503+00:00"}, {"symbol": "XRPUSDT", "bids": [[1.9036, 28914.8], [1.9035, 25923.3], [1.9034, 18042.2], [1.9033, 30357.6], [1.9032, 4069.0], [1.9031, 7649.9], [1.903, 20396.3], [1.9029, 42743.9], [1.9028, 60693.6], [1.9027, 43995.5], [1.9026, 26657.1], [1.9025, 25791.6], [1.9024, 52772.9], [1.9023, 43149.3], [1.9022, 58823.2], [1.9021, 109310.7], [1.902, 33777.5], [1.9019, 19053.3], [1.9018, 32010.8], [1.9017, 35255.6]], "asks": [[1.9037, 23182.2], [1.9038, 22687.4], [1.9039, 7218.3], [1.904, 27101.7], [1.9041, 33314.6], [1.9042, 34137.5], [1.9043, 48624.2], [1.9044, 41438.0], [1.9045, 34990.4], [1.9046, 35075.4], [1.9047, 28482.8], [1.9048, 87622.1], [1.9049, 41070.0], [1.905, 44008.4], [1.9051, 42450.6], [1.9052, 18503.4], [1.9053, 23429.9], [1.9054, 33084.4], [1.9055, 17609.1], [1.9056, 15654.3]], "timestamp": "2025-12-20T00:05:18.256165+00:00"}, {"symbol": "XRPUSDT", "bids": [[1.9031, 8380.8], [1.903, 17831.2], [1.9029, 28910.8], [1.9028, 37647.3], [1.9027, 7370.3], [1.9026, 8084.6], [1.9025, 23924.7], [1.9024, 49953.8], [1.9023, 46955.9], [1.9022, 48328.2], [1.9021, 41132.7], [1.902, 44373.3], [1.9019, 25288.9], [1.9018, 31041.0], [1.9017, 50752.3], [1.9016, 101837.9], [1.9015, 29692.4], [1.9014, 43192.1], [1.9013, 27807.9], [1.9012, 29582.0]], "asks": [[1.9032, 33340.1], [1.9033, 11187.3], [1.9034, 29573.2], [1.9035, 69201.7], [1.9036, 37046.7], [1.9037, 36585.4], [1.9038, 39718.9], [1.9039, 62353.3], [1.904, 38831.3], [1.9041, 38978.1], [1.9042, 42036.8], [1.9043, 28174.7], [1.9044, 111960.3], [1.9045, 36039.8], [1.9046, 51981.3], [1.9047, 21744.5], [1.9048, 27881.4], [1.9049, 34125.2], [1.905, 39971.2], [1.9051, 21901.6]], "timestamp": "2025-12-20T00:06:11.738263+00:00"}, {"symbol": "XRPUSDT", "bids": [[1.9017, 8020.7], [1.9016, 27684.2], [1.9015, 10444.7], [1.9014, 6555.3], [1.9013, 5571.1], [1.9012, 15766.3], [1.9011, 52401.0], [1.901, 58648.5], [1.9009, 28237.9], [1.9008, 27216.2], [1.9007, 40135.0], [1.9006, 67315.6], [1.9005, 49645.1], [1.9004, 40622.5], [1.9003, 32812.2], [1.9002, 92893.0], [1.9001, 38530.2], [1.9, 53198.0], [1.8999, 44622.8], [1.8998, 26601.6]], "asks": [[1.9018, 65660.4], [1.9019, 23840.5], [1.902, 41883.4], [1.9021, 37086.5], [1.9022, 37167.7], [1.9023, 32554.9], [1.9024, 33986.2], [1.9025, 82849.0], [1.9026, 29539.8], [1.9027, 38894.3], [1.9028, 103978.0], [1.9029, 24576.2], [1.903, 45907.0], [1.9031, 38284.3], [1.9032, 17237.7], [1.9033, 40301.9], [1.9034, 29652.2], [1.9035, 22595.2], [1.9036, 22188.3], [1.9037, 37906.7]], "timestamp": "2025-12-20T00:07:04.641930+00:00"}, {"symbol": "XRPUSDT", "bids": [[1.9009, 22253.7], [1.9008, 15470.7], [1.9007, 31431.5], [1.9006, 12407.3], [1.9005, 27170.3], [1.9004, 18088.4], [1.9003, 12815.4], [1.9002, 28552.4], [1.9001, 31966.6], [1.9, 74660.5], [1.8999, 54938.9], [1.8998, 48214.2], [1.8997, 30633.8], [1.8996, 63350.0], [1.8995, 102267.3], [1.8994, 30857.7], [1.8993, 37558.9], [1.8992, 55939.4], [1.8991, 36212.3], [1.899, 14135.4]], "asks": [[1.901, 17091.9], [1.9011, 14913.3], [1.9012, 10633.7], [1.9013, 10515.1], [1.9014, 19750.7], [1.9015, 42090.1], [1.9016, 50684.1], [1.9017, 79272.4], [1.9018, 28444.4], [1.9019, 25792.5], [1.902, 33748.9], [1.9021, 111293.8], [1.9022, 23880.4], [1.9023, 32837.6], [1.9024, 63924.5], [1.9025, 45342.5], [1.9026, 15915.1], [1.9027, 15146.7], [1.9028, 23588.1], [1.9029, 24912.8]], "timestamp": "2025-12-20T00:07:57.491292+00:00"}, {"symbol": "XRPUSDT", "bids": [[1.9015, 4929.7], [1.9014, 3692.0], [1.9013, 13041.3], [1.9012, 27526.6], [1.9011, 35187.7], [1.901, 58758.0], [1.9009, 62493.0], [1.9008, 54813.4], [1.9007, 47778.6], [1.9006, 45845.3], [1.9005, 52023.1], [1.9004, 52059.0], [1.9003, 22944.4], [1.9002, 23142.5], [1.9001, 40025.3], [1.9, 150233.0], [1.8999, 39970.5], [1.8998, 42007.4], [1.8997, 22860.3], [1.8996, 45098.5]], "asks": [[1.9016, 64087.2], [1.9017, 19625.9], [1.9018, 9325.2], [1.9019, 13643.1], [1.902, 10955.9], [1.9021, 15577.8], [1.9022, 18171.7], [1.9023, 69009.5], [1.9024, 65884.7], [1.9025, 41482.9], [1.9026, 14650.3], [1.9027, 24646.0], [1.9028, 94303.9], [1.9029, 35977.2], [1.903, 29748.6], [1.9031, 31002.0], [1.9032, 39990.1], [1.9033, 24754.6], [1.9034, 28583.0], [1.9035, 34004.8]], "timestamp": "2025-12-20T00:08:50.933739+00:00"}, {"symbol": "XRPUSDT", "bids": [[1.9012, 68929.2], [1.9011, 19862.2], [1.901, 7341.0], [1.9009, 16699.9], [1.9008, 6795.6], [1.9007, 4700.9], [1.9006, 14168.0], [1.9005, 54911.6], [1.9004, 60721.2], [1.9003, 32494.5], [1.9002, 25753.0], [1.9001, 31507.5], [1.9, 73168.9], [1.8999, 62589.1], [1.8998, 118193.3], [1.8997, 22062.7], [1.8996, 37236.2], [1.8995, 25317.1], [1.8994, 20883.3], [1.8993, 38134.1]], "asks": [[1.9013, 5052.7], [1.9014, 7613.7], [1.9015, 18782.7], [1.9016, 7710.7], [1.9017, 30705.2], [1.9018, 50132.9], [1.9019, 107456.0], [1.902, 50272.7], [1.9021, 43500.1], [1.9022, 35669.2], [1.9023, 15852.3], [1.9024, 26094.6], [1.9025, 44588.8], [1.9026, 127153.6], [1.9027, 24572.6], [1.9028, 34468.4], [1.9029, 35693.7], [1.903, 98458.2], [1.9031, 41829.0], [1.9032, 21892.6]], "timestamp": "2025-12-20T00:09:44.489889+00:00"}, {"symbol": "XRPUSDT", "bids": [[1.9016, 36407.5], [1.9015, 36735.2], [1.9014, 60033.1], [1.9013, 50635.5], [1.9012, 41531.5], [1.9011, 16893.4], [1.901, 16540.9], [1.9009, 41805.1], [1.9008, 56056.6], [1.9007, 31300.8], [1.9006, 33636.1], [1.9005, 59103.7], [1.9004, 52182.3], [1.9003, 21527.1], [1.9002, 38240.5], [1.9001, 111292.3], [1.9, 68545.9], [1.8999, 44576.5], [1.8998, 39428.8], [1.8997, 19194.2]], "asks": [[1.9017, 3242.8], [1.9018, 6528.9], [1.9019, 16941.5], [1.902, 11943.5], [1.9021, 16032.1], [1.9022, 22836.5], [1.9023, 57185.7], [1.9024, 31182.3], [1.9025, 54871.9], [1.9026, 75393.8], [1.9027, 22667.3], [1.9028, 21970.0], [1.9029, 22574.9], [1.903, 40959.6], [1.9031, 112367.6], [1.9032, 31460.1], [1.9033, 33458.8], [1.9034, 37744.7], [1.9035, 32949.8], [1.9036, 26358.7]], "timestamp": "2025-12-20T00:10:37.840445+00:00"}, {"symbol": "XRPUSDT", "bids": [[1.9019, 29984.4], [1.9018, 16540.9], [1.9017, 51971.4], [1.9016, 40808.4], [1.9015, 35584.3], [1.9014, 21313.8], [1.9013, 38227.6], [1.9012, 39522.4], [1.9011, 34688.0], [1.901, 38938.8], [1.9009, 37793.6], [1.9008, 38073.7], [1.9007, 27368.4], [1.9006, 44993.2], [1.9005, 128677.9], [1.9004, 47419.4], [1.9003, 23502.1], [1.9002, 28219.6], [1.9001, 23758.8], [1.9, 66843.8]], "asks": [[1.902, 6776.8], [1.9021, 3305.0], [1.9022, 9230.5], [1.9023, 10920.7], [1.9024, 24447.4], [1.9025, 23014.1], [1.9026, 63965.5], [1.9027, 34246.7], [1.9028, 26525.0], [1.9029, 34540.2], [1.903, 38402.9], [1.9031, 62022.7], [1.9032, 31692.8], [1.9033, 106197.1], [1.9034, 48995.6], [1.9035, 28666.3], [1.9036, 31574.6], [1.9037, 24170.3], [1.9038, 33685.6], [1.9039, 34236.2]], "timestamp": "2025-12-20T00:11:30.695283+00:00"}, {"symbol": "XRPUSDT", "bids": [[1.9039, 28104.4], [1.9038, 12714.9], [1.9037, 20012.3], [1.9036, 9300.6], [1.9035, 11268.9], [1.9034, 11750.2], [1.9033, 19935.7], [1.9032, 38222.7], [1.9031, 36842.1], [1.903, 28200.5], [1.9029, 34400.8], [1.9028, 37122.6], [1.9027, 55433.1], [1.9026, 44670.6], [1.9025, 91924.5], [1.9024, 21665.1], [1.9023, 16945.8], [1.9022, 29799.9], [1.9021, 30256.8], [1.902, 20339.7]], "asks": [[1.904, 10720.7], [1.9041, 7129.2], [1.9042, 17938.4], [1.9043, 18140.2], [1.9044, 42220.6], [1.9045, 57681.7], [1.9046, 46650.2], [1.9047, 52927.1], [1.9048, 25503.4], [1.9049, 74427.0], [1.905, 39039.6], [1.9051, 24402.9], [1.9052, 19398.6], [1.9053, 118714.2], [1.9054, 81282.0], [1.9055, 20476.1], [1.9056, 18766.7], [1.9057, 29419.3], [1.9058, 47139.1], [1.9059, 18714.9]], "timestamp": "2025-12-20T00:12:25.976562+00:00"}, {"symbol": "XRPUSDT", "bids": [[1.9071, 50093.8], [1.907, 39522.1], [1.9069, 39875.2], [1.9068, 30081.7], [1.9067, 37167.7], [1.9066, 22073.8], [1.9065, 32936.8], [1.9064, 31859.4], [1.9063, 45631.2], [1.9062, 56811.9], [1.9061, 52756.4], [1.906, 30591.2], [1.9059, 29494.7], [1.9058, 57967.2], [1.9057, 120021.1], [1.9056, 25598.8], [1.9055, 23138.0], [1.9054, 25124.8], [1.9053, 48363.3], [1.9052, 41114.3]], "asks": [[1.9072, 4454.8], [1.9073, 1262.9], [1.9074, 15303.1], [1.9075, 12440.8], [1.9076, 30028.6], [1.9077, 12400.7], [1.9078, 37725.4], [1.9079, 78825.4], [1.908, 32118.0], [1.9081, 57775.5], [1.9082, 23676.8], [1.9083, 22061.2], [1.9084, 21353.2], [1.9085, 48227.6], [1.9086, 91224.7], [1.9087, 23002.6], [1.9088, 34836.7], [1.9089, 37460.9], [1.909, 33283.2], [1.9091, 21943.8]], "timestamp": "2025-12-20T00:13:19.309232+00:00"}, {"symbol": "XRPUSDT", "bids": [[1.9072, 17282.6], [1.9071, 10705.2], [1.907, 22291.3], [1.9069, 24536.0], [1.9068, 36818.4], [1.9067, 25755.2], [1.9066, 51519.0], [1.9065, 34590.2], [1.9064, 44983.8], [1.9063, 27628.9], [1.9062, 35508.6], [1.9061, 44277.7], [1.906, 41175.0], [1.9059, 22875.6], [1.9058, 109760.2], [1.9057, 37118.6], [1.9056, 22708.9], [1.9055, 14197.5], [1.9054, 24502.2], [1.9053, 47670.4]], "asks": [[1.9073, 45260.2], [1.9074, 18412.6], [1.9075, 18552.9], [1.9076, 21465.1], [1.9077, 30311.5], [1.9078, 16656.6], [1.9079, 14607.6], [1.908, 68087.5], [1.9081, 41492.1], [1.9082, 38054.9], [1.9083, 36781.9], [1.9084, 102650.0], [1.9085, 42755.8], [1.9086, 24980.2], [1.9087, 25994.1], [1.9088, 52118.2], [1.9089, 25326.7], [1.909, 54192.2], [1.9091, 21001.0], [1.9092, 25560.2]], "timestamp": "2025-12-20T00:14:12.475489+00:00"}, {"symbol": "XRPUSDT", "bids": [[1.9084, 43925.3], [1.9083, 23096.7], [1.9082, 19968.5], [1.9081, 29873.5], [1.908, 18204.3], [1.9079, 29208.1], [1.9078, 38676.2], [1.9077, 24574.4], [1.9076, 35030.3], [1.9075, 51358.4], [1.9074, 50783.2], [1.9073, 27298.6], [1.9072, 32049.5], [1.9071, 44092.0], [1.907, 105658.6], [1.9069, 40578.6], [1.9068, 17467.2], [1.9067, 14436.9], [1.9066, 36579.8], [1.9065, 34583.0]], "asks": [[1.9085, 9692.7], [1.9086, 936.9], [1.9087, 9981.7], [1.9088, 46869.9], [1.9089, 29445.5], [1.909, 22234.2], [1.9091, 44775.0], [1.9092, 31812.3], [1.9093, 31269.4], [1.9094, 50536.3], [1.9095, 38753.4], [1.9096, 29377.8], [1.9097, 68098.9], [1.9098, 39807.7], [1.9099, 131196.1], [1.91, 72292.9], [1.9101, 31524.2], [1.9102, 15213.5], [1.9103, 37521.0], [1.9104, 14940.5]], "timestamp": "2025-12-20T00:15:15.143500+00:00"}, {"symbol": "XRPUSDT", "bids": [[1.906, 3764.5], [1.9059, 14410.1], [1.9058, 12937.3], [1.9057, 13288.5], [1.9056, 10975.4], [1.9055, 14900.9], [1.9054, 22151.8], [1.9053, 43586.6], [1.9052, 40109.1], [1.9051, 24001.8], [1.905, 26777.6], [1.9049, 58707.1], [1.9048, 24111.7], [1.9047, 30076.8], [1.9046, 91428.8], [1.9045, 31922.0], [1.9044, 16720.2], [1.9043, 22718.8], [1.9042, 15315.4], [1.9041, 38743.3]], "asks": [[1.9061, 37168.8], [1.9062, 18505.1], [1.9063, 20512.0], [1.9064, 22052.3], [1.9065, 25387.3], [1.9066, 38737.6], [1.9067, 30245.4], [1.9068, 49672.7], [1.9069, 30867.9], [1.907, 60695.0], [1.9071, 30229.3], [1.9072, 85236.2], [1.9073, 26411.7], [1.9074, 35565.9], [1.9075, 43937.6], [1.9076, 21566.8], [1.9077, 16798.4], [1.9078, 37027.2], [1.9079, 40345.4], [1.908, 32227.7]], "timestamp": "2025-12-20T00:16:08.310526+00:00"}]