[{"id": "709250125", "price": 1.9082, "amount": 0.3, "side": "buy", "timestamp": 1766188807768}, {"id": "709250126", "price": 1.9081, "amount": 3.2, "side": "sell", "timestamp": 1766188807926}, {"id": "709250127", "price": 1.9082, "amount": 657.8, "side": "buy", "timestamp": 1766188807932}, {"id": "709250128", "price": 1.9082, "amount": 5.8, "side": "buy", "timestamp": 1766188808203}, {"id": "709250129", "price": 1.9082, "amount": 157.1, "side": "buy", "timestamp": 1766188808334}, {"id": "709250130", "price": 1.9081, "amount": 137.8, "side": "sell", "timestamp": 1766188808426}, {"id": "709250131", "price": 1.9082, "amount": 3.0, "side": "buy", "timestamp": 1766188808461}, {"id": "709250132", "price": 1.9082, "amount": 100.0, "side": "buy", "timestamp": 1766188808568}, {"id": "709250133", "price": 1.9081, "amount": 290.2, "side": "sell", "timestamp": 1766188809019}, {"id": "709250134", "price": 1.9081, "amount": 41.9, "side": "sell", "timestamp": 1766188809220}, {"id": "709250135", "price": 1.9082, "amount": 1163.5, "side": "buy", "timestamp": 1766188809266}, {"id": "709250136", "price": 1.9081, "amount": 161.7, "side": "sell", "timestamp": 1766188809480}, {"id": "709250137", "price": 1.9082, "amount": 10.8, "side": "buy", "timestamp": 1766188809642}, {"id": "709250138", "price": 1.9081, "amount": 118.6, "side": "sell", "timestamp": 1766188809943}, {"id": "709250139", "price": 1.9081, "amount": 20.9, "side": "sell", "timestamp": 1766188810322}, {"id": "709250140", "price": 1.9081, "amount": 10.8, "side": "sell", "timestamp": 1766188810462}, {"id": "709250141", "price": 1.9082, "amount": 2.8, "side": "buy", "timestamp": 1766188810851}, {"id": "709250142", "price": 1.9081, "amount": 30.4, "side": "sell", "timestamp": 1766188811204}, {"id": "709250143", "price": 1.9082, "amount": 80.0, "side": "buy", "timestamp": 1766188811931}, {"id": "709250144", "price": 1.9081, "amount": 47.5, "side": "sell", "timestamp": 1766188812043}, {"id": "709250145", "price": 1.9082, "amount": 6472.0, "side": "buy", "timestamp": 1766188813256}, {"id": "709250146", "price": 1.9083, "amount": 9281.0, "side": "buy", "timestamp": 1766188813268}, {"id": "709250147", "price": 1.9082, "amount": 1199.9, "side": "sell", "timestamp": 1766188813272}, {"id": "709250148", "price": 1.9083, "amount": 25056.0, "side": "buy", "timestamp": 1766188813286}, {"id": "709250149", "price": 1.9083, "amount": 1071.2, "side": "sell", "timestamp": 1766188813472}, {"id": "709250150", "price": 1.9084, "amount": 2.7, "side": "buy", "timestamp": 1766188813601}, {"id": "709250151", "price": 1.9084, "amount": 1015.6, "side": "buy", "timestamp": 1766188813748}, {"id": "709250152", "price": 1.9083, "amount": 134.6, "side": "sell", "timestamp": 1766188814245}, {"id": "709250153", "price": 1.9084, "amount": 49.4, "side": "buy", "timestamp": 1766188814347}, {"id": "709250154", "price": 1.9083, "amount": 45.5, "side": "sell", "timestamp": 1766188814370}, {"id": "709250155", "price": 1.9083, "amount": 314.3, "side": "sell", "timestamp": 1766188815089}, {"id": "709250156", "price": 1.9083, "amount": 9022.8, "side": "sell", "timestamp": 1766188815586}, {"id": "709250157", "price": 1.9082, "amount": 18.7, "side": "sell", "timestamp": 1766188815591}, {"id": "709250158", "price": 1.9081, "amount": 9826.4, "side": "sell", "timestamp": 1766188815800}, {"id": "709250159", "price": 1.9081, "amount": 93.9, "side": "buy", "timestamp": 1766188815872}, {"id": "709250160", "price": 1.9081, "amount": 10.2, "side": "buy", "timestamp": 1766188816230}, {"id": "709250161", "price": 1.9081, "amount": 3.0, "side": "buy", "timestamp": 1766188816802}, {"id": "709250162", "price": 1.908, "amount": 1459.8, "side": "sell", "timestamp": 1766188817119}, {"id": "709250163", "price": 1.9079, "amount": 4439.8, "side": "sell", "timestamp": 1766188817295}, {"id": "709250164", "price": 1.9079, "amount": 154.9, "side": "buy", "timestamp": 1766188817314}, {"id": "709250165", "price": 1.9079, "amount": 1551.6, "side": "buy", "timestamp": 1766188817450}, {"id": "709250166", "price": 1.9078, "amount": 314.3, "side": "sell", "timestamp": 1766188817597}, {"id": "709250167", "price": 1.9079, "amount": 5.3, "side": "buy", "timestamp": 1766188817768}, {"id": "709250168", "price": 1.9078, "amount": 627.3, "side": "sell", "timestamp": 1766188817829}, {"id": "709250169", "price": 1.9078, "amount": 37.5, "side": "sell", "timestamp": 1766188818400}, {"id": "709250170", "price": 1.9079, "amount": 9.4, "side": "buy", "timestamp": 1766188818796}, {"id": "709250171", "price": 1.9079, "amount": 183.3, "side": "buy", "timestamp": 1766188819175}, {"id": "709250172", "price": 1.9079, "amount": 78.6, "side": "buy", "timestamp": 1766188820062}, {"id": "709250173", "price": 1.9079, "amount": 9.9, "side": "buy", "timestamp": 1766188820561}, {"id": "709250174", "price": 1.9078, "amount": 29.6, "side": "sell", "timestamp": 1766188820622}, {"id": "709250286", "price": 1.9091, "amount": 16.2, "side": "buy", "timestamp": 1766188857640}, {"id": "709250287", "price": 1.909, "amount": 482.8, "side": "sell", "timestamp": 1766188858049}, {"id": "709250288", "price": 1.9091, "amount": 37.9, "side": "buy", "timestamp": 1766188858160}, {"id": "709250289", "price": 1.909, "amount": 2160.0, "side": "sell", "timestamp": 1766188859043}, {"id": "709250290", "price": 1.9091, "amount": 304.1, "side": "buy", "timestamp": 1766188859043}, {"id": "709250291", "price": 1.909, "amount": 1258.0, "side": "sell", "timestamp": 1766188859043}, {"id": "709250292", "price": 1.9091, "amount": 145.8, "side": "buy", "timestamp": 1766188860730}, {"id": "709250293", "price": 1.9091, "amount": 12.5, "side": "buy", "timestamp": 1766188860967}, {"id": "709250294", "price": 1.909, "amount": 8.9, "side": "sell", "timestamp": 1766188860983}, {"id": "709250295", "price": 1.9091, "amount": 364.6, "side": "buy", "timestamp": 1766188861101}, {"id": "709250296", "price": 1.9091, "amount": 154.7, "side": "buy", "timestamp": 1766188862090}, {"id": "709250297", "price": 1.909, "amount": 7899.2, "side": "sell", "timestamp": 1766188862102}, {"id": "709250298", "price": 1.909, "amount": 10.4, "side": "sell", "timestamp": 1766188862860}, {"id": "709250299", "price": 1.909, "amount": 6576.3, "side": "sell", "timestamp": 1766188863277}, {"id": "709250300", "price": 1.9089, "amount": 8380.4, "side": "sell", "timestamp": 1766188863283}, {"id": "709250301", "price": 1.9088, "amount": 2173.2, "side": "sell", "timestamp": 1766188863290}, {"id": "709250302", "price": 1.9087, "amount": 8300.4, "side": "sell", "timestamp": 1766188863295}, {"id": "709250303", "price": 1.9087, "amount": 11.2, "side": "buy", "timestamp": 1766188863487}, {"id": "709250304", "price": 1.9086, "amount": 3.3, "side": "sell", "timestamp": 1766188863653}, {"id": "709250305", "price": 1.9086, "amount": 14.3, "side": "sell", "timestamp": 1766188864012}, {"id": "709250306", "price": 1.9087, "amount": 10177.3, "side": "buy", "timestamp": 1766188864310}, {"id": "709250307", "price": 1.9088, "amount": 8978.9, "side": "buy", "timestamp": 1766188864312}, {"id": "709250308", "price": 1.9089, "amount": 3116.7, "side": "buy", "timestamp": 1766188864320}, {"id": "709250309", "price": 1.909, "amount": 5174.9, "side": "buy", "timestamp": 1766188864376}, {"id": "709250310", "price": 1.909, "amount": 161.3, "side": "buy", "timestamp": 1766188864721}, {"id": "709250311", "price": 1.9089, "amount": 209.5, "side": "sell", "timestamp": 1766188864913}, {"id": "709250312", "price": 1.909, "amount": 117.2, "side": "buy", "timestamp": 1766188865209}, {"id": "709250313", "price": 1.9089, "amount": 5196.2, "side": "sell", "timestamp": 1766188865436}, {"id": "709250314", "price": 1.9089, "amount": 50.7, "side": "buy", "timestamp": 1766188865549}, {"id": "709250315", "price": 1.9088, "amount": 17.9, "side": "sell", "timestamp": 1766188865573}, {"id": "709250316", "price": 1.9089, "amount": 77.6, "side": "buy", "timestamp": 1766188865897}, {"id": "709250317", "price": 1.9088, "amount": 484.5, "side": "sell", "timestamp": 1766188866192}, {"id": "709250318", "price": 1.9088, "amount": 1476.9, "side": "sell", "timestamp": 1766188866408}, {"id": "709250319", "price": 1.9089, "amount": 15.4, "side": "buy", "timestamp": 1766188867148}, {"id": "709250320", "price": 1.9089, "amount": 3.2, "side": "buy", "timestamp": 1766188868139}, {"id": "709250321", "price": 1.9088, "amount": 19.5, "side": "sell", "timestamp": 1766188868155}, {"id": "709250322", "price": 1.9089, "amount": 119.6, "side": "buy", "timestamp": 1766188869572}, {"id": "709250323", "price": 1.9089, "amount": 57.5, "side": "buy", "timestamp": 1766188870042}, {"id": "709250324", "price": 1.9089, "amount": 0.4, "side": "buy", "timestamp": 1766188870185}, {"id": "709250325", "price": 1.9089, "amount": 0.4, "side": "buy", "timestamp": 1766188870292}, {"id": "709250326", "price": 1.9089, "amount": 309.6, "side": "buy", "timestamp": 1766188870474}, {"id": "709250327", "price": 1.9089, "amount": 12.1, "side": "buy", "timestamp": 1766188871852}, {"id": "709250328", "price": 1.9089, "amount": 39.7, "side": "buy", "timestamp": 1766188872322}, {"id": "709250329", "price": 1.9089, "amount": 86.6, "side": "buy", "timestamp": 1766188872549}, {"id": "709250330", "price": 1.9089, "amount": 607.9, "side": "buy", "timestamp": 1766188873338}, {"id": "709250331", "price": 1.9089, "amount": 39.6, "side": "buy", "timestamp": 1766188874477}, {"id": "709250332", "price": 1.9089, "amount": 94.7, "side": "buy", "timestamp": 1766188874582}, {"id": "709250333", "price": 1.9089, "amount": 307.8, "side": "buy", "timestamp": 1766188874685}, {"id": "709250334", "price": 1.9089, "amount": 307.8, "side": "buy", "timestamp": 1766188874835}, {"id": "709250335", "price": 1.9089, "amount": 132.6, "side": "buy", "timestamp": 1766188875359}, {"id": "709250660", "price": 1.9049, "amount": 29.4, "side": "buy", "timestamp": 1766188941724}, {"id": "709250661", "price": 1.9049, "amount": 14.5, "side": "buy", "timestamp": 1766188942286}, {"id": "709250662", "price": 1.9048, "amount": 17030.3, "side": "sell", "timestamp": 1766188942479}, {"id": "709250663", "price": 1.9047, "amount": 5968.4, "side": "sell", "timestamp": 1766188942495}, {"id": "709250664", "price": 1.9046, "amount": 6668.8, "side": "sell", "timestamp": 1766188942506}, {"id": "709250665", "price": 1.9045, "amount": 5256.2, "side": "sell", "timestamp": 1766188942506}, {"id": "709250666", "price": 1.9045, "amount": 5.9, "side": "buy", "timestamp": 1766188942790}, {"id": "709250667", "price": 1.9044, "amount": 2028.0, "side": "sell", "timestamp": 1766188942822}, {"id": "709250668", "price": 1.9043, "amount": 2419.5, "side": "sell", "timestamp": 1766188942823}, {"id": "709250669", "price": 1.9042, "amount": 3998.8, "side": "sell", "timestamp": 1766188942828}, {"id": "709250670", "price": 1.9042, "amount": 3757.4, "side": "sell", "timestamp": 1766188942987}, {"id": "709250671", "price": 1.9041, "amount": 3153.4, "side": "sell", "timestamp": 1766188942987}, {"id": "709250672", "price": 1.904, "amount": 2059.8, "side": "sell", "timestamp": 1766188943198}, {"id": "709250673", "price": 1.904, "amount": 609.7, "side": "sell", "timestamp": 1766188943386}, {"id": "709250674", "price": 1.9039, "amount": 1024.7, "side": "sell", "timestamp": 1766188943391}, {"id": "709250675", "price": 1.9038, "amount": 4645.2, "side": "sell", "timestamp": 1766188943392}, {"id": "709250676", "price": 1.9038, "amount": 12447.4, "side": "buy", "timestamp": 1766188943442}, {"id": "709250677", "price": 1.9039, "amount": 2233.6, "side": "buy", "timestamp": 1766188943442}, {"id": "709250678", "price": 1.9038, "amount": 6701.1, "side": "buy", "timestamp": 1766188943573}, {"id": "709250679", "price": 1.9037, "amount": 322.5, "side": "sell", "timestamp": 1766188943593}, {"id": "709250680", "price": 1.9038, "amount": 19466.2, "side": "buy", "timestamp": 1766188943608}, {"id": "709250681", "price": 1.9039, "amount": 12124.7, "side": "buy", "timestamp": 1766188943655}, {"id": "709250682", "price": 1.904, "amount": 7409.9, "side": "buy", "timestamp": 1766188943655}, {"id": "709250683", "price": 1.9039, "amount": 7813.8, "side": "buy", "timestamp": 1766188943735}, {"id": "709250684", "price": 1.904, "amount": 434.2, "side": "buy", "timestamp": 1766188943747}, {"id": "709250685", "price": 1.904, "amount": 3.2, "side": "sell", "timestamp": 1766188943788}, {"id": "709250686", "price": 1.9041, "amount": 1922.8, "side": "buy", "timestamp": 1766188943796}, {"id": "709250687", "price": 1.9042, "amount": 85.0, "side": "buy", "timestamp": 1766188943823}, {"id": "709250688", "price": 1.9042, "amount": 14.1, "side": "sell", "timestamp": 1766188943825}, {"id": "709250689", "price": 1.9043, "amount": 30.2, "side": "buy", "timestamp": 1766188943860}, {"id": "709250690", "price": 1.9042, "amount": 7.4, "side": "sell", "timestamp": 1766188943863}, {"id": "709250691", "price": 1.9042, "amount": 2008.2, "side": "sell", "timestamp": 1766188944038}, {"id": "709250692", "price": 1.9042, "amount": 1071.8, "side": "sell", "timestamp": 1766188944297}, {"id": "709250693", "price": 1.9043, "amount": 1856.8, "side": "buy", "timestamp": 1766188944337}, {"id": "709250694", "price": 1.9043, "amount": 15.3, "side": "buy", "timestamp": 1766188944486}, {"id": "709250695", "price": 1.9042, "amount": 4.7, "side": "sell", "timestamp": 1766188944492}, {"id": "709250696", "price": 1.9043, "amount": 8.9, "side": "buy", "timestamp": 1766188944494}, {"id": "709250697", "price": 1.9043, "amount": 14.2, "side": "buy", "timestamp": 1766188944700}, {"id": "709250698", "price": 1.9043, "amount": 705.6, "side": "buy", "timestamp": 1766188944867}, {"id": "709250699", "price": 1.9043, "amount": 435.9, "side": "buy", "timestamp": 1766188945043}, {"id": "709250700", "price": 1.9042, "amount": 2624.9, "side": "sell", "timestamp": 1766188945046}, {"id": "709250701", "price": 1.9043, "amount": 334.3, "side": "buy", "timestamp": 1766188945049}, {"id": "709250702", "price": 1.9043, "amount": 4.0, "side": "buy", "timestamp": 1766188945240}, {"id": "709250703", "price": 1.9042, "amount": 6930.8, "side": "sell", "timestamp": 1766188945423}, {"id": "709250704", "price": 1.9042, "amount": 3.9, "side": "buy", "timestamp": 1766188945790}, {"id": "709250705", "price": 1.9041, "amount": 646.5, "side": "sell", "timestamp": 1766188945848}, {"id": "709250706", "price": 1.9041, "amount": 2046.8, "side": "sell", "timestamp": 1766188946040}, {"id": "709250707", "price": 1.904, "amount": 38.0, "side": "sell", "timestamp": 1766188946049}, {"id": "709250708", "price": 1.9039, "amount": 3384.2, "side": "sell", "timestamp": 1766188946097}, {"id": "709250709", "price": 1.9038, "amount": 5.3, "side": "sell", "timestamp": 1766188946147}, {"id": "709250884", "price": 1.9045, "amount": 5.0, "side": "buy", "timestamp": 1766188986682}, {"id": "709250885", "price": 1.9045, "amount": 3.2, "side": "buy", "timestamp": 1766188986834}, {"id": "709250886", "price": 1.9044, "amount": 12.5, "side": "sell", "timestamp": 1766188987012}, {"id": "709250887", "price": 1.9044, "amount": 5673.1, "side": "sell", "timestamp": 1766188987527}, {"id": "709250888", "price": 1.9045, "amount": 594.5, "side": "buy", "timestamp": 1766188988210}, {"id": "709250889", "price": 1.9045, "amount": 127.1, "side": "buy", "timestamp": 1766188988453}, {"id": "709250890", "price": 1.9045, "amount": 482.5, "side": "sell", "timestamp": 1766188988457}, {"id": "709250891", "price": 1.9046, "amount": 4.0, "side": "buy", "timestamp": 1766188988486}, {"id": "709250892", "price": 1.9045, "amount": 120.3, "side": "sell", "timestamp": 1766188988586}, {"id": "709250893", "price": 1.9046, "amount": 16.4, "side": "buy", "timestamp": 1766188988718}, {"id": "709250894", "price": 1.9046, "amount": 4.1, "side": "buy", "timestamp": 1766188988990}, {"id": "709250895", "price": 1.9045, "amount": 1444.6, "side": "sell", "timestamp": 1766188989144}, {"id": "709250896", "price": 1.9046, "amount": 67.7, "side": "buy", "timestamp": 1766188989254}, {"id": "709250897", "price": 1.9045, "amount": 0.6, "side": "sell", "timestamp": 1766188989675}, {"id": "709250898", "price": 1.9046, "amount": 142.1, "side": "buy", "timestamp": 1766188989815}, {"id": "709250899", "price": 1.9046, "amount": 52.6, "side": "buy", "timestamp": 1766188990425}, {"id": "709250900", "price": 1.9045, "amount": 0.8, "side": "sell", "timestamp": 1766188991121}, {"id": "709250901", "price": 1.9046, "amount": 2.9, "side": "buy", "timestamp": 1766188991555}, {"id": "709250902", "price": 1.9045, "amount": 29.9, "side": "sell", "timestamp": 1766188992177}, {"id": "709250903", "price": 1.9046, "amount": 1185.7, "side": "buy", "timestamp": 1766188992721}, {"id": "709250904", "price": 1.9046, "amount": 6.7, "side": "buy", "timestamp": 1766188993125}, {"id": "709250905", "price": 1.9045, "amount": 1169.1, "side": "sell", "timestamp": 1766188993129}, {"id": "709250906", "price": 1.9045, "amount": 7351.0, "side": "sell", "timestamp": 1766188993890}, {"id": "709250907", "price": 1.9045, "amount": 13.1, "side": "sell", "timestamp": 1766188994126}, {"id": "709250908", "price": 1.9046, "amount": 52.6, "side": "buy", "timestamp": 1766188994142}, {"id": "709250909", "price": 1.9045, "amount": 12.3, "side": "sell", "timestamp": 1766188994259}, {"id": "709250910", "price": 1.9045, "amount": 4.1, "side": "sell", "timestamp": 1766188994389}, {"id": "709250911", "price": 1.9045, "amount": 4.1, "side": "sell", "timestamp": 1766188994542}, {"id": "709250912", "price": 1.9046, "amount": 64.4, "side": "buy", "timestamp": 1766188994699}, {"id": "709250913", "price": 1.9046, "amount": 11.5, "side": "buy", "timestamp": 1766188995360}, {"id": "709250914", "price": 1.9046, "amount": 2511.1, "side": "buy", "timestamp": 1766188995518}, {"id": "709250915", "price": 1.9046, "amount": 0.1, "side": "buy", "timestamp": 1766188995925}, {"id": "709250916", "price": 1.9046, "amount": 19.2, "side": "buy", "timestamp": 1766188996108}, {"id": "709250917", "price": 1.9046, "amount": 25.2, "side": "buy", "timestamp": 1766188996227}, {"id": "709250918", "price": 1.9046, "amount": 19.1, "side": "buy", "timestamp": 1766188996427}, {"id": "709250919", "price": 1.9046, "amount": 319.3, "side": "buy", "timestamp": 1766188996866}, {"id": "709250920", "price": 1.9046, "amount": 2059.9, "side": "buy", "timestamp": 1766188997211}, {"id": "709250921", "price": 1.9046, "amount": 1.3, "side": "buy", "timestamp": 1766188997338}, {"id": "709250922", "price": 1.9045, "amount": 7381.8, "side": "sell", "timestamp": 1766188997386}, {"id": "709250923", "price": 1.9045, "amount": 25.4, "side": "buy", "timestamp": 1766188997700}, {"id": "709250924", "price": 1.9045, "amount": 52.6, "side": "buy", "timestamp": 1766188997863}, {"id": "709250925", "price": 1.9045, "amount": 13.0, "side": "buy", "timestamp": 1766188998168}, {"id": "709250926", "price": 1.9045, "amount": 893.6, "side": "buy", "timestamp": 1766188998651}, {"id": "709250927", "price": 1.9044, "amount": 7.7, "side": "sell", "timestamp": 1766188998741}, {"id": "709250928", "price": 1.9045, "amount": 155.3, "side": "buy", "timestamp": 1766188999176}, {"id": "709250929", "price": 1.9045, "amount": 420.8, "side": "buy", "timestamp": 1766188999278}, {"id": "709250930", "price": 1.9045, "amount": 178.4, "side": "buy", "timestamp": 1766188999930}, {"id": "709250931", "price": 1.9045, "amount": 206.4, "side": "buy", "timestamp": 1766189000086}, {"id": "709250932", "price": 1.9045, "amount": 9.8, "side": "buy", "timestamp": 1766189000215}, {"id": "709250933", "price": 1.9045, "amount": 52.6, "side": "buy", "timestamp": 1766189000340}, {"id": "709251028", "price": 1.9043, "amount": 5.3, "side": "sell", "timestamp": 1766189037752}, {"id": "709251029", "price": 1.9044, "amount": 5.2, "side": "buy", "timestamp": 1766189038087}, {"id": "709251030", "price": 1.9044, "amount": 11.3, "side": "buy", "timestamp": 1766189038451}, {"id": "709251031", "price": 1.9043, "amount": 3.4, "side": "sell", "timestamp": 1766189038893}, {"id": "709251032", "price": 1.9043, "amount": 35940.4, "side": "sell", "timestamp": 1766189038996}, {"id": "709251033", "price": 1.9042, "amount": 2022.7, "side": "sell", "timestamp": 1766189038999}, {"id": "709251034", "price": 1.9041, "amount": 317.9, "side": "sell", "timestamp": 1766189039046}, {"id": "709251035", "price": 1.9041, "amount": 124.1, "side": "buy", "timestamp": 1766189039514}, {"id": "709251036", "price": 1.904, "amount": 1181.8, "side": "sell", "timestamp": 1766189039518}, {"id": "709251037", "price": 1.9041, "amount": 3.4, "side": "buy", "timestamp": 1766189039719}, {"id": "709251038", "price": 1.9041, "amount": 52.6, "side": "buy", "timestamp": 1766189040127}, {"id": "709251039", "price": 1.904, "amount": 214.9, "side": "sell", "timestamp": 1766189040652}, {"id": "709251040", "price": 1.9041, "amount": 17.6, "side": "buy", "timestamp": 1766189041158}, {"id": "709251041", "price": 1.9041, "amount": 31.1, "side": "buy", "timestamp": 1766189041368}, {"id": "709251042", "price": 1.9041, "amount": 11.7, "side": "buy", "timestamp": 1766189041511}, {"id": "709251043", "price": 1.9041, "amount": 26.7, "side": "buy", "timestamp": 1766189041631}, {"id": "709251044", "price": 1.9041, "amount": 384.4, "side": "buy", "timestamp": 1766189041740}, {"id": "709251045", "price": 1.9041, "amount": 12.1, "side": "buy", "timestamp": 1766189042108}, {"id": "709251046", "price": 1.9041, "amount": 13354.7, "side": "buy", "timestamp": 1766189042213}, {"id": "709251047", "price": 1.9042, "amount": 420.0, "side": "buy", "timestamp": 1766189042311}, {"id": "709251048", "price": 1.9042, "amount": 77.6, "side": "buy", "timestamp": 1766189042707}, {"id": "709251049", "price": 1.9042, "amount": 2625.9, "side": "buy", "timestamp": 1766189043598}, {"id": "709251050", "price": 1.9042, "amount": 44.1, "side": "buy", "timestamp": 1766189043749}, {"id": "709251051", "price": 1.9042, "amount": 124.1, "side": "buy", "timestamp": 1766189044838}, {"id": "709251052", "price": 1.9041, "amount": 144.5, "side": "sell", "timestamp": 1766189044881}, {"id": "709251053", "price": 1.9041, "amount": 50.3, "side": "sell", "timestamp": 1766189045085}, {"id": "709251054", "price": 1.9042, "amount": 52.6, "side": "buy", "timestamp": 1766189045437}, {"id": "709251055", "price": 1.9041, "amount": 4.8, "side": "sell", "timestamp": 1766189045929}, {"id": "709251056", "price": 1.9042, "amount": 5.2, "side": "buy", "timestamp": 1766189045984}, {"id": "709251057", "price": 1.9042, "amount": 31.5, "side": "buy", "timestamp": 1766189046103}, {"id": "709251058", "price": 1.9041, "amount": 1125.1, "side": "sell", "timestamp": 1766189046108}, {"id": "709251059", "price": 1.9041, "amount": 8.3, "side": "sell", "timestamp": 1766189046461}, {"id": "709251060", "price": 1.9042, "amount": 96.3, "side": "buy", "timestamp": 1766189047442}, {"id": "709251061", "price": 1.9042, "amount": 124.7, "side": "buy", "timestamp": 1766189047768}, {"id": "709251062", "price": 1.9041, "amount": 501.0, "side": "sell", "timestamp": 1766189047928}, {"id": "709251063", "price": 1.9042, "amount": 52.6, "side": "buy", "timestamp": 1766189048098}, {"id": "709251064", "price": 1.9041, "amount": 926.6, "side": "sell", "timestamp": 1766189048577}, {"id": "709251065", "price": 1.9041, "amount": 8.0, "side": "buy", "timestamp": 1766189048747}, {"id": "709251066", "price": 1.9041, "amount": 6.8, "side": "buy", "timestamp": 1766189049331}, {"id": "709251067", "price": 1.904, "amount": 2644.9, "side": "sell", "timestamp": 1766189049615}, {"id": "709251068", "price": 1.904, "amount": 0.2, "side": "sell", "timestamp": 1766189049917}, {"id": "709251069", "price": 1.9041, "amount": 6.9, "side": "buy", "timestamp": 1766189050211}, {"id": "709251070", "price": 1.9041, "amount": 92.3, "side": "buy", "timestamp": 1766189050420}, {"id": "709251071", "price": 1.9041, "amount": 124.1, "side": "buy", "timestamp": 1766189050605}, {"id": "709251072", "price": 1.9041, "amount": 52.6, "side": "buy", "timestamp": 1766189050762}, {"id": "709251073", "price": 1.9041, "amount": 136.1, "side": "buy", "timestamp": 1766189050926}, {"id": "709251074", "price": 1.9041, "amount": 9.8, "side": "buy", "timestamp": 1766189051731}, {"id": "709251075", "price": 1.904, "amount": 12259.4, "side": "sell", "timestamp": 1766189052244}, {"id": "709251076", "price": 1.9039, "amount": 802.9, "side": "sell", "timestamp": 1766189053169}, {"id": "709251077", "price": 1.9039, "amount": 176.7, "side": "buy", "timestamp": 1766189053408}, {"id": "709251190", "price": 1.9034, "amount": 124.1, "side": "buy", "timestamp": 1766189103489}, {"id": "709251191", "price": 1.9034, "amount": 52.6, "side": "buy", "timestamp": 1766189104082}, {"id": "709251192", "price": 1.9033, "amount": 1142.2, "side": "sell", "timestamp": 1766189104258}, {"id": "709251193", "price": 1.9033, "amount": 8.8, "side": "sell", "timestamp": 1766189104401}, {"id": "709251194", "price": 1.9034, "amount": 32.6, "side": "buy", "timestamp": 1766189104510}, {"id": "709251195", "price": 1.9033, "amount": 103.5, "side": "sell", "timestamp": 1766189104656}, {"id": "709251196", "price": 1.9034, "amount": 103.4, "side": "buy", "timestamp": 1766189104753}, {"id": "709251197", "price": 1.9034, "amount": 8397.8, "side": "buy", "timestamp": 1766189104975}, {"id": "709251198", "price": 1.9035, "amount": 344.5, "side": "buy", "timestamp": 1766189104976}, {"id": "709251199", "price": 1.9035, "amount": 34.1, "side": "buy", "timestamp": 1766189105079}, {"id": "709251200", "price": 1.9035, "amount": 50.3, "side": "buy", "timestamp": 1766189105321}, {"id": "709251201", "price": 1.9035, "amount": 19.9, "side": "buy", "timestamp": 1766189105547}, {"id": "709251202", "price": 1.9034, "amount": 525.3, "side": "sell", "timestamp": 1766189105894}, {"id": "709251203", "price": 1.9035, "amount": 4731.7, "side": "buy", "timestamp": 1766189105896}, {"id": "709251204", "price": 1.9036, "amount": 1632.5, "side": "buy", "timestamp": 1766189105907}, {"id": "709251205", "price": 1.9037, "amount": 873.6, "side": "buy", "timestamp": 1766189105945}, {"id": "709251206", "price": 1.9036, "amount": 1440.0, "side": "sell", "timestamp": 1766189106126}, {"id": "709251207", "price": 1.9036, "amount": 10.4, "side": "sell", "timestamp": 1766189106256}, {"id": "709251208", "price": 1.9037, "amount": 31.8, "side": "buy", "timestamp": 1766189106495}, {"id": "709251209", "price": 1.9037, "amount": 52.6, "side": "buy", "timestamp": 1766189106649}, {"id": "709251210", "price": 1.9037, "amount": 60.6, "side": "buy", "timestamp": 1766189106959}, {"id": "709251211", "price": 1.9036, "amount": 5.3, "side": "sell", "timestamp": 1766189107050}, {"id": "709251212", "price": 1.9037, "amount": 2.8, "side": "buy", "timestamp": 1766189107685}, {"id": "709251213", "price": 1.9037, "amount": 63.7, "side": "buy", "timestamp": 1766189107906}, {"id": "709251214", "price": 1.9036, "amount": 0.1, "side": "sell", "timestamp": 1766189108016}, {"id": "709251215", "price": 1.9037, "amount": 6.4, "side": "buy", "timestamp": 1766189108103}, {"id": "709251216", "price": 1.9036, "amount": 1879.6, "side": "sell", "timestamp": 1766189108107}, {"id": "709251217", "price": 1.9036, "amount": 14.0, "side": "sell", "timestamp": 1766189108321}, {"id": "709251218", "price": 1.9037, "amount": 124.1, "side": "buy", "timestamp": 1766189108585}, {"id": "709251219", "price": 1.9036, "amount": 1536.3, "side": "sell", "timestamp": 1766189109028}, {"id": "709251220", "price": 1.9037, "amount": 52.6, "side": "buy", "timestamp": 1766189109311}, {"id": "709251221", "price": 1.9037, "amount": 65.9, "side": "buy", "timestamp": 1766189109751}, {"id": "709251222", "price": 1.9037, "amount": 6.8, "side": "buy", "timestamp": 1766189109878}, {"id": "709251223", "price": 1.9037, "amount": 3.4, "side": "buy", "timestamp": 1766189110726}, {"id": "709251224", "price": 1.9037, "amount": 124.1, "side": "buy", "timestamp": 1766189111064}, {"id": "709251225", "price": 1.9037, "amount": 52.6, "side": "buy", "timestamp": 1766189111967}, {"id": "709251226", "price": 1.9036, "amount": 873.1, "side": "sell", "timestamp": 1766189112191}, {"id": "709251227", "price": 1.9035, "amount": 6771.1, "side": "sell", "timestamp": 1766189112191}, {"id": "709251228", "price": 1.9036, "amount": 2.9, "side": "buy", "timestamp": 1766189113068}, {"id": "709251229", "price": 1.9035, "amount": 203.2, "side": "sell", "timestamp": 1766189113084}, {"id": "709251230", "price": 1.9036, "amount": 124.1, "side": "buy", "timestamp": 1766189113546}, {"id": "709251231", "price": 1.9035, "amount": 34.5, "side": "sell", "timestamp": 1766189114537}, {"id": "709251232", "price": 1.9036, "amount": 52.6, "side": "buy", "timestamp": 1766189114634}, {"id": "709251233", "price": 1.9036, "amount": 34.2, "side": "buy", "timestamp": 1766189114967}, {"id": "709251234", "price": 1.9036, "amount": 13331.2, "side": "buy", "timestamp": 1766189116032}, {"id": "709251235", "price": 1.9036, "amount": 4.8, "side": "sell", "timestamp": 1766189116204}, {"id": "709251236", "price": 1.9036, "amount": 129.0, "side": "sell", "timestamp": 1766189116315}, {"id": "709251237", "price": 1.9036, "amount": 500.0, "side": "sell", "timestamp": 1766189116540}, {"id": "709251238", "price": 1.9036, "amount": 5.6, "side": "sell", "timestamp": 1766189117181}, {"id": "709251239", "price": 1.9037, "amount": 52.6, "side": "buy", "timestamp": 1766189117293}, {"id": "709251340", "price": 1.9033, "amount": 41.0, "side": "buy", "timestamp": 1766189155697}, {"id": "709251341", "price": 1.9033, "amount": 109.5, "side": "buy", "timestamp": 1766189155996}, {"id": "709251342", "price": 1.9033, "amount": 36.1, "side": "buy", "timestamp": 1766189156240}, {"id": "709251343", "price": 1.9033, "amount": 124.1, "side": "buy", "timestamp": 1766189156592}, {"id": "709251344", "price": 1.9033, "amount": 189.3, "side": "buy", "timestamp": 1766189157188}, {"id": "709251345", "price": 1.9033, "amount": 52.6, "side": "buy", "timestamp": 1766189157448}, {"id": "709251346", "price": 1.9033, "amount": 3.6, "side": "buy", "timestamp": 1766189158345}, {"id": "709251347", "price": 1.9033, "amount": 28.5, "side": "buy", "timestamp": 1766189158774}, {"id": "709251348", "price": 1.9033, "amount": 2.8, "side": "buy", "timestamp": 1766189159114}, {"id": "709251349", "price": 1.9032, "amount": 5.2, "side": "sell", "timestamp": 1766189159227}, {"id": "709251350", "price": 1.9033, "amount": 124.1, "side": "buy", "timestamp": 1766189159253}, {"id": "709251351", "price": 1.9033, "amount": 6.3, "side": "buy", "timestamp": 1766189159663}, {"id": "709251352", "price": 1.9032, "amount": 3961.3, "side": "sell", "timestamp": 1766189160018}, {"id": "709251353", "price": 1.9032, "amount": 52.6, "side": "buy", "timestamp": 1766189160245}, {"id": "709251354", "price": 1.9031, "amount": 28.2, "side": "sell", "timestamp": 1766189160383}, {"id": "709251355", "price": 1.9032, "amount": 1.9, "side": "buy", "timestamp": 1766189160393}, {"id": "709251356", "price": 1.9032, "amount": 99.7, "side": "buy", "timestamp": 1766189160760}, {"id": "709251357", "price": 1.9032, "amount": 42.9, "side": "buy", "timestamp": 1766189160881}, {"id": "709251358", "price": 1.9032, "amount": 29.6, "side": "buy", "timestamp": 1766189161004}, {"id": "709251359", "price": 1.9031, "amount": 6.2, "side": "sell", "timestamp": 1766189161112}, {"id": "709251360", "price": 1.9032, "amount": 38.5, "side": "buy", "timestamp": 1766189161246}, {"id": "709251361", "price": 1.9032, "amount": 45.0, "side": "buy", "timestamp": 1766189161384}, {"id": "709251362", "price": 1.9032, "amount": 16.9, "side": "buy", "timestamp": 1766189161520}, {"id": "709251363", "price": 1.9032, "amount": 22.5, "side": "buy", "timestamp": 1766189161656}, {"id": "709251364", "price": 1.9032, "amount": 124.1, "side": "buy", "timestamp": 1766189161914}, {"id": "709251365", "price": 1.9032, "amount": 5.2, "side": "buy", "timestamp": 1766189162205}, {"id": "709251366", "price": 1.9032, "amount": 31.2, "side": "buy", "timestamp": 1766189162335}, {"id": "709251367", "price": 1.9032, "amount": 52.6, "side": "buy", "timestamp": 1766189163077}, {"id": "709251368", "price": 1.9031, "amount": 12.3, "side": "sell", "timestamp": 1766189164080}, {"id": "709251369", "price": 1.9032, "amount": 4.8, "side": "buy", "timestamp": 1766189164352}, {"id": "709251370", "price": 1.9032, "amount": 124.1, "side": "buy", "timestamp": 1766189164576}, {"id": "709251371", "price": 1.9032, "amount": 29.1, "side": "buy", "timestamp": 1766189164680}, {"id": "709251372", "price": 1.9031, "amount": 3.2, "side": "sell", "timestamp": 1766189165324}, {"id": "709251373", "price": 1.9032, "amount": 52.6, "side": "buy", "timestamp": 1766189165900}, {"id": "709251374", "price": 1.9032, "amount": 23.6, "side": "buy", "timestamp": 1766189166097}, {"id": "709251375", "price": 1.9032, "amount": 60.6, "side": "buy", "timestamp": 1766189166970}, {"id": "709251376", "price": 1.9032, "amount": 135.7, "side": "buy", "timestamp": 1766189167712}, {"id": "709251377", "price": 1.9031, "amount": 1112.0, "side": "sell", "timestamp": 1766189167874}, {"id": "709251378", "price": 1.9032, "amount": 52.6, "side": "buy", "timestamp": 1766189168384}, {"id": "709251379", "price": 1.9032, "amount": 0.4, "side": "buy", "timestamp": 1766189168657}, {"id": "709251380", "price": 1.9032, "amount": 11.0, "side": "buy", "timestamp": 1766189168759}, {"id": "709251381", "price": 1.9031, "amount": 511.1, "side": "sell", "timestamp": 1766189169140}, {"id": "709251382", "price": 1.9032, "amount": 35.1, "side": "buy", "timestamp": 1766189169708}, {"id": "709251383", "price": 1.9032, "amount": 39.0, "side": "buy", "timestamp": 1766189169969}, {"id": "709251384", "price": 1.9032, "amount": 3.7, "side": "buy", "timestamp": 1766189170096}, {"id": "709251385", "price": 1.9032, "amount": 124.1, "side": "buy", "timestamp": 1766189170202}, {"id": "709251386", "price": 1.9032, "amount": 52.6, "side": "buy", "timestamp": 1766189170869}, {"id": "709251387", "price": 1.9032, "amount": 9.0, "side": "buy", "timestamp": 1766189171522}, {"id": "709251388", "price": 1.9032, "amount": 9.9, "side": "buy", "timestamp": 1766189171649}, {"id": "709251389", "price": 1.9031, "amount": 8372.1, "side": "sell", "timestamp": 1766189171809}, {"id": "709251562", "price": 1.9018, "amount": 13.1, "side": "sell", "timestamp": 1766189212818}, {"id": "709251563", "price": 1.9018, "amount": 4.4, "side": "sell", "timestamp": 1766189212923}, {"id": "709251564", "price": 1.9019, "amount": 52.6, "side": "buy", "timestamp": 1766189213099}, {"id": "709251565", "price": 1.9019, "amount": 5.9, "side": "buy", "timestamp": 1766189213309}, {"id": "709251566", "price": 1.9018, "amount": 14.6, "side": "sell", "timestamp": 1766189213336}, {"id": "709251567", "price": 1.9019, "amount": 5.4, "side": "buy", "timestamp": 1766189214306}, {"id": "709251568", "price": 1.9019, "amount": 60.6, "side": "buy", "timestamp": 1766189214982}, {"id": "709251569", "price": 1.9019, "amount": 124.1, "side": "buy", "timestamp": 1766189215127}, {"id": "709251570", "price": 1.9018, "amount": 4838.5, "side": "sell", "timestamp": 1766189215318}, {"id": "709251571", "price": 1.9017, "amount": 6.3, "side": "sell", "timestamp": 1766189215492}, {"id": "709251572", "price": 1.9018, "amount": 52.6, "side": "buy", "timestamp": 1766189215764}, {"id": "709251573", "price": 1.9018, "amount": 3.7, "side": "buy", "timestamp": 1766189216014}, {"id": "709251574", "price": 1.9017, "amount": 1080.0, "side": "sell", "timestamp": 1766189216143}, {"id": "709251575", "price": 1.9018, "amount": 10.5, "side": "buy", "timestamp": 1766189216228}, {"id": "709251576", "price": 1.9017, "amount": 144.4, "side": "sell", "timestamp": 1766189216526}, {"id": "709251577", "price": 1.9018, "amount": 294.5, "side": "buy", "timestamp": 1766189217789}, {"id": "709251578", "price": 1.9017, "amount": 92.7, "side": "sell", "timestamp": 1766189218282}, {"id": "709251579", "price": 1.9018, "amount": 52.6, "side": "buy", "timestamp": 1766189218424}, {"id": "709251580", "price": 1.9018, "amount": 124.1, "side": "buy", "timestamp": 1766189219119}, {"id": "709251581", "price": 1.9018, "amount": 90.0, "side": "buy", "timestamp": 1766189219719}, {"id": "709251582", "price": 1.9017, "amount": 9.5, "side": "sell", "timestamp": 1766189219855}, {"id": "709251583", "price": 1.9018, "amount": 42.0, "side": "buy", "timestamp": 1766189219919}, {"id": "709251584", "price": 1.9017, "amount": 146.8, "side": "sell", "timestamp": 1766189219922}, {"id": "709251585", "price": 1.9017, "amount": 77.6, "side": "sell", "timestamp": 1766189220239}, {"id": "709251586", "price": 1.9017, "amount": 11.4, "side": "sell", "timestamp": 1766189220391}, {"id": "709251587", "price": 1.9018, "amount": 137.1, "side": "buy", "timestamp": 1766189220450}, {"id": "709251588", "price": 1.9018, "amount": 52.6, "side": "buy", "timestamp": 1766189221083}, {"id": "709251589", "price": 1.9018, "amount": 22263.6, "side": "buy", "timestamp": 1766189221217}, {"id": "709251590", "price": 1.9019, "amount": 2889.6, "side": "buy", "timestamp": 1766189221222}, {"id": "709251591", "price": 1.902, "amount": 4429.0, "side": "buy", "timestamp": 1766189221272}, {"id": "709251592", "price": 1.9021, "amount": 3772.6, "side": "buy", "timestamp": 1766189221293}, {"id": "709251593", "price": 1.9022, "amount": 29.8, "side": "buy", "timestamp": 1766189221309}, {"id": "709251594", "price": 1.9023, "amount": 420.0, "side": "buy", "timestamp": 1766189221336}, {"id": "709251595", "price": 1.9023, "amount": 7.0, "side": "buy", "timestamp": 1766189221530}, {"id": "709251596", "price": 1.9023, "amount": 0.9, "side": "buy", "timestamp": 1766189221674}, {"id": "709251597", "price": 1.9022, "amount": 4.9, "side": "sell", "timestamp": 1766189221701}, {"id": "709251598", "price": 1.9023, "amount": 129.0, "side": "buy", "timestamp": 1766189221774}, {"id": "709251599", "price": 1.9022, "amount": 43239.2, "side": "sell", "timestamp": 1766189222107}, {"id": "709251600", "price": 1.9021, "amount": 756.8, "side": "sell", "timestamp": 1766189222163}, {"id": "709251601", "price": 1.902, "amount": 1610.6, "side": "sell", "timestamp": 1766189222166}, {"id": "709251602", "price": 1.9019, "amount": 270.8, "side": "sell", "timestamp": 1766189222171}, {"id": "709251603", "price": 1.9019, "amount": 192.5, "side": "buy", "timestamp": 1766189222677}, {"id": "709251604", "price": 1.9018, "amount": 576.2, "side": "sell", "timestamp": 1766189222788}, {"id": "709251605", "price": 1.9018, "amount": 150.1, "side": "buy", "timestamp": 1766189223020}, {"id": "709251606", "price": 1.9017, "amount": 15514.5, "side": "sell", "timestamp": 1766189223232}, {"id": "709251607", "price": 1.9018, "amount": 34.7, "side": "buy", "timestamp": 1766189223266}, {"id": "709251608", "price": 1.9018, "amount": 96.6, "side": "buy", "timestamp": 1766189223379}, {"id": "709251609", "price": 1.9018, "amount": 138.7, "side": "buy", "timestamp": 1766189223647}, {"id": "709251610", "price": 1.9017, "amount": 5.6, "side": "sell", "timestamp": 1766189223761}, {"id": "709251611", "price": 1.9018, "amount": 124.1, "side": "buy", "timestamp": 1766189224439}, {"id": "709251746", "price": 1.9007, "amount": 5.5, "side": "sell", "timestamp": 1766189262853}, {"id": "709251747", "price": 1.9008, "amount": 124.1, "side": "buy", "timestamp": 1766189263019}, {"id": "709251748", "price": 1.9007, "amount": 1056.1, "side": "sell", "timestamp": 1766189263144}, {"id": "709251749", "price": 1.9007, "amount": 870.2, "side": "sell", "timestamp": 1766189263271}, {"id": "709251750", "price": 1.9008, "amount": 60.4, "side": "buy", "timestamp": 1766189263459}, {"id": "709251751", "price": 1.9007, "amount": 1464.6, "side": "sell", "timestamp": 1766189263575}, {"id": "709251752", "price": 1.9008, "amount": 5753.3, "side": "buy", "timestamp": 1766189263669}, {"id": "709251753", "price": 1.9009, "amount": 1169.6, "side": "buy", "timestamp": 1766189263737}, {"id": "709251754", "price": 1.901, "amount": 420.0, "side": "buy", "timestamp": 1766189263767}, {"id": "709251755", "price": 1.901, "amount": 49.8, "side": "buy", "timestamp": 1766189264001}, {"id": "709251756", "price": 1.901, "amount": 124.1, "side": "buy", "timestamp": 1766189264352}, {"id": "709251757", "price": 1.9009, "amount": 5.2, "side": "sell", "timestamp": 1766189264569}, {"id": "709251758", "price": 1.901, "amount": 2.7, "side": "buy", "timestamp": 1766189264885}, {"id": "709251759", "price": 1.901, "amount": 2.4, "side": "buy", "timestamp": 1766189265110}, {"id": "709251760", "price": 1.901, "amount": 124.1, "side": "buy", "timestamp": 1766189265678}, {"id": "709251761", "price": 1.901, "amount": 0.8, "side": "buy", "timestamp": 1766189265796}, {"id": "709251762", "price": 1.901, "amount": 6.3, "side": "buy", "timestamp": 1766189266028}, {"id": "709251763", "price": 1.901, "amount": 124.2, "side": "buy", "timestamp": 1766189266300}, {"id": "709251764", "price": 1.9009, "amount": 470.4, "side": "sell", "timestamp": 1766189266372}, {"id": "709251765", "price": 1.901, "amount": 76.9, "side": "buy", "timestamp": 1766189266610}, {"id": "709251766", "price": 1.9009, "amount": 2648.0, "side": "sell", "timestamp": 1766189266835}, {"id": "709251767", "price": 1.9009, "amount": 6.0, "side": "sell", "timestamp": 1766189266960}, {"id": "709251768", "price": 1.901, "amount": 132.9, "side": "buy", "timestamp": 1766189267014}, {"id": "709251769", "price": 1.901, "amount": 6.3, "side": "buy", "timestamp": 1766189267660}, {"id": "709251770", "price": 1.9009, "amount": 22.6, "side": "sell", "timestamp": 1766189267863}, {"id": "709251771", "price": 1.901, "amount": 9.9, "side": "buy", "timestamp": 1766189268167}, {"id": "709251772", "price": 1.901, "amount": 124.1, "side": "buy", "timestamp": 1766189268342}, {"id": "709251773", "price": 1.901, "amount": 5.3, "side": "buy", "timestamp": 1766189268720}, {"id": "709251774", "price": 1.9009, "amount": 403.7, "side": "sell", "timestamp": 1766189268792}, {"id": "709251775", "price": 1.901, "amount": 2099.6, "side": "buy", "timestamp": 1766189268794}, {"id": "709251776", "price": 1.901, "amount": 52.6, "side": "buy", "timestamp": 1766189268988}, {"id": "709251777", "price": 1.901, "amount": 124.1, "side": "buy", "timestamp": 1766189269787}, {"id": "709251778", "price": 1.901, "amount": 3.6, "side": "buy", "timestamp": 1766189270308}, {"id": "709251779", "price": 1.901, "amount": 42.8, "side": "buy", "timestamp": 1766189270858}, {"id": "709251780", "price": 1.901, "amount": 1486.5, "side": "buy", "timestamp": 1766189271027}, {"id": "709251781", "price": 1.901, "amount": 375.6, "side": "buy", "timestamp": 1766189271277}, {"id": "709251782", "price": 1.9009, "amount": 44.5, "side": "sell", "timestamp": 1766189271413}, {"id": "709251783", "price": 1.901, "amount": 52.6, "side": "buy", "timestamp": 1766189271658}, {"id": "709251784", "price": 1.901, "amount": 124.1, "side": "buy", "timestamp": 1766189272335}, {"id": "709251785", "price": 1.901, "amount": 3.6, "side": "buy", "timestamp": 1766189273561}, {"id": "709251786", "price": 1.901, "amount": 124.1, "side": "buy", "timestamp": 1766189273665}, {"id": "709251787", "price": 1.9009, "amount": 15.9, "side": "sell", "timestamp": 1766189273965}, {"id": "709251788", "price": 1.901, "amount": 52.6, "side": "buy", "timestamp": 1766189274313}, {"id": "709251789", "price": 1.9009, "amount": 5.4, "side": "sell", "timestamp": 1766189274712}, {"id": "709251790", "price": 1.901, "amount": 211.4, "side": "buy", "timestamp": 1766189274988}, {"id": "709251791", "price": 1.9009, "amount": 5.5, "side": "sell", "timestamp": 1766189275667}, {"id": "709251792", "price": 1.901, "amount": 79.7, "side": "buy", "timestamp": 1766189275798}, {"id": "709251793", "price": 1.901, "amount": 124.1, "side": "buy", "timestamp": 1766189276324}, {"id": "709251794", "price": 1.901, "amount": 52.6, "side": "buy", "timestamp": 1766189276979}, {"id": "709251795", "price": 1.901, "amount": 137.9, "side": "buy", "timestamp": 1766189277117}, {"id": "709251935", "price": 1.9012, "amount": 16147.8, "side": "sell", "timestamp": 1766189315358}, {"id": "709251936", "price": 1.9013, "amount": 156.1, "side": "buy", "timestamp": 1766189315585}, {"id": "709251937", "price": 1.9013, "amount": 8624.9, "side": "buy", "timestamp": 1766189315739}, {"id": "709251938", "price": 1.9014, "amount": 124.1, "side": "buy", "timestamp": 1766189316239}, {"id": "709251939", "price": 1.9013, "amount": 8386.8, "side": "sell", "timestamp": 1766189316283}, {"id": "709251940", "price": 1.9014, "amount": 17728.5, "side": "buy", "timestamp": 1766189316894}, {"id": "709251941", "price": 1.9015, "amount": 3412.2, "side": "buy", "timestamp": 1766189317012}, {"id": "709251942", "price": 1.9016, "amount": 120.7, "side": "buy", "timestamp": 1766189317102}, {"id": "709251943", "price": 1.9016, "amount": 41.2, "side": "buy", "timestamp": 1766189317241}, {"id": "709251944", "price": 1.9016, "amount": 124.1, "side": "buy", "timestamp": 1766189317567}, {"id": "709251945", "price": 1.9015, "amount": 4.7, "side": "sell", "timestamp": 1766189318183}, {"id": "709251946", "price": 1.9016, "amount": 157.9, "side": "buy", "timestamp": 1766189318281}, {"id": "709251947", "price": 1.9016, "amount": 124.1, "side": "buy", "timestamp": 1766189318898}, {"id": "709251948", "price": 1.9016, "amount": 89.5, "side": "buy", "timestamp": 1766189319556}, {"id": "709251949", "price": 1.9016, "amount": 14.0, "side": "buy", "timestamp": 1766189319664}, {"id": "709251950", "price": 1.9016, "amount": 6.8, "side": "buy", "timestamp": 1766189320024}, {"id": "709251951", "price": 1.9016, "amount": 2223.6, "side": "buy", "timestamp": 1766189320170}, {"id": "709251952", "price": 1.9016, "amount": 3.8, "side": "buy", "timestamp": 1766189321357}, {"id": "709251953", "price": 1.9016, "amount": 124.1, "side": "buy", "timestamp": 1766189321559}, {"id": "709251954", "price": 1.9016, "amount": 4.3, "side": "buy", "timestamp": 1766189321895}, {"id": "709251955", "price": 1.9016, "amount": 52.6, "side": "buy", "timestamp": 1766189322217}, {"id": "709251956", "price": 1.9016, "amount": 124.1, "side": "buy", "timestamp": 1766189322885}, {"id": "709251957", "price": 1.9016, "amount": 26.2, "side": "buy", "timestamp": 1766189323120}, {"id": "709251958", "price": 1.9016, "amount": 78.6, "side": "buy", "timestamp": 1766189323371}, {"id": "709251959", "price": 1.9016, "amount": 500.0, "side": "buy", "timestamp": 1766189323990}, {"id": "709251960", "price": 1.9016, "amount": 124.1, "side": "buy", "timestamp": 1766189324220}, {"id": "709251961", "price": 1.9016, "amount": 2.3, "side": "buy", "timestamp": 1766189324606}, {"id": "709251962", "price": 1.9016, "amount": 65.2, "side": "buy", "timestamp": 1766189324829}, {"id": "709251963", "price": 1.9016, "amount": 6.5, "side": "buy", "timestamp": 1766189325103}, {"id": "709251964", "price": 1.9016, "amount": 124.1, "side": "buy", "timestamp": 1766189325547}, {"id": "709251965", "price": 1.9016, "amount": 35.9, "side": "buy", "timestamp": 1766189325718}, {"id": "709251966", "price": 1.9016, "amount": 264.7, "side": "buy", "timestamp": 1766189325928}, {"id": "709251967", "price": 1.9016, "amount": 459.8, "side": "sell", "timestamp": 1766189326164}, {"id": "709251968", "price": 1.9017, "amount": 1.7, "side": "buy", "timestamp": 1766189326294}, {"id": "709251969", "price": 1.9017, "amount": 5.0, "side": "buy", "timestamp": 1766189326442}, {"id": "709251970", "price": 1.9017, "amount": 124.1, "side": "buy", "timestamp": 1766189326880}, {"id": "709251971", "price": 1.9017, "amount": 60.5, "side": "buy", "timestamp": 1766189327238}, {"id": "709251972", "price": 1.9017, "amount": 74.6, "side": "buy", "timestamp": 1766189327482}, {"id": "709251973", "price": 1.9017, "amount": 262.6, "side": "buy", "timestamp": 1766189328043}, {"id": "709251974", "price": 1.9017, "amount": 124.1, "side": "buy", "timestamp": 1766189328212}, {"id": "709251975", "price": 1.9016, "amount": 478.2, "side": "sell", "timestamp": 1766189328487}, {"id": "709251976", "price": 1.9016, "amount": 5.2, "side": "sell", "timestamp": 1766189328595}, {"id": "709251977", "price": 1.9017, "amount": 668.9, "side": "buy", "timestamp": 1766189328994}, {"id": "709251978", "price": 1.9017, "amount": 222.4, "side": "buy", "timestamp": 1766189329541}, {"id": "709251979", "price": 1.9017, "amount": 8.8, "side": "buy", "timestamp": 1766189329747}, {"id": "709251980", "price": 1.9017, "amount": 6.7, "side": "buy", "timestamp": 1766189330039}, {"id": "709251981", "price": 1.9016, "amount": 2459.8, "side": "sell", "timestamp": 1766189330136}, {"id": "709251982", "price": 1.9016, "amount": 52.6, "side": "buy", "timestamp": 1766189330203}, {"id": "709251983", "price": 1.9015, "amount": 105.8, "side": "sell", "timestamp": 1766189330464}, {"id": "709251984", "price": 1.9016, "amount": 124.1, "side": "buy", "timestamp": 1766189330871}, {"id": "709252119", "price": 1.9012, "amount": 29.2, "side": "buy", "timestamp": 1766189368683}, {"id": "709252120", "price": 1.9012, "amount": 124.1, "side": "buy", "timestamp": 1766189368890}, {"id": "709252121", "price": 1.9012, "amount": 493.2, "side": "buy", "timestamp": 1766189369094}, {"id": "709252122", "price": 1.9011, "amount": 493.8, "side": "sell", "timestamp": 1766189369580}, {"id": "709252123", "price": 1.9012, "amount": 176.7, "side": "buy", "timestamp": 1766189370123}, {"id": "709252124", "price": 1.9012, "amount": 26.1, "side": "buy", "timestamp": 1766189370543}, {"id": "709252125", "price": 1.9011, "amount": 4.9, "side": "sell", "timestamp": 1766189370582}, {"id": "709252126", "price": 1.9012, "amount": 18.9, "side": "buy", "timestamp": 1766189370673}, {"id": "709252127", "price": 1.9012, "amount": 6.3, "side": "buy", "timestamp": 1766189370866}, {"id": "709252128", "price": 1.9012, "amount": 124.1, "side": "buy", "timestamp": 1766189371378}, {"id": "709252129", "price": 1.9012, "amount": 5.0, "side": "buy", "timestamp": 1766189371482}, {"id": "709252130", "price": 1.9012, "amount": 124.1, "side": "buy", "timestamp": 1766189372618}, {"id": "709252131", "price": 1.9012, "amount": 52.6, "side": "buy", "timestamp": 1766189372782}, {"id": "709252132", "price": 1.9012, "amount": 124.1, "side": "buy", "timestamp": 1766189373859}, {"id": "709252133", "price": 1.9011, "amount": 50.0, "side": "sell", "timestamp": 1766189373926}, {"id": "709252134", "price": 1.9012, "amount": 54.0, "side": "buy", "timestamp": 1766189374010}, {"id": "709252135", "price": 1.9012, "amount": 3.4, "side": "buy", "timestamp": 1766189374122}, {"id": "709252136", "price": 1.9012, "amount": 8.9, "side": "buy", "timestamp": 1766189374795}, {"id": "709252137", "price": 1.9012, "amount": 6.3, "side": "buy", "timestamp": 1766189374939}, {"id": "709252138", "price": 1.9012, "amount": 408.1, "side": "buy", "timestamp": 1766189375085}, {"id": "709252139", "price": 1.9012, "amount": 168.9, "side": "buy", "timestamp": 1766189375220}, {"id": "709252140", "price": 1.9012, "amount": 52.6, "side": "buy", "timestamp": 1766189375444}, {"id": "709252141", "price": 1.9011, "amount": 210.3, "side": "sell", "timestamp": 1766189375508}, {"id": "709252142", "price": 1.9012, "amount": 14.3, "side": "buy", "timestamp": 1766189375547}, {"id": "709252143", "price": 1.9012, "amount": 6.3, "side": "buy", "timestamp": 1766189375665}, {"id": "709252144", "price": 1.9011, "amount": 995.7, "side": "sell", "timestamp": 1766189375723}, {"id": "709252145", "price": 1.9011, "amount": 18.7, "side": "sell", "timestamp": 1766189376376}, {"id": "709252146", "price": 1.9012, "amount": 124.1, "side": "buy", "timestamp": 1766189376459}, {"id": "709252147", "price": 1.9012, "amount": 124.1, "side": "buy", "timestamp": 1766189377703}, {"id": "709252148", "price": 1.9012, "amount": 52.6, "side": "buy", "timestamp": 1766189378105}, {"id": "709252149", "price": 1.9011, "amount": 34.2, "side": "sell", "timestamp": 1766189378115}, {"id": "709252150", "price": 1.9012, "amount": 124.1, "side": "buy", "timestamp": 1766189378945}, {"id": "709252151", "price": 1.9011, "amount": 82.2, "side": "sell", "timestamp": 1766189379490}, {"id": "709252152", "price": 1.9011, "amount": 37.6, "side": "sell", "timestamp": 1766189379621}, {"id": "709252153", "price": 1.9012, "amount": 6.5, "side": "buy", "timestamp": 1766189379748}, {"id": "709252154", "price": 1.9012, "amount": 8.4, "side": "buy", "timestamp": 1766189379974}, {"id": "709252155", "price": 1.9011, "amount": 42.4, "side": "sell", "timestamp": 1766189379989}, {"id": "709252156", "price": 1.9011, "amount": 114.9, "side": "sell", "timestamp": 1766189380161}, {"id": "709252157", "price": 1.9012, "amount": 124.1, "side": "buy", "timestamp": 1766189380185}, {"id": "709252158", "price": 1.9011, "amount": 24.3, "side": "sell", "timestamp": 1766189380197}, {"id": "709252159", "price": 1.9012, "amount": 5.7, "side": "buy", "timestamp": 1766189380459}, {"id": "709252160", "price": 1.9012, "amount": 1608.4, "side": "buy", "timestamp": 1766189380902}, {"id": "709252161", "price": 1.9012, "amount": 2033.1, "side": "buy", "timestamp": 1766189381089}, {"id": "709252162", "price": 1.9012, "amount": 1185.5, "side": "buy", "timestamp": 1766189381211}, {"id": "709252163", "price": 1.9013, "amount": 124.1, "side": "buy", "timestamp": 1766189381427}, {"id": "709252164", "price": 1.9013, "amount": 10.9, "side": "buy", "timestamp": 1766189382601}, {"id": "709252165", "price": 1.9013, "amount": 124.1, "side": "buy", "timestamp": 1766189382755}, {"id": "709252166", "price": 1.9012, "amount": 31.1, "side": "sell", "timestamp": 1766189383365}, {"id": "709252167", "price": 1.9013, "amount": 52.6, "side": "buy", "timestamp": 1766189383576}, {"id": "709252168", "price": 1.9013, "amount": 124.1, "side": "buy", "timestamp": 1766189384083}, {"id": "709252298", "price": 1.9011, "amount": 1653.3, "side": "sell", "timestamp": 1766189422287}, {"id": "709252299", "price": 1.9012, "amount": 3.5, "side": "buy", "timestamp": 1766189422509}, {"id": "709252300", "price": 1.9012, "amount": 124.1, "side": "buy", "timestamp": 1766189422665}, {"id": "709252301", "price": 1.9011, "amount": 1075.2, "side": "sell", "timestamp": 1766189422713}, {"id": "709252302", "price": 1.9012, "amount": 5355.1, "side": "buy", "timestamp": 1766189422731}, {"id": "709252303", "price": 1.9011, "amount": 384.6, "side": "sell", "timestamp": 1766189422889}, {"id": "709252304", "price": 1.9012, "amount": 204.6, "side": "buy", "timestamp": 1766189422942}, {"id": "709252305", "price": 1.9011, "amount": 5.6, "side": "sell", "timestamp": 1766189423181}, {"id": "709252306", "price": 1.9012, "amount": 97.4, "side": "buy", "timestamp": 1766189423282}, {"id": "709252307", "price": 1.9012, "amount": 124.1, "side": "buy", "timestamp": 1766189423997}, {"id": "709252308", "price": 1.9012, "amount": 15.9, "side": "buy", "timestamp": 1766189424941}, {"id": "709252309", "price": 1.9012, "amount": 4875.3, "side": "buy", "timestamp": 1766189425165}, {"id": "709252310", "price": 1.9013, "amount": 2215.2, "side": "buy", "timestamp": 1766189425233}, {"id": "709252311", "price": 1.9014, "amount": 2209.7, "side": "buy", "timestamp": 1766189425233}, {"id": "709252312", "price": 1.9015, "amount": 3397.0, "side": "buy", "timestamp": 1766189425323}, {"id": "709252313", "price": 1.9016, "amount": 454.6, "side": "buy", "timestamp": 1766189425329}, {"id": "709252314", "price": 1.9017, "amount": 420.0, "side": "buy", "timestamp": 1766189425352}, {"id": "709252315", "price": 1.9017, "amount": 52.6, "side": "buy", "timestamp": 1766189426039}, {"id": "709252316", "price": 1.9017, "amount": 124.1, "side": "buy", "timestamp": 1766189426654}, {"id": "709252317", "price": 1.9017, "amount": 73.9, "side": "buy", "timestamp": 1766189426872}, {"id": "709252318", "price": 1.9016, "amount": 495.3, "side": "sell", "timestamp": 1766189427059}, {"id": "709252319", "price": 1.9017, "amount": 137.8, "side": "buy", "timestamp": 1766189427930}, {"id": "709252320", "price": 1.9016, "amount": 25.6, "side": "sell", "timestamp": 1766189428528}, {"id": "709252321", "price": 1.9017, "amount": 52.6, "side": "buy", "timestamp": 1766189428671}, {"id": "709252322", "price": 1.9017, "amount": 124.1, "side": "buy", "timestamp": 1766189429317}, {"id": "709252323", "price": 1.9016, "amount": 117.1, "side": "sell", "timestamp": 1766189429455}, {"id": "709252324", "price": 1.9017, "amount": 9.0, "side": "buy", "timestamp": 1766189429749}, {"id": "709252325", "price": 1.9017, "amount": 6.3, "side": "buy", "timestamp": 1766189429935}, {"id": "709252326", "price": 1.9017, "amount": 124.1, "side": "buy", "timestamp": 1766189430652}, {"id": "709252327", "price": 1.9017, "amount": 3.3, "side": "buy", "timestamp": 1766189431260}, {"id": "709252328", "price": 1.9016, "amount": 109.3, "side": "sell", "timestamp": 1766189431262}, {"id": "709252329", "price": 1.9017, "amount": 52.6, "side": "buy", "timestamp": 1766189431330}, {"id": "709252330", "price": 1.9017, "amount": 124.1, "side": "buy", "timestamp": 1766189431981}, {"id": "709252331", "price": 1.9016, "amount": 53.8, "side": "sell", "timestamp": 1766189432344}, {"id": "709252332", "price": 1.9017, "amount": 714.5, "side": "buy", "timestamp": 1766189433022}, {"id": "709252333", "price": 1.9017, "amount": 124.1, "side": "buy", "timestamp": 1766189433308}, {"id": "709252334", "price": 1.9017, "amount": 79.9, "side": "buy", "timestamp": 1766189433890}, {"id": "709252335", "price": 1.9016, "amount": 5.4, "side": "sell", "timestamp": 1766189434201}, {"id": "709252336", "price": 1.9017, "amount": 124.1, "side": "buy", "timestamp": 1766189434637}, {"id": "709252337", "price": 1.9017, "amount": 15.1, "side": "buy", "timestamp": 1766189434866}, {"id": "709252338", "price": 1.9017, "amount": 44.8, "side": "buy", "timestamp": 1766189435285}, {"id": "709252339", "price": 1.9017, "amount": 124.1, "side": "buy", "timestamp": 1766189435973}, {"id": "709252340", "price": 1.9016, "amount": 90.0, "side": "sell", "timestamp": 1766189436076}, {"id": "709252341", "price": 1.9016, "amount": 2688.1, "side": "sell", "timestamp": 1766189436199}, {"id": "709252342", "price": 1.9016, "amount": 166.5, "side": "sell", "timestamp": 1766189436381}, {"id": "709252343", "price": 1.9017, "amount": 798.2, "side": "buy", "timestamp": 1766189436434}, {"id": "709252344", "price": 1.9016, "amount": 9.5, "side": "sell", "timestamp": 1766189436451}, {"id": "709252345", "price": 1.9017, "amount": 52.6, "side": "buy", "timestamp": 1766189436654}, {"id": "709252346", "price": 1.9017, "amount": 5382.5, "side": "buy", "timestamp": 1766189437367}, {"id": "709252347", "price": 1.9017, "amount": 13.0, "side": "buy", "timestamp": 1766189437558}, {"id": "709252467", "price": 1.9018, "amount": 124.1, "side": "buy", "timestamp": 1766189478545}, {"id": "709252468", "price": 1.9018, "amount": 52.6, "side": "buy", "timestamp": 1766189479232}, {"id": "709252469", "price": 1.9018, "amount": 124.1, "side": "buy", "timestamp": 1766189480001}, {"id": "709252470", "price": 1.9018, "amount": 0.6, "side": "buy", "timestamp": 1766189480146}, {"id": "709252471", "price": 1.9017, "amount": 7101.1, "side": "sell", "timestamp": 1766189481061}, {"id": "709252472", "price": 1.9016, "amount": 3793.1, "side": "sell", "timestamp": 1766189481061}, {"id": "709252473", "price": 1.9015, "amount": 16565.3, "side": "sell", "timestamp": 1766189481061}, {"id": "709252474", "price": 1.9014, "amount": 22810.4, "side": "sell", "timestamp": 1766189481061}, {"id": "709252475", "price": 1.9013, "amount": 2309.1, "side": "sell", "timestamp": 1766189481061}, {"id": "709252476", "price": 1.9014, "amount": 9018.6, "side": "buy", "timestamp": 1766189481066}, {"id": "709252477", "price": 1.9015, "amount": 230.2, "side": "buy", "timestamp": 1766189481078}, {"id": "709252478", "price": 1.9016, "amount": 24.3, "side": "buy", "timestamp": 1766189481083}, {"id": "709252479", "price": 1.9017, "amount": 31.4, "side": "buy", "timestamp": 1766189481102}, {"id": "709252480", "price": 1.9016, "amount": 18.8, "side": "sell", "timestamp": 1766189481178}, {"id": "709252481", "price": 1.9017, "amount": 166.2, "side": "buy", "timestamp": 1766189481219}, {"id": "709252482", "price": 1.9017, "amount": 84.1, "side": "buy", "timestamp": 1766189481323}, {"id": "709252483", "price": 1.9016, "amount": 4.2, "side": "sell", "timestamp": 1766189481864}, {"id": "709252484", "price": 1.9017, "amount": 52.6, "side": "buy", "timestamp": 1766189481895}, {"id": "709252485", "price": 1.9016, "amount": 43.7, "side": "sell", "timestamp": 1766189481916}, {"id": "709252486", "price": 1.9016, "amount": 609.2, "side": "sell", "timestamp": 1766189482190}, {"id": "709252487", "price": 1.9016, "amount": 9819.8, "side": "buy", "timestamp": 1766189482391}, {"id": "709252488", "price": 1.9017, "amount": 11148.1, "side": "buy", "timestamp": 1766189482391}, {"id": "709252489", "price": 1.9018, "amount": 8545.7, "side": "buy", "timestamp": 1766189482391}, {"id": "709252490", "price": 1.9019, "amount": 544.1, "side": "buy", "timestamp": 1766189482455}, {"id": "709252491", "price": 1.9019, "amount": 7195.7, "side": "buy", "timestamp": 1766189482839}, {"id": "709252492", "price": 1.902, "amount": 86.3, "side": "buy", "timestamp": 1766189483003}, {"id": "709252493", "price": 1.902, "amount": 45.6, "side": "buy", "timestamp": 1766189483297}, {"id": "709252494", "price": 1.9019, "amount": 6.2, "side": "sell", "timestamp": 1766189483661}, {"id": "709252495", "price": 1.902, "amount": 124.1, "side": "buy", "timestamp": 1766189483861}, {"id": "709252496", "price": 1.902, "amount": 13.3, "side": "buy", "timestamp": 1766189484260}, {"id": "709252497", "price": 1.902, "amount": 52.6, "side": "buy", "timestamp": 1766189484557}, {"id": "709252498", "price": 1.902, "amount": 2624.7, "side": "buy", "timestamp": 1766189485045}, {"id": "709252499", "price": 1.902, "amount": 124.1, "side": "buy", "timestamp": 1766189485197}, {"id": "709252500", "price": 1.902, "amount": 60.7, "side": "buy", "timestamp": 1766189485798}, {"id": "709252501", "price": 1.9019, "amount": 511.0, "side": "sell", "timestamp": 1766189486184}, {"id": "709252502", "price": 1.902, "amount": 78.7, "side": "buy", "timestamp": 1766189486350}, {"id": "709252503", "price": 1.902, "amount": 124.1, "side": "buy", "timestamp": 1766189486527}, {"id": "709252504", "price": 1.9019, "amount": 4.7, "side": "sell", "timestamp": 1766189487039}, {"id": "709252505", "price": 1.9019, "amount": 4.9, "side": "sell", "timestamp": 1766189487195}, {"id": "709252506", "price": 1.902, "amount": 52.6, "side": "buy", "timestamp": 1766189487216}, {"id": "709252507", "price": 1.902, "amount": 131.4, "side": "buy", "timestamp": 1766189487852}, {"id": "709252508", "price": 1.9019, "amount": 3.0, "side": "sell", "timestamp": 1766189488266}, {"id": "709252509", "price": 1.902, "amount": 0.5, "side": "buy", "timestamp": 1766189488340}, {"id": "709252510", "price": 1.902, "amount": 296.1, "side": "buy", "timestamp": 1766189488861}, {"id": "709252511", "price": 1.902, "amount": 124.1, "side": "buy", "timestamp": 1766189489184}, {"id": "709252512", "price": 1.9019, "amount": 13.2, "side": "sell", "timestamp": 1766189489227}, {"id": "709252513", "price": 1.902, "amount": 250.9, "side": "buy", "timestamp": 1766189489332}, {"id": "709252514", "price": 1.902, "amount": 42.1, "side": "buy", "timestamp": 1766189489619}, {"id": "709252515", "price": 1.902, "amount": 52.6, "side": "buy", "timestamp": 1766189489877}, {"id": "709252516", "price": 1.902, "amount": 124.1, "side": "buy", "timestamp": 1766189490520}, {"id": "709252669", "price": 1.9039, "amount": 20.6, "side": "buy", "timestamp": 1766189531724}, {"id": "709252670", "price": 1.9038, "amount": 943.9, "side": "sell", "timestamp": 1766189531732}, {"id": "709252671", "price": 1.9038, "amount": 176.7, "side": "buy", "timestamp": 1766189532374}, {"id": "709252672", "price": 1.9037, "amount": 8458.8, "side": "sell", "timestamp": 1766189532568}, {"id": "709252673", "price": 1.9036, "amount": 1541.2, "side": "sell", "timestamp": 1766189532568}, {"id": "709252674", "price": 1.9037, "amount": 5.7, "side": "buy", "timestamp": 1766189532957}, {"id": "709252675", "price": 1.9037, "amount": 6038.0, "side": "buy", "timestamp": 1766189533470}, {"id": "709252676", "price": 1.9038, "amount": 527.8, "side": "buy", "timestamp": 1766189533477}, {"id": "709252677", "price": 1.9039, "amount": 112.3, "side": "buy", "timestamp": 1766189533479}, {"id": "709252678", "price": 1.904, "amount": 420.0, "side": "buy", "timestamp": 1766189533499}, {"id": "709252679", "price": 1.904, "amount": 143.6, "side": "buy", "timestamp": 1766189533612}, {"id": "709252680", "price": 1.904, "amount": 4542.2, "side": "buy", "timestamp": 1766189533784}, {"id": "709252681", "price": 1.904, "amount": 5.7, "side": "buy", "timestamp": 1766189534165}, {"id": "709252682", "price": 1.9039, "amount": 5.2, "side": "sell", "timestamp": 1766189534458}, {"id": "709252683", "price": 1.904, "amount": 141.5, "side": "buy", "timestamp": 1766189534854}, {"id": "709252684", "price": 1.904, "amount": 52.6, "side": "buy", "timestamp": 1766189535120}, {"id": "709252685", "price": 1.9039, "amount": 2.8, "side": "sell", "timestamp": 1766189535311}, {"id": "709252686", "price": 1.904, "amount": 5.5, "side": "buy", "timestamp": 1766189535346}, {"id": "709252687", "price": 1.904, "amount": 145.1, "side": "buy", "timestamp": 1766189535596}, {"id": "709252688", "price": 1.9039, "amount": 5.2, "side": "sell", "timestamp": 1766189535624}, {"id": "709252689", "price": 1.904, "amount": 124.1, "side": "buy", "timestamp": 1766189536095}, {"id": "709252690", "price": 1.904, "amount": 5.5, "side": "buy", "timestamp": 1766189536442}, {"id": "709252691", "price": 1.9039, "amount": 85.2, "side": "sell", "timestamp": 1766189536999}, {"id": "709252692", "price": 1.904, "amount": 6.9, "side": "buy", "timestamp": 1766189537034}, {"id": "709252693", "price": 1.904, "amount": 124.1, "side": "buy", "timestamp": 1766189537337}, {"id": "709252694", "price": 1.9039, "amount": 10.0, "side": "sell", "timestamp": 1766189537551}, {"id": "709252695", "price": 1.904, "amount": 5.5, "side": "buy", "timestamp": 1766189537564}, {"id": "709252696", "price": 1.904, "amount": 52.6, "side": "buy", "timestamp": 1766189537783}, {"id": "709252697", "price": 1.904, "amount": 129.9, "side": "buy", "timestamp": 1766189538505}, {"id": "709252698", "price": 1.904, "amount": 5.4, "side": "buy", "timestamp": 1766189538686}, {"id": "709252699", "price": 1.904, "amount": 129.2, "side": "buy", "timestamp": 1766189539816}, {"id": "709252700", "price": 1.904, "amount": 55.4, "side": "buy", "timestamp": 1766189540349}, {"id": "709252701", "price": 1.904, "amount": 4.9, "side": "buy", "timestamp": 1766189540962}, {"id": "709252702", "price": 1.904, "amount": 127.1, "side": "buy", "timestamp": 1766189541070}, {"id": "709252703", "price": 1.904, "amount": 5.3, "side": "buy", "timestamp": 1766189541243}, {"id": "709252704", "price": 1.904, "amount": 44.8, "side": "buy", "timestamp": 1766189541956}, {"id": "709252705", "price": 1.904, "amount": 2631.4, "side": "buy", "timestamp": 1766189542086}, {"id": "709252706", "price": 1.904, "amount": 124.1, "side": "buy", "timestamp": 1766189542402}, {"id": "709252707", "price": 1.904, "amount": 57.6, "side": "buy", "timestamp": 1766189543023}, {"id": "709252708", "price": 1.904, "amount": 4.6, "side": "buy", "timestamp": 1766189543219}, {"id": "709252709", "price": 1.9039, "amount": 464.8, "side": "sell", "timestamp": 1766189543235}, {"id": "709252710", "price": 1.9039, "amount": 92.6, "side": "sell", "timestamp": 1766189543605}, {"id": "709252711", "price": 1.9039, "amount": 81.7, "side": "sell", "timestamp": 1766189543848}, {"id": "709252712", "price": 1.904, "amount": 124.1, "side": "buy", "timestamp": 1766189543858}, {"id": "709252713", "price": 1.9039, "amount": 38.7, "side": "sell", "timestamp": 1766189543934}, {"id": "709252714", "price": 1.904, "amount": 102.9, "side": "buy", "timestamp": 1766189544837}, {"id": "709252715", "price": 1.904, "amount": 124.1, "side": "buy", "timestamp": 1766189545101}, {"id": "709252716", "price": 1.904, "amount": 8.4, "side": "buy", "timestamp": 1766189545497}, {"id": "709252717", "price": 1.904, "amount": 52.6, "side": "buy", "timestamp": 1766189545770}, {"id": "709252718", "price": 1.9039, "amount": 2.8, "side": "sell", "timestamp": 1766189545844}, {"id": "709252863", "price": 1.9066, "amount": 4074.3, "side": "buy", "timestamp": 1766189587690}, {"id": "709252864", "price": 1.9067, "amount": 153.7, "side": "buy", "timestamp": 1766189587828}, {"id": "709252865", "price": 1.9067, "amount": 67.9, "side": "buy", "timestamp": 1766189588157}, {"id": "709252866", "price": 1.9067, "amount": 52.6, "side": "buy", "timestamp": 1766189588540}, {"id": "709252867", "price": 1.9066, "amount": 944.9, "side": "sell", "timestamp": 1766189588895}, {"id": "709252868", "price": 1.9067, "amount": 124.1, "side": "buy", "timestamp": 1766189589123}, {"id": "709252869", "price": 1.9067, "amount": 13.1, "side": "buy", "timestamp": 1766189589660}, {"id": "709252870", "price": 1.9067, "amount": 36.5, "side": "buy", "timestamp": 1766189589874}, {"id": "709252871", "price": 1.9067, "amount": 34.9, "side": "buy", "timestamp": 1766189590029}, {"id": "709252872", "price": 1.9067, "amount": 37.9, "side": "buy", "timestamp": 1766189590195}, {"id": "709252873", "price": 1.9067, "amount": 1435.7, "side": "buy", "timestamp": 1766189590302}, {"id": "709252874", "price": 1.9066, "amount": 9052.6, "side": "sell", "timestamp": 1766189590920}, {"id": "709252875", "price": 1.9067, "amount": 97.4, "side": "buy", "timestamp": 1766189591003}, {"id": "709252876", "price": 1.9066, "amount": 8.3, "side": "sell", "timestamp": 1766189591437}, {"id": "709252877", "price": 1.9067, "amount": 136.2, "side": "buy", "timestamp": 1766189591559}, {"id": "709252878", "price": 1.9066, "amount": 4221.3, "side": "sell", "timestamp": 1766189591672}, {"id": "709252879", "price": 1.9067, "amount": 100.0, "side": "buy", "timestamp": 1766189591874}, {"id": "709252880", "price": 1.9067, "amount": 345.7, "side": "buy", "timestamp": 1766189592945}, {"id": "709252881", "price": 1.9067, "amount": 5403.0, "side": "buy", "timestamp": 1766189593200}, {"id": "709252882", "price": 1.9068, "amount": 1485.8, "side": "buy", "timestamp": 1766189593202}, {"id": "709252883", "price": 1.9069, "amount": 4777.9, "side": "buy", "timestamp": 1766189593400}, {"id": "709252884", "price": 1.907, "amount": 5570.2, "side": "buy", "timestamp": 1766189593402}, {"id": "709252885", "price": 1.9071, "amount": 419.0, "side": "buy", "timestamp": 1766189593429}, {"id": "709252886", "price": 1.9071, "amount": 52.6, "side": "buy", "timestamp": 1766189593669}, {"id": "709252887", "price": 1.907, "amount": 3.0, "side": "sell", "timestamp": 1766189593861}, {"id": "709252888", "price": 1.9071, "amount": 3216.9, "side": "buy", "timestamp": 1766189594021}, {"id": "709252889", "price": 1.9072, "amount": 128.3, "side": "buy", "timestamp": 1766189594211}, {"id": "709252890", "price": 1.9072, "amount": 24.9, "side": "buy", "timestamp": 1766189594318}, {"id": "709252891", "price": 1.9072, "amount": 36.8, "side": "buy", "timestamp": 1766189594640}, {"id": "709252892", "price": 1.9072, "amount": 6.9, "side": "buy", "timestamp": 1766189594790}, {"id": "709252893", "price": 1.9072, "amount": 8.5, "side": "buy", "timestamp": 1766189594921}, {"id": "709252894", "price": 1.9071, "amount": 3.9, "side": "sell", "timestamp": 1766189595182}, {"id": "709252895", "price": 1.9072, "amount": 97.9, "side": "buy", "timestamp": 1766189595328}, {"id": "709252896", "price": 1.9072, "amount": 71.0, "side": "buy", "timestamp": 1766189595429}, {"id": "709252897", "price": 1.9072, "amount": 124.1, "side": "buy", "timestamp": 1766189595613}, {"id": "709252898", "price": 1.9072, "amount": 59.4, "side": "buy", "timestamp": 1766189595925}, {"id": "709252899", "price": 1.9071, "amount": 10.0, "side": "sell", "timestamp": 1766189596098}, {"id": "709252900", "price": 1.9072, "amount": 52.6, "side": "buy", "timestamp": 1766189596330}, {"id": "709252901", "price": 1.9072, "amount": 365.0, "side": "buy", "timestamp": 1766189596846}, {"id": "709252902", "price": 1.9072, "amount": 41.9, "side": "buy", "timestamp": 1766189598019}, {"id": "709252903", "price": 1.9072, "amount": 46.7, "side": "buy", "timestamp": 1766189598121}, {"id": "709252904", "price": 1.9072, "amount": 124.1, "side": "buy", "timestamp": 1766189598274}, {"id": "709252905", "price": 1.9072, "amount": 384.6, "side": "buy", "timestamp": 1766189598440}, {"id": "709252906", "price": 1.9072, "amount": 41.9, "side": "buy", "timestamp": 1766189598719}, {"id": "709252907", "price": 1.9072, "amount": 52.6, "side": "buy", "timestamp": 1766189598991}, {"id": "709252908", "price": 1.9072, "amount": 3454.6, "side": "buy", "timestamp": 1766189599231}, {"id": "709252909", "price": 1.9073, "amount": 1254.7, "side": "buy", "timestamp": 1766189599316}, {"id": "709252910", "price": 1.9074, "amount": 2213.0, "side": "buy", "timestamp": 1766189599328}, {"id": "709252911", "price": 1.9075, "amount": 2316.6, "side": "buy", "timestamp": 1766189599328}, {"id": "709252912", "price": 1.9076, "amount": 2965.5, "side": "buy", "timestamp": 1766189599331}, {"id": "709253096", "price": 1.9076, "amount": 419.0, "side": "buy", "timestamp": 1766189639342}, {"id": "709253097", "price": 1.9076, "amount": 17.5, "side": "buy", "timestamp": 1766189639451}, {"id": "709253098", "price": 1.9075, "amount": 4.7, "side": "sell", "timestamp": 1766189639485}, {"id": "709253099", "price": 1.9076, "amount": 620.9, "side": "buy", "timestamp": 1766189639517}, {"id": "709253100", "price": 1.9076, "amount": 24.7, "side": "buy", "timestamp": 1766189639793}, {"id": "709253101", "price": 1.9076, "amount": 131.5, "side": "buy", "timestamp": 1766189640009}, {"id": "709253102", "price": 1.9076, "amount": 52.6, "side": "buy", "timestamp": 1766189640240}, {"id": "709253103", "price": 1.9076, "amount": 22.7, "side": "buy", "timestamp": 1766189640358}, {"id": "709253104", "price": 1.9075, "amount": 371.5, "side": "sell", "timestamp": 1766189640520}, {"id": "709253105", "price": 1.9076, "amount": 9.2, "side": "buy", "timestamp": 1766189640698}, {"id": "709253106", "price": 1.9076, "amount": 124.1, "side": "buy", "timestamp": 1766189640847}, {"id": "709253107", "price": 1.9075, "amount": 6217.3, "side": "sell", "timestamp": 1766189640941}, {"id": "709253108", "price": 1.9075, "amount": 70.9, "side": "buy", "timestamp": 1766189640990}, {"id": "709253109", "price": 1.9075, "amount": 52.6, "side": "buy", "timestamp": 1766189641572}, {"id": "709253110", "price": 1.9074, "amount": 11767.5, "side": "sell", "timestamp": 1766189641574}, {"id": "709253111", "price": 1.9074, "amount": 982.4, "side": "buy", "timestamp": 1766189641697}, {"id": "709253112", "price": 1.9074, "amount": 31.4, "side": "buy", "timestamp": 1766189641995}, {"id": "709253113", "price": 1.9074, "amount": 124.1, "side": "buy", "timestamp": 1766189642184}, {"id": "709253114", "price": 1.9074, "amount": 10314.0, "side": "buy", "timestamp": 1766189642663}, {"id": "709253115", "price": 1.9074, "amount": 52.6, "side": "buy", "timestamp": 1766189642908}, {"id": "709253116", "price": 1.9074, "amount": 51.8, "side": "buy", "timestamp": 1766189643146}, {"id": "709253117", "price": 1.9073, "amount": 30.0, "side": "sell", "timestamp": 1766189643200}, {"id": "709253118", "price": 1.9074, "amount": 131.4, "side": "buy", "timestamp": 1766189643448}, {"id": "709253119", "price": 1.9074, "amount": 131.6, "side": "buy", "timestamp": 1766189644165}, {"id": "709253120", "price": 1.9074, "amount": 582.3, "side": "buy", "timestamp": 1766189644474}, {"id": "709253121", "price": 1.9074, "amount": 124.1, "side": "buy", "timestamp": 1766189644841}, {"id": "709253122", "price": 1.9074, "amount": 70.3, "side": "buy", "timestamp": 1766189645186}, {"id": "709253123", "price": 1.9074, "amount": 52.6, "side": "buy", "timestamp": 1766189645565}, {"id": "709253124", "price": 1.9074, "amount": 124.1, "side": "buy", "timestamp": 1766189646174}, {"id": "709253125", "price": 1.9074, "amount": 57.8, "side": "buy", "timestamp": 1766189646334}, {"id": "709253126", "price": 1.9073, "amount": 152.8, "side": "sell", "timestamp": 1766189646681}, {"id": "709253127", "price": 1.9074, "amount": 52.6, "side": "buy", "timestamp": 1766189646897}, {"id": "709253128", "price": 1.9074, "amount": 189.2, "side": "buy", "timestamp": 1766189647451}, {"id": "709253129", "price": 1.9074, "amount": 52.6, "side": "buy", "timestamp": 1766189648226}, {"id": "709253130", "price": 1.9073, "amount": 3403.9, "side": "sell", "timestamp": 1766189648230}, {"id": "709253131", "price": 1.9073, "amount": 521.7, "side": "sell", "timestamp": 1766189648501}, {"id": "709253132", "price": 1.9074, "amount": 34.3, "side": "buy", "timestamp": 1766189648556}, {"id": "709253133", "price": 1.9074, "amount": 124.1, "side": "buy", "timestamp": 1766189648833}, {"id": "709253134", "price": 1.9074, "amount": 52.6, "side": "buy", "timestamp": 1766189649557}, {"id": "709253135", "price": 1.9074, "amount": 87.0, "side": "buy", "timestamp": 1766189649721}, {"id": "709253136", "price": 1.9074, "amount": 6.4, "side": "buy", "timestamp": 1766189649832}, {"id": "709253137", "price": 1.9074, "amount": 124.1, "side": "buy", "timestamp": 1766189650307}, {"id": "709253138", "price": 1.9073, "amount": 55.1, "side": "sell", "timestamp": 1766189650318}, {"id": "709253139", "price": 1.9074, "amount": 120.8, "side": "buy", "timestamp": 1766189650801}, {"id": "709253140", "price": 1.9074, "amount": 44.8, "side": "buy", "timestamp": 1766189651013}, {"id": "709253141", "price": 1.9074, "amount": 124.1, "side": "buy", "timestamp": 1766189651552}, {"id": "709253142", "price": 1.9073, "amount": 10778.5, "side": "sell", "timestamp": 1766189651729}, {"id": "709253143", "price": 1.9073, "amount": 8452.6, "side": "buy", "timestamp": 1766189651795}, {"id": "709253144", "price": 1.9073, "amount": 40.8, "side": "buy", "timestamp": 1766189652022}, {"id": "709253145", "price": 1.9073, "amount": 52.6, "side": "buy", "timestamp": 1766189652221}, {"id": "709253350", "price": 1.9076, "amount": 6680.9, "side": "buy", "timestamp": 1766189705434}, {"id": "709253351", "price": 1.9076, "amount": 485.6, "side": "sell", "timestamp": 1766189705438}, {"id": "709253352", "price": 1.9076, "amount": 143.7, "side": "sell", "timestamp": 1766189705547}, {"id": "709253353", "price": 1.9077, "amount": 52.6, "side": "buy", "timestamp": 1766189705595}, {"id": "709253354", "price": 1.9076, "amount": 103.3, "side": "sell", "timestamp": 1766189705601}, {"id": "709253355", "price": 1.9077, "amount": 10.3, "side": "buy", "timestamp": 1766189705781}, {"id": "709253356", "price": 1.9077, "amount": 19850.4, "side": "buy", "timestamp": 1766189705887}, {"id": "709253357", "price": 1.9078, "amount": 1596.6, "side": "buy", "timestamp": 1766189705944}, {"id": "709253358", "price": 1.9078, "amount": 2474.3, "side": "buy", "timestamp": 1766189706183}, {"id": "709253359", "price": 1.9079, "amount": 2239.1, "side": "buy", "timestamp": 1766189706186}, {"id": "709253360", "price": 1.9079, "amount": 419.9, "side": "sell", "timestamp": 1766189706187}, {"id": "709253361", "price": 1.908, "amount": 9218.8, "side": "buy", "timestamp": 1766189706191}, {"id": "709253362", "price": 1.9081, "amount": 5674.8, "side": "buy", "timestamp": 1766189706198}, {"id": "709253363", "price": 1.9081, "amount": 52.4, "side": "sell", "timestamp": 1766189706202}, {"id": "709253364", "price": 1.9082, "amount": 124.1, "side": "buy", "timestamp": 1766189706293}, {"id": "709253365", "price": 1.9082, "amount": 52.6, "side": "buy", "timestamp": 1766189706834}, {"id": "709253366", "price": 1.9081, "amount": 419.1, "side": "sell", "timestamp": 1766189706903}, {"id": "709253367", "price": 1.9081, "amount": 1102.9, "side": "sell", "timestamp": 1766189707042}, {"id": "709253368", "price": 1.9082, "amount": 124.1, "side": "buy", "timestamp": 1766189707534}, {"id": "709253369", "price": 1.9081, "amount": 944.0, "side": "sell", "timestamp": 1766189707538}, {"id": "709253370", "price": 1.9081, "amount": 6.8, "side": "sell", "timestamp": 1766189707761}, {"id": "709253371", "price": 1.9082, "amount": 52.6, "side": "buy", "timestamp": 1766189708070}, {"id": "709253372", "price": 1.9082, "amount": 547.6, "side": "buy", "timestamp": 1766189708374}, {"id": "709253373", "price": 1.9082, "amount": 56.9, "side": "buy", "timestamp": 1766189708500}, {"id": "709253374", "price": 1.9082, "amount": 124.1, "side": "buy", "timestamp": 1766189708781}, {"id": "709253375", "price": 1.9082, "amount": 52.6, "side": "buy", "timestamp": 1766189709311}, {"id": "709253376", "price": 1.9082, "amount": 14.5, "side": "buy", "timestamp": 1766189709784}, {"id": "709253377", "price": 1.9082, "amount": 26.8, "side": "buy", "timestamp": 1766189709915}, {"id": "709253378", "price": 1.9082, "amount": 153.2, "side": "buy", "timestamp": 1766189710018}, {"id": "709253379", "price": 1.9082, "amount": 52.6, "side": "buy", "timestamp": 1766189710554}, {"id": "709253380", "price": 1.9082, "amount": 812.9, "side": "buy", "timestamp": 1766189711023}, {"id": "709253381", "price": 1.9082, "amount": 143.0, "side": "buy", "timestamp": 1766189711256}, {"id": "709253382", "price": 1.9081, "amount": 10.0, "side": "sell", "timestamp": 1766189711490}, {"id": "709253383", "price": 1.9082, "amount": 52.6, "side": "buy", "timestamp": 1766189711794}, {"id": "709253384", "price": 1.9081, "amount": 7605.8, "side": "sell", "timestamp": 1766189712235}, {"id": "709253385", "price": 1.9082, "amount": 124.1, "side": "buy", "timestamp": 1766189712495}, {"id": "709253386", "price": 1.9082, "amount": 642.4, "side": "buy", "timestamp": 1766189712962}, {"id": "709253387", "price": 1.9081, "amount": 621.0, "side": "sell", "timestamp": 1766189713075}, {"id": "709253388", "price": 1.9081, "amount": 7532.5, "side": "sell", "timestamp": 1766189713286}, {"id": "709253389", "price": 1.9081, "amount": 42770.9, "side": "buy", "timestamp": 1766189713377}, {"id": "709253390", "price": 1.9082, "amount": 22825.3, "side": "buy", "timestamp": 1766189713388}, {"id": "709253391", "price": 1.9083, "amount": 11348.8, "side": "buy", "timestamp": 1766189713389}, {"id": "709253392", "price": 1.9084, "amount": 408.4, "side": "buy", "timestamp": 1766189713711}, {"id": "709253393", "price": 1.9085, "amount": 124.1, "side": "buy", "timestamp": 1766189713738}, {"id": "709253394", "price": 1.9085, "amount": 22.3, "side": "buy", "timestamp": 1766189713986}, {"id": "709253395", "price": 1.9085, "amount": 124.6, "side": "buy", "timestamp": 1766189714208}, {"id": "709253396", "price": 1.9085, "amount": 593.5, "side": "buy", "timestamp": 1766189714355}, {"id": "709253397", "price": 1.9084, "amount": 15.1, "side": "sell", "timestamp": 1766189714983}, {"id": "709253398", "price": 1.9085, "amount": 124.1, "side": "buy", "timestamp": 1766189715094}, {"id": "709253399", "price": 1.9084, "amount": 820.6, "side": "sell", "timestamp": 1766189715098}, {"id": "709253569", "price": 1.9065, "amount": 52.6, "side": "buy", "timestamp": 1766189754682}, {"id": "709253570", "price": 1.9065, "amount": 6657.7, "side": "buy", "timestamp": 1766189754840}, {"id": "709253571", "price": 1.9066, "amount": 39.7, "side": "buy", "timestamp": 1766189755039}, {"id": "709253572", "price": 1.9066, "amount": 4.0, "side": "buy", "timestamp": 1766189755250}, {"id": "709253573", "price": 1.9065, "amount": 2647.8, "side": "sell", "timestamp": 1766189755254}, {"id": "709253574", "price": 1.9066, "amount": 124.1, "side": "buy", "timestamp": 1766189755264}, {"id": "709253575", "price": 1.9066, "amount": 74.7, "side": "buy", "timestamp": 1766189756001}, {"id": "709253576", "price": 1.9066, "amount": 124.1, "side": "buy", "timestamp": 1766189756715}, {"id": "709253577", "price": 1.9066, "amount": 4.4, "side": "buy", "timestamp": 1766189757032}, {"id": "709253578", "price": 1.9065, "amount": 4.8, "side": "sell", "timestamp": 1766189757139}, {"id": "709253579", "price": 1.9066, "amount": 52.6, "side": "buy", "timestamp": 1766189757343}, {"id": "709253580", "price": 1.9065, "amount": 3.0, "side": "sell", "timestamp": 1766189757749}, {"id": "709253581", "price": 1.9066, "amount": 124.1, "side": "buy", "timestamp": 1766189757959}, {"id": "709253582", "price": 1.9065, "amount": 1131.5, "side": "sell", "timestamp": 1766189758116}, {"id": "709253583", "price": 1.9066, "amount": 40.5, "side": "buy", "timestamp": 1766189758360}, {"id": "709253584", "price": 1.9066, "amount": 52.6, "side": "buy", "timestamp": 1766189758672}, {"id": "709253585", "price": 1.9066, "amount": 44.8, "side": "buy", "timestamp": 1766189759036}, {"id": "709253586", "price": 1.9066, "amount": 124.1, "side": "buy", "timestamp": 1766189759254}, {"id": "709253587", "price": 1.9065, "amount": 345.0, "side": "sell", "timestamp": 1766189759303}, {"id": "709253588", "price": 1.9064, "amount": 4.0, "side": "sell", "timestamp": 1766189759669}, {"id": "709253589", "price": 1.9065, "amount": 4.8, "side": "buy", "timestamp": 1766189759817}, {"id": "709253590", "price": 1.9065, "amount": 52.6, "side": "buy", "timestamp": 1766189760007}, {"id": "709253591", "price": 1.9064, "amount": 10.9, "side": "sell", "timestamp": 1766189760086}, {"id": "709253592", "price": 1.9065, "amount": 632.2, "side": "buy", "timestamp": 1766189760532}, {"id": "709253593", "price": 1.9064, "amount": 513.9, "side": "sell", "timestamp": 1766189760541}, {"id": "709253594", "price": 1.9065, "amount": 124.1, "side": "buy", "timestamp": 1766189760588}, {"id": "709253595", "price": 1.9065, "amount": 52.6, "side": "buy", "timestamp": 1766189761337}, {"id": "709253596", "price": 1.9064, "amount": 6167.7, "side": "sell", "timestamp": 1766189761646}, {"id": "709253597", "price": 1.9063, "amount": 1452.4, "side": "sell", "timestamp": 1766189761651}, {"id": "709253598", "price": 1.9062, "amount": 1111.1, "side": "sell", "timestamp": 1766189761654}, {"id": "709253599", "price": 1.9061, "amount": 67.6, "side": "sell", "timestamp": 1766189761681}, {"id": "709253600", "price": 1.9061, "amount": 3242.0, "side": "buy", "timestamp": 1766189761902}, {"id": "709253601", "price": 1.906, "amount": 6.6, "side": "sell", "timestamp": 1766189762289}, {"id": "709253602", "price": 1.9061, "amount": 52.6, "side": "buy", "timestamp": 1766189762669}, {"id": "709253603", "price": 1.9061, "amount": 128.8, "side": "buy", "timestamp": 1766189763246}, {"id": "709253604", "price": 1.906, "amount": 6.3, "side": "sell", "timestamp": 1766189763421}, {"id": "709253605", "price": 1.9061, "amount": 67.4, "side": "buy", "timestamp": 1766189763997}, {"id": "709253606", "price": 1.9061, "amount": 124.1, "side": "buy", "timestamp": 1766189764577}, {"id": "709253607", "price": 1.906, "amount": 5.4, "side": "sell", "timestamp": 1766189764772}, {"id": "709253608", "price": 1.9061, "amount": 52.6, "side": "buy", "timestamp": 1766189765323}, {"id": "709253609", "price": 1.9061, "amount": 7.5, "side": "buy", "timestamp": 1766189765497}, {"id": "709253610", "price": 1.906, "amount": 18.8, "side": "sell", "timestamp": 1766189765562}, {"id": "709253611", "price": 1.9061, "amount": 124.1, "side": "buy", "timestamp": 1766189765907}, {"id": "709253612", "price": 1.9061, "amount": 52.6, "side": "buy", "timestamp": 1766189766659}, {"id": "709253613", "price": 1.906, "amount": 12.3, "side": "sell", "timestamp": 1766189766873}, {"id": "709253614", "price": 1.9061, "amount": 124.1, "side": "buy", "timestamp": 1766189767233}, {"id": "709253615", "price": 1.906, "amount": 3669.6, "side": "sell", "timestamp": 1766189767237}, {"id": "709253616", "price": 1.906, "amount": 21.4, "side": "sell", "timestamp": 1766189767654}, {"id": "709253617", "price": 1.9061, "amount": 52.6, "side": "buy", "timestamp": 1766189767987}, {"id": "709253618", "price": 1.906, "amount": 12.4, "side": "sell", "timestamp": 1766189768255}]