[{"symbol": "BTCUSDT", "bids": [[88100.0, 4.832], [88099.9, 0.184], [88099.8, 0.007], [88099.2, 0.002], [88099.1, 0.002], [88099.0, 0.02], [88098.9, 0.055], [88098.8, 0.346], [88098.5, 0.002], [88098.3, 0.002], [88098.2, 0.006], [88098.0, 0.003], [88097.6, 0.002], [88097.5, 0.002], [88097.3, 0.005], [88097.2, 0.003], [88096.8, 0.002], [88096.6, 0.006], [88096.5, 0.003], [88096.1, 0.004]], "asks": [[88100.1, 2.29], [88100.2, 0.006], [88100.7, 0.002], [88100.8, 0.019], [88100.9, 0.004], [88101.0, 0.041], [88101.1, 0.018], [88101.2, 0.004], [88101.3, 0.027], [88101.4, 0.014], [88101.7, 0.007], [88101.8, 0.008], [88102.1, 0.002], [88102.2, 0.002], [88102.3, 0.023], [88102.4, 0.037], [88102.5, 0.003], [88102.6, 0.091], [88102.7, 0.008], [88102.9, 0.005]], "timestamp": "2025-12-20T00:00:10.837451+00:00"}, {"symbol": "BTCUSDT", "bids": [[88106.2, 1.324], [88106.1, 0.002], [88106.0, 0.28], [88105.9, 0.002], [88105.6, 0.344], [88105.3, 0.002], [88105.1, 0.002], [88105.0, 0.002], [88104.7, 0.002], [88104.6, 0.002], [88104.2, 0.003], [88104.1, 0.002], [88103.9, 0.005], [88103.8, 0.002], [88103.7, 0.016], [88103.6, 0.014], [88103.5, 0.004], [88103.4, 0.002], [88103.3, 0.006], [88103.0, 0.1]], "asks": [[88106.3, 15.938], [88106.4, 0.01], [88107.1, 0.002], [88107.3, 0.006], [88107.6, 0.002], [88108.2, 0.002], [88108.3, 0.003], [88108.4, 0.002], [88108.8, 0.378], [88108.9, 0.511], [88109.0, 0.003], [88109.1, 0.002], [88109.3, 1.0], [88109.4, 1.006], [88109.5, 0.004], [88109.8, 0.003], [88110.0, 0.006], [88110.3, 0.002], [88110.4, 0.941], [88110.5, 0.007]], "timestamp": "2025-12-20T00:01:05.095620+00:00"}, {"symbol": "BTCUSDT", "bids": [[88036.2, 5.486], [88036.1, 0.007], [88035.8, 0.002], [88035.2, 0.039], [88035.1, 0.037], [88034.4, 0.002], [88034.2, 0.003], [88033.5, 0.002], [88033.4, 0.103], [88033.2, 1.228], [88033.1, 0.004], [88032.8, 1.005], [88032.7, 3.124], [88032.6, 0.005], [88032.5, 0.02], [88032.3, 1.002], [88032.2, 0.271], [88032.1, 0.008], [88032.0, 0.006], [88031.8, 0.085]], "asks": [[88036.3, 4.057], [88036.4, 0.002], [88036.8, 0.002], [88037.1, 0.056], [88037.4, 0.002], [88037.5, 0.002], [88037.9, 0.002], [88038.0, 0.002], [88038.3, 0.003], [88038.6, 0.817], [88039.0, 0.003], [88039.1, 0.01], [88039.2, 0.012], [88039.3, 0.002], [88039.4, 0.002], [88039.6, 0.01], [88039.7, 0.006], [88039.9, 0.003], [88040.0, 0.004], [88040.2, 0.002]], "timestamp": "2025-12-20T00:02:11.653668+00:00"}, {"symbol": "BTCUSDT", "bids": [[88041.8, 10.09], [88041.7, 0.781], [88041.6, 0.002], [88041.4, 0.304], [88040.9, 0.002], [88040.6, 0.011], [88040.2, 0.002], [88040.1, 0.006], [88040.0, 0.006], [88039.8, 0.003], [88039.3, 0.01], [88039.2, 0.002], [88039.0, 0.003], [88038.9, 0.002], [88038.8, 0.05], [88038.7, 0.002], [88038.2, 0.005], [88038.0, 0.002], [88037.9, 0.117], [88037.8, 0.622]], "asks": [[88041.9, 2.825], [88042.0, 0.002], [88042.2, 0.002], [88042.3, 0.003], [88042.4, 0.002], [88042.8, 0.002], [88042.9, 0.004], [88043.2, 0.002], [88043.4, 0.002], [88043.8, 0.002], [88043.9, 0.009], [88044.0, 0.002], [88044.2, 0.002], [88044.4, 0.002], [88044.7, 0.005], [88044.9, 0.004], [88045.0, 0.002], [88045.1, 0.002], [88045.2, 0.003], [88045.4, 0.002]], "timestamp": "2025-12-20T00:03:10.449988+00:00"}, {"symbol": "BTCUSDT", "bids": [[88054.8, 4.505], [88054.7, 0.014], [88054.6, 0.21], [88054.5, 0.019], [88054.4, 0.144], [88054.3, 0.064], [88054.2, 0.003], [88054.1, 0.011], [88054.0, 0.003], [88053.9, 0.012], [88053.6, 0.003], [88053.5, 0.005], [88053.4, 0.012], [88053.2, 0.019], [88053.0, 0.008], [88052.8, 0.003], [88052.6, 0.081], [88052.5, 0.251], [88052.4, 0.046], [88052.3, 0.411]], "asks": [[88054.9, 1.97], [88055.0, 0.454], [88055.2, 0.012], [88055.4, 0.008], [88055.8, 0.01], [88055.9, 0.004], [88056.0, 0.002], [88056.4, 0.002], [88056.5, 0.002], [88056.8, 0.002], [88056.9, 0.005], [88057.0, 0.002], [88057.1, 0.002], [88057.2, 0.004], [88057.4, 0.005], [88057.5, 0.002], [88057.6, 0.002], [88057.8, 0.002], [88057.9, 0.002], [88058.2, 0.006]], "timestamp": "2025-12-20T00:04:03.800834+00:00"}, {"symbol": "BTCUSDT", "bids": [[88063.8, 3.213], [88063.7, 0.024], [88063.6, 0.137], [88063.5, 0.237], [88063.2, 0.079], [88062.9, 0.002], [88062.6, 0.01], [88062.5, 0.017], [88062.4, 0.005], [88062.2, 0.002], [88062.0, 0.002], [88061.8, 0.006], [88061.7, 0.012], [88061.6, 0.005], [88061.5, 0.003], [88061.3, 0.115], [88061.2, 0.139], [88061.0, 0.003], [88060.9, 0.004], [88060.7, 0.002]], "asks": [[88063.9, 4.963], [88064.0, 0.002], [88064.2, 0.002], [88064.3, 0.008], [88064.4, 0.002], [88064.6, 0.006], [88064.9, 0.002], [88065.0, 0.005], [88065.3, 0.002], [88065.4, 0.006], [88065.5, 0.003], [88065.6, 0.028], [88065.8, 0.004], [88065.9, 0.216], [88066.0, 0.116], [88066.1, 0.006], [88066.4, 0.002], [88066.5, 0.002], [88066.6, 0.003], [88066.7, 0.003]], "timestamp": "2025-12-20T00:05:08.416288+00:00"}, {"symbol": "BTCUSDT", "bids": [[88048.7, 3.394], [88048.6, 0.004], [88048.4, 0.002], [88047.9, 0.002], [88047.3, 0.002], [88047.2, 0.002], [88047.0, 0.002], [88046.9, 0.025], [88046.7, 0.003], [88046.5, 0.027], [88046.4, 0.114], [88046.2, 0.019], [88045.9, 0.003], [88045.3, 0.002], [88045.2, 0.002], [88045.0, 0.002], [88044.9, 0.002], [88044.8, 0.027], [88044.7, 0.003], [88044.4, 0.008]], "asks": [[88048.8, 2.012], [88048.9, 0.117], [88049.0, 0.004], [88049.1, 0.006], [88049.2, 0.002], [88049.4, 0.004], [88049.5, 0.002], [88049.6, 0.002], [88049.7, 0.002], [88049.8, 0.004], [88049.9, 0.242], [88050.0, 1.25], [88050.1, 0.037], [88050.2, 0.004], [88050.4, 0.003], [88050.5, 0.002], [88050.7, 0.002], [88050.9, 0.002], [88051.0, 0.06], [88051.2, 0.005]], "timestamp": "2025-12-20T00:06:01.869526+00:00"}, {"symbol": "BTCUSDT", "bids": [[88009.8, 2.55], [88009.7, 0.025], [88009.4, 0.011], [88009.2, 0.002], [88009.1, 0.059], [88008.8, 0.004], [88008.7, 0.002], [88008.6, 0.009], [88008.2, 0.002], [88007.7, 0.008], [88007.6, 0.052], [88007.5, 0.005], [88007.4, 0.005], [88007.3, 0.116], [88007.2, 0.004], [88007.0, 0.003], [88006.7, 0.002], [88006.6, 0.002], [88006.5, 0.003], [88006.3, 0.002]], "asks": [[88009.9, 9.219], [88010.0, 0.329], [88010.1, 0.69], [88010.2, 0.003], [88010.3, 0.003], [88010.4, 0.003], [88010.5, 0.002], [88010.8, 0.005], [88010.9, 0.003], [88011.0, 0.009], [88011.1, 0.003], [88011.2, 0.002], [88011.6, 0.021], [88011.7, 0.751], [88011.8, 0.406], [88011.9, 0.009], [88012.2, 0.006], [88012.5, 0.002], [88012.7, 0.007], [88013.0, 0.346]], "timestamp": "2025-12-20T00:06:54.734798+00:00"}, {"symbol": "BTCUSDT", "bids": [[87978.0, 1.516], [87977.9, 0.027], [87977.8, 0.028], [87977.7, 0.037], [87977.6, 0.216], [87977.5, 0.23], [87977.4, 0.002], [87977.3, 0.025], [87977.2, 0.002], [87976.8, 0.002], [87976.7, 0.004], [87976.6, 0.107], [87976.4, 0.023], [87976.3, 0.002], [87976.2, 0.009], [87976.0, 0.003], [87975.9, 0.013], [87975.8, 0.002], [87975.7, 0.002], [87975.2, 0.005]], "asks": [[87978.1, 6.206], [87978.2, 0.009], [87978.3, 0.002], [87978.4, 0.023], [87978.6, 0.002], [87978.8, 0.114], [87979.0, 0.002], [87979.1, 0.002], [87979.2, 0.002], [87979.5, 0.002], [87979.6, 0.002], [87979.8, 0.002], [87979.9, 0.002], [87980.0, 0.002], [87980.1, 0.003], [87980.2, 0.002], [87980.6, 0.126], [87980.7, 0.158], [87980.9, 0.003], [87981.2, 0.304]], "timestamp": "2025-12-20T00:07:47.355410+00:00"}, {"symbol": "BTCUSDT", "bids": [[88035.4, 3.176], [88035.3, 0.111], [88035.2, 0.012], [88034.7, 0.002], [88034.0, 0.007], [88033.8, 0.056], [88033.6, 0.002], [88033.4, 0.003], [88033.2, 0.002], [88033.1, 0.002], [88032.9, 0.006], [88032.7, 0.002], [88032.6, 0.025], [88032.3, 0.002], [88032.2, 0.002], [88032.0, 0.002], [88031.8, 0.005], [88031.7, 0.13], [88031.6, 0.011], [88031.5, 0.002]], "asks": [[88035.5, 3.532], [88035.6, 0.002], [88035.8, 0.002], [88035.9, 0.002], [88036.0, 0.006], [88036.3, 0.002], [88036.4, 0.014], [88036.7, 0.004], [88036.8, 0.048], [88036.9, 0.164], [88037.0, 0.159], [88037.3, 0.002], [88037.5, 0.016], [88037.8, 0.005], [88037.9, 0.002], [88038.0, 0.004], [88038.1, 0.003], [88038.2, 0.71], [88038.3, 0.002], [88038.5, 0.002]], "timestamp": "2025-12-20T00:08:40.587827+00:00"}, {"symbol": "BTCUSDT", "bids": [[88032.2, 2.43], [88032.1, 0.002], [88032.0, 0.004], [88031.8, 0.002], [88031.5, 0.002], [88031.4, 0.01], [88030.9, 0.002], [88030.8, 0.004], [88030.5, 0.002], [88030.2, 0.002], [88030.0, 0.002], [88029.9, 0.113], [88029.8, 0.07], [88029.7, 0.004], [88029.6, 0.086], [88029.5, 0.031], [88029.4, 0.174], [88029.3, 0.019], [88029.2, 0.002], [88029.0, 0.021]], "asks": [[88032.3, 16.586], [88032.4, 0.053], [88032.5, 0.005], [88033.2, 0.005], [88033.3, 0.002], [88033.5, 0.002], [88034.1, 0.1], [88034.2, 0.002], [88034.4, 0.026], [88034.6, 0.118], [88035.0, 0.002], [88035.1, 0.002], [88035.2, 0.005], [88035.3, 0.708], [88035.6, 0.002], [88035.8, 0.783], [88035.9, 0.003], [88036.1, 0.388], [88036.2, 0.081], [88036.3, 0.002]], "timestamp": "2025-12-20T00:09:34.148133+00:00"}, {"symbol": "BTCUSDT", "bids": [[88020.7, 7.205], [88020.6, 0.008], [88020.4, 0.006], [88020.0, 0.004], [88019.6, 0.042], [88019.5, 0.056], [88019.3, 0.002], [88019.1, 0.044], [88019.0, 0.002], [88018.9, 0.002], [88018.8, 0.024], [88018.7, 0.003], [88018.3, 0.12], [88018.1, 0.002], [88017.9, 0.005], [88017.6, 0.022], [88017.3, 0.002], [88017.2, 0.002], [88017.1, 0.003], [88017.0, 0.002]], "asks": [[88020.8, 3.696], [88020.9, 0.004], [88021.2, 0.002], [88021.8, 0.022], [88021.9, 0.002], [88022.0, 0.004], [88022.1, 0.084], [88022.4, 0.002], [88022.5, 0.003], [88022.7, 0.056], [88022.8, 0.003], [88023.0, 0.004], [88023.5, 0.004], [88023.6, 0.037], [88024.1, 0.002], [88024.2, 0.003], [88024.4, 0.002], [88025.0, 0.009], [88025.2, 0.116], [88025.3, 0.002]], "timestamp": "2025-12-20T00:10:27.805668+00:00"}, {"symbol": "BTCUSDT", "bids": [[88016.1, 5.909], [88016.0, 0.29], [88015.9, 0.002], [88015.7, 0.075], [88015.6, 0.032], [88015.5, 0.006], [88015.3, 0.002], [88015.1, 0.046], [88015.0, 0.008], [88014.8, 0.056], [88014.6, 0.002], [88014.4, 0.012], [88014.3, 0.002], [88014.2, 0.002], [88014.0, 0.003], [88013.8, 0.04], [88013.7, 0.004], [88013.6, 0.079], [88013.5, 0.002], [88013.2, 0.124]], "asks": [[88016.2, 2.898], [88016.3, 0.004], [88016.6, 0.002], [88016.8, 0.002], [88016.9, 0.002], [88017.1, 0.01], [88017.3, 0.015], [88017.6, 0.002], [88017.8, 0.004], [88017.9, 0.002], [88018.0, 0.002], [88018.1, 0.006], [88018.3, 0.004], [88018.8, 0.002], [88018.9, 0.12], [88019.1, 0.046], [88019.2, 0.023], [88019.3, 0.005], [88019.6, 0.008], [88019.8, 0.002]], "timestamp": "2025-12-20T00:11:20.542687+00:00"}, {"symbol": "BTCUSDT", "bids": [[88097.5, 2.995], [88097.4, 0.01], [88097.3, 0.006], [88096.9, 0.056], [88096.8, 0.002], [88096.7, 0.005], [88096.6, 0.004], [88096.5, 0.002], [88096.4, 0.002], [88096.2, 0.002], [88095.8, 0.008], [88095.7, 0.002], [88095.6, 0.116], [88095.5, 0.003], [88095.4, 0.093], [88095.1, 0.002], [88095.0, 0.007], [88094.9, 0.002], [88094.7, 0.002], [88094.5, 0.013]], "asks": [[88097.6, 6.223], [88097.7, 0.029], [88097.8, 0.465], [88097.9, 0.038], [88098.1, 0.02], [88098.3, 0.011], [88098.6, 0.002], [88099.1, 0.002], [88099.3, 0.002], [88099.6, 0.005], [88099.7, 0.231], [88099.8, 0.002], [88099.9, 0.008], [88100.0, 0.802], [88100.1, 0.894], [88100.4, 0.003], [88100.6, 0.802], [88100.8, 0.114], [88101.0, 0.004], [88101.2, 0.459]], "timestamp": "2025-12-20T00:12:16.147467+00:00"}, {"symbol": "BTCUSDT", "bids": [[88133.8, 3.686], [88133.7, 0.004], [88133.5, 0.002], [88133.3, 0.002], [88133.2, 0.217], [88132.8, 0.007], [88132.7, 0.002], [88132.5, 0.011], [88132.3, 0.002], [88132.0, 0.006], [88131.9, 0.002], [88131.8, 0.005], [88131.4, 0.119], [88131.3, 0.006], [88131.0, 0.119], [88130.9, 0.004], [88130.7, 0.002], [88130.4, 0.007], [88130.3, 0.002], [88130.2, 0.003]], "asks": [[88133.9, 3.676], [88134.0, 0.004], [88134.1, 0.002], [88134.2, 0.006], [88134.3, 0.032], [88134.4, 0.026], [88134.6, 0.002], [88134.7, 0.016], [88134.8, 0.002], [88134.9, 0.002], [88135.0, 0.004], [88135.1, 0.002], [88135.2, 0.114], [88135.4, 0.002], [88135.5, 0.006], [88135.6, 0.004], [88135.8, 0.005], [88136.1, 0.009], [88136.2, 0.052], [88136.4, 0.004]], "timestamp": "2025-12-20T00:13:09.022271+00:00"}, {"symbol": "BTCUSDT", "bids": [[88130.0, 2.197], [88129.9, 0.025], [88129.8, 0.002], [88129.3, 0.042], [88129.1, 0.002], [88129.0, 0.002], [88128.5, 0.002], [88128.4, 0.002], [88128.0, 0.009], [88127.9, 0.002], [88127.6, 0.002], [88127.5, 0.043], [88127.3, 0.002], [88127.2, 0.014], [88127.0, 0.002], [88126.7, 0.004], [88126.6, 0.116], [88126.5, 0.002], [88126.4, 0.003], [88126.3, 0.002]], "asks": [[88130.1, 10.658], [88130.2, 0.006], [88130.3, 0.252], [88130.4, 0.189], [88130.6, 0.002], [88130.7, 0.058], [88130.8, 0.002], [88130.9, 0.002], [88131.1, 0.116], [88131.6, 0.002], [88131.7, 0.025], [88131.8, 0.009], [88131.9, 0.011], [88132.0, 0.002], [88132.1, 0.005], [88132.5, 0.02], [88132.6, 0.006], [88132.9, 0.003], [88133.4, 0.004], [88133.5, 0.028]], "timestamp": "2025-12-20T00:14:02.439880+00:00"}, {"symbol": "BTCUSDT", "bids": [[88096.7, 4.724], [88096.6, 0.006], [88096.5, 0.012], [88095.8, 0.002], [88095.7, 0.013], [88095.6, 0.058], [88095.1, 0.002], [88094.7, 0.003], [88094.5, 0.002], [88094.0, 0.002], [88093.9, 0.003], [88093.7, 0.002], [88093.2, 0.004], [88093.1, 0.003], [88092.9, 0.002], [88092.8, 0.002], [88092.7, 0.002], [88092.4, 0.002], [88092.3, 0.128], [88092.2, 0.002]], "asks": [[88096.8, 2.257], [88096.9, 0.002], [88097.4, 0.008], [88097.7, 0.002], [88097.9, 0.002], [88098.1, 0.002], [88098.4, 0.002], [88098.5, 0.006], [88098.6, 0.002], [88099.0, 0.003], [88099.1, 0.003], [88099.3, 0.002], [88099.4, 0.002], [88099.5, 0.002], [88099.7, 0.043], [88099.8, 0.002], [88100.0, 0.005], [88100.1, 0.022], [88100.2, 0.073], [88100.3, 0.002]], "timestamp": "2025-12-20T00:15:03.573697+00:00"}, {"symbol": "BTCUSDT", "bids": [[88127.6, 3.932], [88127.5, 0.015], [88127.4, 0.002], [88127.2, 0.007], [88127.1, 0.002], [88127.0, 0.003], [88126.6, 0.01], [88126.5, 0.025], [88126.4, 0.002], [88126.3, 0.002], [88126.2, 0.011], [88126.0, 0.049], [88125.9, 0.116], [88125.8, 0.002], [88125.6, 0.01], [88125.4, 0.004], [88125.3, 0.002], [88125.0, 0.002], [88124.9, 0.007], [88124.8, 0.006]], "asks": [[88127.7, 0.095], [88127.8, 0.132], [88128.0, 0.002], [88128.1, 0.002], [88128.2, 0.002], [88128.6, 0.003], [88128.7, 0.002], [88129.1, 0.002], [88129.2, 0.004], [88129.5, 0.002], [88129.6, 0.002], [88129.7, 0.004], [88129.8, 0.002], [88130.0, 0.087], [88130.1, 0.01], [88130.2, 0.002], [88130.4, 0.004], [88130.7, 0.002], [88130.8, 0.002], [88130.9, 0.005]], "timestamp": "2025-12-20T00:15:58.049438+00:00"}, {"symbol": "BTCUSDT", "bids": [[88079.5, 0.06], [88079.4, 0.002], [88079.2, 0.004], [88079.0, 0.004], [88078.8, 0.002], [88078.5, 0.004], [88078.1, 0.002], [88078.0, 0.008], [88077.6, 0.002], [88077.5, 0.039], [88077.2, 0.002], [88077.1, 0.002], [88077.0, 0.008], [88076.9, 0.003], [88076.6, 0.002], [88076.5, 0.002], [88076.3, 0.002], [88076.2, 0.002], [88076.1, 0.003], [88076.0, 0.002]], "asks": [[88079.6, 14.473], [88079.7, 0.004], [88079.9, 0.006], [88080.0, 0.006], [88080.1, 0.004], [88080.3, 0.011], [88080.4, 0.002], [88080.7, 0.002], [88080.8, 0.114], [88081.0, 0.324], [88081.1, 0.385], [88081.3, 0.003], [88081.6, 0.002], [88082.0, 0.003], [88082.1, 1.544], [88082.2, 0.004], [88082.5, 0.002], [88082.8, 0.005], [88082.9, 0.004], [88083.0, 0.004]], "timestamp": "2025-12-20T00:16:53.354106+00:00"}]