[{"id": "3024862383", "price": 88100.0, "amount": 0.035, "side": "sell", "timestamp": 1766188802327}, {"id": "3024862384", "price": 88100.1, "amount": 0.004, "side": "buy", "timestamp": 1766188802346}, {"id": "3024862385", "price": 88100.0, "amount": 0.052, "side": "sell", "timestamp": 1766188802355}, {"id": "3024862386", "price": 88100.1, "amount": 0.054, "side": "buy", "timestamp": 1766188802604}, {"id": "3024862387", "price": 88100.0, "amount": 0.008, "side": "sell", "timestamp": 1766188802687}, {"id": "3024862388", "price": 88100.1, "amount": 0.043, "side": "buy", "timestamp": 1766188802848}, {"id": "3024862389", "price": 88100.0, "amount": 0.02, "side": "sell", "timestamp": 1766188802940}, {"id": "3024862390", "price": 88100.1, "amount": 0.004, "side": "buy", "timestamp": 1766188803217}, {"id": "3024862391", "price": 88100.0, "amount": 0.003, "side": "sell", "timestamp": 1766188803404}, {"id": "3024862392", "price": 88100.0, "amount": 0.028, "side": "sell", "timestamp": 1766188803626}, {"id": "3024862393", "price": 88100.1, "amount": 0.079, "side": "buy", "timestamp": 1766188803935}, {"id": "3024862394", "price": 88100.0, "amount": 0.105, "side": "sell", "timestamp": 1766188803964}, {"id": "3024862395", "price": 88100.1, "amount": 0.001, "side": "buy", "timestamp": 1766188804314}, {"id": "3024862396", "price": 88100.0, "amount": 0.215, "side": "sell", "timestamp": 1766188804575}, {"id": "3024862397", "price": 88100.0, "amount": 0.003, "side": "sell", "timestamp": 1766188804733}, {"id": "3024862398", "price": 88100.0, "amount": 0.018, "side": "sell", "timestamp": 1766188804841}, {"id": "3024862399", "price": 88100.1, "amount": 0.016, "side": "buy", "timestamp": 1766188805048}, {"id": "3024862400", "price": 88100.0, "amount": 0.011, "side": "sell", "timestamp": 1766188805167}, {"id": "3024862401", "price": 88100.1, "amount": 0.005, "side": "buy", "timestamp": 1766188805173}, {"id": "3024862402", "price": 88100.0, "amount": 0.025, "side": "sell", "timestamp": 1766188805277}, {"id": "3024862403", "price": 88100.1, "amount": 0.006, "side": "buy", "timestamp": 1766188805454}, {"id": "3024862404", "price": 88100.1, "amount": 0.225, "side": "buy", "timestamp": 1766188805837}, {"id": "3024862405", "price": 88100.0, "amount": 0.02, "side": "sell", "timestamp": 1766188805919}, {"id": "3024862406", "price": 88100.1, "amount": 0.151, "side": "buy", "timestamp": 1766188806089}, {"id": "3024862407", "price": 88100.0, "amount": 0.002, "side": "sell", "timestamp": 1766188806390}, {"id": "3024862408", "price": 88100.1, "amount": 0.09, "side": "buy", "timestamp": 1766188806395}, {"id": "3024862409", "price": 88100.1, "amount": 0.044, "side": "buy", "timestamp": 1766188806720}, {"id": "3024862410", "price": 88100.1, "amount": 0.616, "side": "buy", "timestamp": 1766188806856}, {"id": "3024862411", "price": 88100.1, "amount": 0.003, "side": "buy", "timestamp": 1766188807022}, {"id": "3024862412", "price": 88100.0, "amount": 0.007, "side": "sell", "timestamp": 1766188807041}, {"id": "3024862413", "price": 88100.1, "amount": 0.002, "side": "buy", "timestamp": 1766188807190}, {"id": "3024862414", "price": 88100.0, "amount": 0.002, "side": "sell", "timestamp": 1766188807205}, {"id": "3024862415", "price": 88100.1, "amount": 0.054, "side": "buy", "timestamp": 1766188807402}, {"id": "3024862416", "price": 88100.1, "amount": 0.145, "side": "buy", "timestamp": 1766188807528}, {"id": "3024862417", "price": 88100.0, "amount": 0.011, "side": "sell", "timestamp": 1766188807936}, {"id": "3024862418", "price": 88100.1, "amount": 0.011, "side": "buy", "timestamp": 1766188808074}, {"id": "3024862419", "price": 88100.0, "amount": 0.002, "side": "sell", "timestamp": 1766188808110}, {"id": "3024862420", "price": 88100.1, "amount": 0.142, "side": "buy", "timestamp": 1766188808241}, {"id": "3024862421", "price": 88100.0, "amount": 0.002, "side": "sell", "timestamp": 1766188808631}, {"id": "3024862422", "price": 88100.1, "amount": 0.081, "side": "buy", "timestamp": 1766188808740}, {"id": "3024862423", "price": 88100.0, "amount": 0.011, "side": "sell", "timestamp": 1766188808898}, {"id": "3024862424", "price": 88100.1, "amount": 0.016, "side": "buy", "timestamp": 1766188808918}, {"id": "3024862425", "price": 88100.0, "amount": 0.03, "side": "sell", "timestamp": 1766188809080}, {"id": "3024862426", "price": 88100.0, "amount": 0.002, "side": "sell", "timestamp": 1766188809317}, {"id": "3024862427", "price": 88100.1, "amount": 0.014, "side": "buy", "timestamp": 1766188809352}, {"id": "3024862428", "price": 88100.0, "amount": 0.007, "side": "sell", "timestamp": 1766188809415}, {"id": "3024862429", "price": 88100.1, "amount": 0.014, "side": "buy", "timestamp": 1766188809610}, {"id": "3024862430", "price": 88100.1, "amount": 0.003, "side": "buy", "timestamp": 1766188810039}, {"id": "3024862431", "price": 88100.1, "amount": 0.055, "side": "buy", "timestamp": 1766188810166}, {"id": "3024862432", "price": 88100.0, "amount": 0.003, "side": "sell", "timestamp": 1766188810427}, {"id": "3024862872", "price": 88112.4, "amount": 0.002, "side": "buy", "timestamp": 1766188864313}, {"id": "3024862873", "price": 88112.5, "amount": 0.007, "side": "buy", "timestamp": 1766188864313}, {"id": "3024862874", "price": 88112.6, "amount": 0.002, "side": "buy", "timestamp": 1766188864313}, {"id": "3024862875", "price": 88112.7, "amount": 0.002, "side": "buy", "timestamp": 1766188864313}, {"id": "3024862876", "price": 88112.8, "amount": 0.004, "side": "buy", "timestamp": 1766188864313}, {"id": "3024862877", "price": 88112.9, "amount": 0.004, "side": "buy", "timestamp": 1766188864313}, {"id": "3024862878", "price": 88113.0, "amount": 0.012, "side": "buy", "timestamp": 1766188864313}, {"id": "3024862879", "price": 88113.1, "amount": 0.002, "side": "buy", "timestamp": 1766188864313}, {"id": "3024862880", "price": 88113.2, "amount": 0.002, "side": "buy", "timestamp": 1766188864313}, {"id": "3024862881", "price": 88113.3, "amount": 0.38, "side": "buy", "timestamp": 1766188864313}, {"id": "3024862882", "price": 88113.4, "amount": 0.378, "side": "buy", "timestamp": 1766188864321}, {"id": "3024862883", "price": 88113.5, "amount": 0.389, "side": "buy", "timestamp": 1766188864321}, {"id": "3024862884", "price": 88113.6, "amount": 0.284, "side": "buy", "timestamp": 1766188864328}, {"id": "3024862885", "price": 88113.6, "amount": 0.001, "side": "sell", "timestamp": 1766188864399}, {"id": "3024862886", "price": 88113.7, "amount": 1.031, "side": "buy", "timestamp": 1766188864402}, {"id": "3024862887", "price": 88113.6, "amount": 0.016, "side": "sell", "timestamp": 1766188864463}, {"id": "3024862888", "price": 88113.7, "amount": 0.234, "side": "buy", "timestamp": 1766188864468}, {"id": "3024862889", "price": 88113.7, "amount": 0.401, "side": "sell", "timestamp": 1766188864495}, {"id": "3024862890", "price": 88113.6, "amount": 0.798, "side": "sell", "timestamp": 1766188864495}, {"id": "3024862891", "price": 88113.8, "amount": 0.02, "side": "buy", "timestamp": 1766188864513}, {"id": "3024862892", "price": 88113.7, "amount": 0.319, "side": "sell", "timestamp": 1766188864725}, {"id": "3024862893", "price": 88113.6, "amount": 0.029, "side": "sell", "timestamp": 1766188864749}, {"id": "3024862894", "price": 88113.1, "amount": 0.002, "side": "sell", "timestamp": 1766188864751}, {"id": "3024862895", "price": 88112.8, "amount": 0.022, "side": "sell", "timestamp": 1766188864751}, {"id": "3024862896", "price": 88112.6, "amount": 0.002, "side": "sell", "timestamp": 1766188864754}, {"id": "3024862897", "price": 88112.1, "amount": 0.018, "side": "sell", "timestamp": 1766188864754}, {"id": "3024862898", "price": 88111.6, "amount": 0.002, "side": "sell", "timestamp": 1766188864754}, {"id": "3024862899", "price": 88111.4, "amount": 0.003, "side": "sell", "timestamp": 1766188864754}, {"id": "3024862900", "price": 88111.3, "amount": 0.002, "side": "sell", "timestamp": 1766188864754}, {"id": "3024862901", "price": 88110.8, "amount": 0.002, "side": "sell", "timestamp": 1766188864754}, {"id": "3024862902", "price": 88110.6, "amount": 0.003, "side": "sell", "timestamp": 1766188864754}, {"id": "3024862903", "price": 88110.5, "amount": 0.052, "side": "sell", "timestamp": 1766188864763}, {"id": "3024862904", "price": 88110.3, "amount": 0.002, "side": "sell", "timestamp": 1766188864767}, {"id": "3024862905", "price": 88110.0, "amount": 0.004, "side": "sell", "timestamp": 1766188864767}, {"id": "3024862906", "price": 88109.8, "amount": 0.002, "side": "sell", "timestamp": 1766188864767}, {"id": "3024862907", "price": 88109.6, "amount": 0.002, "side": "sell", "timestamp": 1766188864767}, {"id": "3024862908", "price": 88109.4, "amount": 0.003, "side": "sell", "timestamp": 1766188864773}, {"id": "3024862909", "price": 88109.3, "amount": 0.004, "side": "sell", "timestamp": 1766188864775}, {"id": "3024862910", "price": 88109.0, "amount": 0.002, "side": "sell", "timestamp": 1766188864775}, {"id": "3024862911", "price": 88108.8, "amount": 0.002, "side": "sell", "timestamp": 1766188864775}, {"id": "3024862912", "price": 88108.3, "amount": 0.002, "side": "sell", "timestamp": 1766188864775}, {"id": "3024862913", "price": 88108.1, "amount": 0.003, "side": "sell", "timestamp": 1766188864775}, {"id": "3024862914", "price": 88107.4, "amount": 0.002, "side": "sell", "timestamp": 1766188864775}, {"id": "3024862915", "price": 88107.3, "amount": 0.002, "side": "sell", "timestamp": 1766188864775}, {"id": "3024862916", "price": 88106.9, "amount": 0.016, "side": "sell", "timestamp": 1766188864778}, {"id": "3024862917", "price": 88106.8, "amount": 0.003, "side": "sell", "timestamp": 1766188864778}, {"id": "3024862918", "price": 88106.4, "amount": 0.002, "side": "sell", "timestamp": 1766188864778}, {"id": "3024862919", "price": 88106.3, "amount": 0.011, "side": "sell", "timestamp": 1766188864781}, {"id": "3024862920", "price": 88106.3, "amount": 0.024, "side": "buy", "timestamp": 1766188864850}, {"id": "3024862921", "price": 88106.2, "amount": 0.028, "side": "sell", "timestamp": 1766188864934}, {"id": "3024864755", "price": 88034.4, "amount": 0.213, "side": "sell", "timestamp": 1766188931382}, {"id": "3024864756", "price": 88034.3, "amount": 0.008, "side": "sell", "timestamp": 1766188931382}, {"id": "3024864757", "price": 88034.2, "amount": 0.073, "side": "sell", "timestamp": 1766188931382}, {"id": "3024864758", "price": 88034.1, "amount": 0.173, "side": "sell", "timestamp": 1766188931382}, {"id": "3024864759", "price": 88034.0, "amount": 0.271, "side": "sell", "timestamp": 1766188931382}, {"id": "3024864760", "price": 88033.7, "amount": 0.004, "side": "sell", "timestamp": 1766188931382}, {"id": "3024864761", "price": 88033.5, "amount": 0.002, "side": "sell", "timestamp": 1766188931382}, {"id": "3024864762", "price": 88033.4, "amount": 0.002, "side": "sell", "timestamp": 1766188931382}, {"id": "3024864763", "price": 88033.3, "amount": 0.005, "side": "sell", "timestamp": 1766188931382}, {"id": "3024864764", "price": 88033.2, "amount": 0.002, "side": "sell", "timestamp": 1766188931382}, {"id": "3024864765", "price": 88032.7, "amount": 0.002, "side": "sell", "timestamp": 1766188931382}, {"id": "3024864766", "price": 88032.4, "amount": 1.142, "side": "sell", "timestamp": 1766188931382}, {"id": "3024864767", "price": 88032.2, "amount": 0.005, "side": "sell", "timestamp": 1766188931382}, {"id": "3024864768", "price": 88031.8, "amount": 0.006, "side": "sell", "timestamp": 1766188931382}, {"id": "3024864769", "price": 88031.7, "amount": 0.002, "side": "sell", "timestamp": 1766188931382}, {"id": "3024864770", "price": 88031.5, "amount": 0.002, "side": "sell", "timestamp": 1766188931382}, {"id": "3024864771", "price": 88031.4, "amount": 0.008, "side": "sell", "timestamp": 1766188931382}, {"id": "3024864772", "price": 88031.3, "amount": 0.003, "side": "sell", "timestamp": 1766188931382}, {"id": "3024864773", "price": 88031.2, "amount": 0.002, "side": "sell", "timestamp": 1766188931382}, {"id": "3024864774", "price": 88031.1, "amount": 0.002, "side": "sell", "timestamp": 1766188931382}, {"id": "3024864775", "price": 88030.8, "amount": 0.004, "side": "sell", "timestamp": 1766188931382}, {"id": "3024864776", "price": 88030.6, "amount": 0.003, "side": "sell", "timestamp": 1766188931382}, {"id": "3024864777", "price": 88030.5, "amount": 0.002, "side": "sell", "timestamp": 1766188931382}, {"id": "3024864778", "price": 88030.4, "amount": 0.007, "side": "sell", "timestamp": 1766188931382}, {"id": "3024864779", "price": 88030.5, "amount": 6.278, "side": "buy", "timestamp": 1766188931387}, {"id": "3024864780", "price": 88030.6, "amount": 0.002, "side": "buy", "timestamp": 1766188931394}, {"id": "3024864781", "price": 88030.8, "amount": 0.002, "side": "buy", "timestamp": 1766188931394}, {"id": "3024864782", "price": 88031.4, "amount": 0.002, "side": "buy", "timestamp": 1766188931397}, {"id": "3024864783", "price": 88032.3, "amount": 0.01, "side": "buy", "timestamp": 1766188931400}, {"id": "3024864784", "price": 88032.8, "amount": 0.087, "side": "buy", "timestamp": 1766188931404}, {"id": "3024864785", "price": 88033.3, "amount": 0.002, "side": "buy", "timestamp": 1766188931411}, {"id": "3024864786", "price": 88034.1, "amount": 0.002, "side": "buy", "timestamp": 1766188931411}, {"id": "3024864787", "price": 88034.3, "amount": 0.006, "side": "buy", "timestamp": 1766188931411}, {"id": "3024864788", "price": 88034.4, "amount": 0.003, "side": "buy", "timestamp": 1766188931411}, {"id": "3024864789", "price": 88034.6, "amount": 0.002, "side": "buy", "timestamp": 1766188931411}, {"id": "3024864790", "price": 88034.8, "amount": 0.002, "side": "buy", "timestamp": 1766188931411}, {"id": "3024864791", "price": 88034.9, "amount": 0.002, "side": "buy", "timestamp": 1766188931411}, {"id": "3024864792", "price": 88035.0, "amount": 0.002, "side": "buy", "timestamp": 1766188931411}, {"id": "3024864793", "price": 88035.2, "amount": 0.005, "side": "buy", "timestamp": 1766188931411}, {"id": "3024864794", "price": 88035.3, "amount": 0.002, "side": "buy", "timestamp": 1766188931411}, {"id": "3024864795", "price": 88035.6, "amount": 0.002, "side": "buy", "timestamp": 1766188931411}, {"id": "3024864796", "price": 88035.8, "amount": 0.002, "side": "buy", "timestamp": 1766188931411}, {"id": "3024864797", "price": 88036.2, "amount": 0.006, "side": "buy", "timestamp": 1766188931411}, {"id": "3024864798", "price": 88036.3, "amount": 0.046, "side": "buy", "timestamp": 1766188931423}, {"id": "3024864799", "price": 88036.3, "amount": 0.01, "side": "buy", "timestamp": 1766188931537}, {"id": "3024864800", "price": 88036.2, "amount": 0.004, "side": "sell", "timestamp": 1766188931636}, {"id": "3024864801", "price": 88036.3, "amount": 0.008, "side": "buy", "timestamp": 1766188931646}, {"id": "3024864802", "price": 88036.2, "amount": 4.108, "side": "sell", "timestamp": 1766188931663}, {"id": "3024864803", "price": 88036.2, "amount": 0.032, "side": "sell", "timestamp": 1766188931771}, {"id": "3024864804", "price": 88036.3, "amount": 0.113, "side": "buy", "timestamp": 1766188931805}, {"id": "3024866739", "price": 88032.9, "amount": 0.002, "side": "buy", "timestamp": 1766188988175}, {"id": "3024866740", "price": 88033.0, "amount": 0.006, "side": "buy", "timestamp": 1766188988178}, {"id": "3024866741", "price": 88033.2, "amount": 0.08, "side": "buy", "timestamp": 1766188988181}, {"id": "3024866742", "price": 88033.3, "amount": 0.046, "side": "buy", "timestamp": 1766188988187}, {"id": "3024866743", "price": 88033.4, "amount": 0.004, "side": "buy", "timestamp": 1766188988191}, {"id": "3024866744", "price": 88033.7, "amount": 0.002, "side": "buy", "timestamp": 1766188988191}, {"id": "3024866745", "price": 88033.8, "amount": 0.002, "side": "buy", "timestamp": 1766188988191}, {"id": "3024866746", "price": 88033.9, "amount": 0.002, "side": "buy", "timestamp": 1766188988191}, {"id": "3024866747", "price": 88034.4, "amount": 0.002, "side": "buy", "timestamp": 1766188988191}, {"id": "3024866748", "price": 88034.5, "amount": 0.003, "side": "buy", "timestamp": 1766188988191}, {"id": "3024866749", "price": 88034.8, "amount": 0.002, "side": "buy", "timestamp": 1766188988191}, {"id": "3024866750", "price": 88034.9, "amount": 0.002, "side": "buy", "timestamp": 1766188988191}, {"id": "3024866751", "price": 88035.0, "amount": 0.004, "side": "buy", "timestamp": 1766188988191}, {"id": "3024866752", "price": 88035.4, "amount": 0.002, "side": "buy", "timestamp": 1766188988191}, {"id": "3024866753", "price": 88035.5, "amount": 0.005, "side": "buy", "timestamp": 1766188988264}, {"id": "3024866754", "price": 88035.5, "amount": 0.086, "side": "buy", "timestamp": 1766188988366}, {"id": "3024866755", "price": 88035.6, "amount": 0.004, "side": "buy", "timestamp": 1766188988407}, {"id": "3024866756", "price": 88035.9, "amount": 0.002, "side": "buy", "timestamp": 1766188988407}, {"id": "3024866757", "price": 88036.0, "amount": 0.002, "side": "buy", "timestamp": 1766188988407}, {"id": "3024866758", "price": 88036.4, "amount": 0.002, "side": "buy", "timestamp": 1766188988407}, {"id": "3024866759", "price": 88036.8, "amount": 0.002, "side": "buy", "timestamp": 1766188988407}, {"id": "3024866760", "price": 88036.9, "amount": 0.002, "side": "buy", "timestamp": 1766188988407}, {"id": "3024866761", "price": 88037.4, "amount": 0.004, "side": "buy", "timestamp": 1766188988407}, {"id": "3024866762", "price": 88037.5, "amount": 0.003, "side": "buy", "timestamp": 1766188988407}, {"id": "3024866763", "price": 88037.6, "amount": 0.008, "side": "buy", "timestamp": 1766188988407}, {"id": "3024866764", "price": 88037.8, "amount": 0.002, "side": "buy", "timestamp": 1766188988407}, {"id": "3024866765", "price": 88037.9, "amount": 0.013, "side": "buy", "timestamp": 1766188988411}, {"id": "3024866766", "price": 88038.0, "amount": 0.002, "side": "buy", "timestamp": 1766188988414}, {"id": "3024866767", "price": 88038.3, "amount": 0.002, "side": "buy", "timestamp": 1766188988414}, {"id": "3024866768", "price": 88038.4, "amount": 0.011, "side": "buy", "timestamp": 1766188988414}, {"id": "3024866769", "price": 88038.6, "amount": 0.002, "side": "buy", "timestamp": 1766188988414}, {"id": "3024866770", "price": 88038.9, "amount": 0.002, "side": "buy", "timestamp": 1766188988418}, {"id": "3024866771", "price": 88039.2, "amount": 0.003, "side": "buy", "timestamp": 1766188988418}, {"id": "3024866772", "price": 88039.4, "amount": 0.03, "side": "buy", "timestamp": 1766188988421}, {"id": "3024866773", "price": 88039.4, "amount": 1.397, "side": "buy", "timestamp": 1766188988804}, {"id": "3024866774", "price": 88039.5, "amount": 0.002, "side": "buy", "timestamp": 1766188988898}, {"id": "3024866775", "price": 88039.9, "amount": 0.002, "side": "buy", "timestamp": 1766188988898}, {"id": "3024866776", "price": 88040.3, "amount": 0.002, "side": "buy", "timestamp": 1766188988898}, {"id": "3024866777", "price": 88040.4, "amount": 0.002, "side": "buy", "timestamp": 1766188988898}, {"id": "3024866778", "price": 88040.9, "amount": 0.002, "side": "buy", "timestamp": 1766188988898}, {"id": "3024866779", "price": 88041.2, "amount": 0.002, "side": "buy", "timestamp": 1766188988898}, {"id": "3024866780", "price": 88041.4, "amount": 0.005, "side": "buy", "timestamp": 1766188988898}, {"id": "3024866781", "price": 88041.6, "amount": 0.004, "side": "buy", "timestamp": 1766188988898}, {"id": "3024866782", "price": 88041.8, "amount": 0.002, "side": "buy", "timestamp": 1766188988898}, {"id": "3024866783", "price": 88041.8, "amount": 0.371, "side": "sell", "timestamp": 1766188989319}, {"id": "3024866784", "price": 88041.9, "amount": 0.012, "side": "buy", "timestamp": 1766188989901}, {"id": "3024866785", "price": 88041.9, "amount": 0.01, "side": "buy", "timestamp": 1766188990027}, {"id": "3024866786", "price": 88041.9, "amount": 0.055, "side": "buy", "timestamp": 1766188990228}, {"id": "3024866787", "price": 88041.9, "amount": 0.02, "side": "buy", "timestamp": 1766188990352}, {"id": "3024866788", "price": 88041.9, "amount": 0.003, "side": "buy", "timestamp": 1766188990457}, {"id": "3024866999", "price": 88054.8, "amount": 0.002, "side": "sell", "timestamp": 1766189025972}, {"id": "3024867000", "price": 88054.8, "amount": 0.112, "side": "sell", "timestamp": 1766189026656}, {"id": "3024867001", "price": 88054.8, "amount": 0.111, "side": "sell", "timestamp": 1766189027200}, {"id": "3024867002", "price": 88054.9, "amount": 0.002, "side": "buy", "timestamp": 1766189027277}, {"id": "3024867003", "price": 88054.9, "amount": 0.006, "side": "buy", "timestamp": 1766189027566}, {"id": "3024867004", "price": 88054.9, "amount": 0.011, "side": "buy", "timestamp": 1766189027836}, {"id": "3024867005", "price": 88054.9, "amount": 0.002, "side": "buy", "timestamp": 1766189028767}, {"id": "3024867006", "price": 88054.9, "amount": 0.02, "side": "buy", "timestamp": 1766189029463}, {"id": "3024867007", "price": 88054.9, "amount": 0.003, "side": "buy", "timestamp": 1766189029687}, {"id": "3024867008", "price": 88054.9, "amount": 0.003, "side": "buy", "timestamp": 1766189030053}, {"id": "3024867009", "price": 88054.9, "amount": 0.037, "side": "buy", "timestamp": 1766189030166}, {"id": "3024867010", "price": 88054.8, "amount": 0.03, "side": "sell", "timestamp": 1766189030786}, {"id": "3024867011", "price": 88054.9, "amount": 0.12, "side": "buy", "timestamp": 1766189031410}, {"id": "3024867012", "price": 88054.9, "amount": 0.022, "side": "buy", "timestamp": 1766189031540}, {"id": "3024867013", "price": 88054.8, "amount": 0.01, "side": "sell", "timestamp": 1766189031543}, {"id": "3024867014", "price": 88054.8, "amount": 0.007, "side": "sell", "timestamp": 1766189031690}, {"id": "3024867015", "price": 88054.8, "amount": 1.031, "side": "sell", "timestamp": 1766189032523}, {"id": "3024867016", "price": 88054.9, "amount": 0.587, "side": "buy", "timestamp": 1766189032523}, {"id": "3024867017", "price": 88054.8, "amount": 1.0, "side": "sell", "timestamp": 1766189032906}, {"id": "3024867018", "price": 88054.9, "amount": 0.009, "side": "buy", "timestamp": 1766189033589}, {"id": "3024867019", "price": 88054.9, "amount": 0.019, "side": "buy", "timestamp": 1766189033811}, {"id": "3024867020", "price": 88054.8, "amount": 0.001, "side": "sell", "timestamp": 1766189033911}, {"id": "3024867021", "price": 88054.9, "amount": 0.046, "side": "buy", "timestamp": 1766189034071}, {"id": "3024867022", "price": 88054.8, "amount": 0.09, "side": "sell", "timestamp": 1766189034535}, {"id": "3024867023", "price": 88054.8, "amount": 0.075, "side": "sell", "timestamp": 1766189034968}, {"id": "3024867024", "price": 88054.9, "amount": 0.003, "side": "buy", "timestamp": 1766189035098}, {"id": "3024867025", "price": 88054.9, "amount": 0.002, "side": "buy", "timestamp": 1766189036084}, {"id": "3024867026", "price": 88054.9, "amount": 0.01, "side": "buy", "timestamp": 1766189036412}, {"id": "3024867027", "price": 88054.8, "amount": 0.002, "side": "sell", "timestamp": 1766189036489}, {"id": "3024867028", "price": 88054.8, "amount": 0.002, "side": "sell", "timestamp": 1766189036770}, {"id": "3024867029", "price": 88054.9, "amount": 0.02, "side": "buy", "timestamp": 1766189037178}, {"id": "3024867030", "price": 88054.9, "amount": 0.003, "side": "buy", "timestamp": 1766189037282}, {"id": "3024867031", "price": 88054.9, "amount": 0.017, "side": "buy", "timestamp": 1766189037459}, {"id": "3024867032", "price": 88054.8, "amount": 0.007, "side": "sell", "timestamp": 1766189037930}, {"id": "3024867033", "price": 88054.9, "amount": 0.04, "side": "buy", "timestamp": 1766189038384}, {"id": "3024867034", "price": 88054.8, "amount": 0.002, "side": "sell", "timestamp": 1766189038668}, {"id": "3024867035", "price": 88054.8, "amount": 0.005, "side": "sell", "timestamp": 1766189039027}, {"id": "3024867036", "price": 88054.8, "amount": 0.113, "side": "sell", "timestamp": 1766189039677}, {"id": "3024867037", "price": 88054.9, "amount": 0.111, "side": "buy", "timestamp": 1766189039999}, {"id": "3024867038", "price": 88054.9, "amount": 0.026, "side": "buy", "timestamp": 1766189040113}, {"id": "3024867039", "price": 88054.8, "amount": 0.002, "side": "sell", "timestamp": 1766189040387}, {"id": "3024867040", "price": 88054.8, "amount": 0.035, "side": "sell", "timestamp": 1766189041219}, {"id": "3024867041", "price": 88054.8, "amount": 0.224, "side": "sell", "timestamp": 1766189041329}, {"id": "3024867042", "price": 88054.9, "amount": 0.002, "side": "buy", "timestamp": 1766189041483}, {"id": "3024867043", "price": 88054.8, "amount": 0.15, "side": "sell", "timestamp": 1766189041837}, {"id": "3024867044", "price": 88054.9, "amount": 0.012, "side": "buy", "timestamp": 1766189042003}, {"id": "3024867045", "price": 88054.9, "amount": 0.005, "side": "buy", "timestamp": 1766189042494}, {"id": "3024867046", "price": 88054.9, "amount": 0.006, "side": "buy", "timestamp": 1766189042949}, {"id": "3024867047", "price": 88054.8, "amount": 0.019, "side": "sell", "timestamp": 1766189043215}, {"id": "3024867048", "price": 88054.9, "amount": 0.02, "side": "buy", "timestamp": 1766189043723}, {"id": "3024867287", "price": 88058.2, "amount": 0.003, "side": "buy", "timestamp": 1766189105891}, {"id": "3024867288", "price": 88058.4, "amount": 0.004, "side": "buy", "timestamp": 1766189105891}, {"id": "3024867289", "price": 88058.5, "amount": 0.008, "side": "buy", "timestamp": 1766189105891}, {"id": "3024867290", "price": 88058.8, "amount": 0.007, "side": "buy", "timestamp": 1766189105891}, {"id": "3024867291", "price": 88058.9, "amount": 0.002, "side": "buy", "timestamp": 1766189105891}, {"id": "3024867292", "price": 88059.0, "amount": 0.011, "side": "buy", "timestamp": 1766189105891}, {"id": "3024867293", "price": 88059.1, "amount": 0.002, "side": "buy", "timestamp": 1766189105891}, {"id": "3024867294", "price": 88059.3, "amount": 0.004, "side": "buy", "timestamp": 1766189105891}, {"id": "3024867295", "price": 88059.4, "amount": 0.004, "side": "buy", "timestamp": 1766189105891}, {"id": "3024867296", "price": 88059.5, "amount": 0.023, "side": "buy", "timestamp": 1766189105891}, {"id": "3024867297", "price": 88059.6, "amount": 0.003, "side": "buy", "timestamp": 1766189105891}, {"id": "3024867298", "price": 88059.8, "amount": 0.117, "side": "buy", "timestamp": 1766189105891}, {"id": "3024867299", "price": 88059.9, "amount": 0.004, "side": "buy", "timestamp": 1766189105891}, {"id": "3024867300", "price": 88060.0, "amount": 0.008, "side": "buy", "timestamp": 1766189105891}, {"id": "3024867301", "price": 88060.2, "amount": 0.004, "side": "buy", "timestamp": 1766189105891}, {"id": "3024867302", "price": 88060.3, "amount": 0.015, "side": "buy", "timestamp": 1766189105891}, {"id": "3024867303", "price": 88060.4, "amount": 0.004, "side": "buy", "timestamp": 1766189105891}, {"id": "3024867304", "price": 88060.5, "amount": 0.005, "side": "buy", "timestamp": 1766189105891}, {"id": "3024867305", "price": 88060.6, "amount": 0.008, "side": "buy", "timestamp": 1766189105891}, {"id": "3024867306", "price": 88060.8, "amount": 0.002, "side": "buy", "timestamp": 1766189105891}, {"id": "3024867307", "price": 88060.9, "amount": 0.009, "side": "buy", "timestamp": 1766189105891}, {"id": "3024867308", "price": 88061.0, "amount": 0.116, "side": "buy", "timestamp": 1766189105891}, {"id": "3024867309", "price": 88061.1, "amount": 0.002, "side": "buy", "timestamp": 1766189105891}, {"id": "3024867310", "price": 88061.3, "amount": 0.025, "side": "buy", "timestamp": 1766189105891}, {"id": "3024867311", "price": 88061.4, "amount": 0.005, "side": "buy", "timestamp": 1766189105891}, {"id": "3024867312", "price": 88061.6, "amount": 0.004, "side": "buy", "timestamp": 1766189105891}, {"id": "3024867313", "price": 88061.7, "amount": 0.002, "side": "buy", "timestamp": 1766189105891}, {"id": "3024867314", "price": 88061.8, "amount": 0.04, "side": "buy", "timestamp": 1766189105891}, {"id": "3024867315", "price": 88061.9, "amount": 0.019, "side": "buy", "timestamp": 1766189105891}, {"id": "3024867316", "price": 88062.0, "amount": 0.004, "side": "buy", "timestamp": 1766189105891}, {"id": "3024867317", "price": 88062.1, "amount": 0.002, "side": "buy", "timestamp": 1766189105891}, {"id": "3024867318", "price": 88062.2, "amount": 0.002, "side": "buy", "timestamp": 1766189105891}, {"id": "3024867319", "price": 88062.4, "amount": 0.002, "side": "buy", "timestamp": 1766189105891}, {"id": "3024867320", "price": 88062.6, "amount": 0.003, "side": "buy", "timestamp": 1766189105891}, {"id": "3024867321", "price": 88062.8, "amount": 0.004, "side": "buy", "timestamp": 1766189105891}, {"id": "3024867322", "price": 88062.9, "amount": 0.002, "side": "buy", "timestamp": 1766189105891}, {"id": "3024867323", "price": 88063.0, "amount": 0.027, "side": "buy", "timestamp": 1766189105891}, {"id": "3024867324", "price": 88063.1, "amount": 0.008, "side": "buy", "timestamp": 1766189105891}, {"id": "3024867325", "price": 88063.2, "amount": 0.002, "side": "buy", "timestamp": 1766189105891}, {"id": "3024867326", "price": 88063.4, "amount": 0.007, "side": "buy", "timestamp": 1766189105891}, {"id": "3024867327", "price": 88063.5, "amount": 0.017, "side": "buy", "timestamp": 1766189105891}, {"id": "3024867328", "price": 88063.7, "amount": 0.027, "side": "buy", "timestamp": 1766189105891}, {"id": "3024867329", "price": 88063.8, "amount": 0.114, "side": "buy", "timestamp": 1766189105891}, {"id": "3024867330", "price": 88063.9, "amount": 0.018, "side": "buy", "timestamp": 1766189105891}, {"id": "3024867331", "price": 88063.9, "amount": 0.002, "side": "buy", "timestamp": 1766189106181}, {"id": "3024867332", "price": 88063.8, "amount": 0.002, "side": "sell", "timestamp": 1766189107145}, {"id": "3024867333", "price": 88063.9, "amount": 0.002, "side": "buy", "timestamp": 1766189107156}, {"id": "3024867334", "price": 88063.9, "amount": 0.04, "side": "buy", "timestamp": 1766189107391}, {"id": "3024867335", "price": 88063.9, "amount": 0.004, "side": "buy", "timestamp": 1766189107536}, {"id": "3024867336", "price": 88063.9, "amount": 0.003, "side": "buy", "timestamp": 1766189107731}, {"id": "3024867584", "price": 88042.1, "amount": 0.015, "side": "buy", "timestamp": 1766189155171}, {"id": "3024867585", "price": 88042.3, "amount": 0.002, "side": "buy", "timestamp": 1766189155171}, {"id": "3024867586", "price": 88042.4, "amount": 0.034, "side": "buy", "timestamp": 1766189155171}, {"id": "3024867587", "price": 88042.9, "amount": 0.005, "side": "buy", "timestamp": 1766189155171}, {"id": "3024867588", "price": 88043.0, "amount": 0.002, "side": "buy", "timestamp": 1766189155171}, {"id": "3024867589", "price": 88043.4, "amount": 0.002, "side": "buy", "timestamp": 1766189155172}, {"id": "3024867590", "price": 88043.7, "amount": 0.003, "side": "buy", "timestamp": 1766189155172}, {"id": "3024867591", "price": 88044.0, "amount": 0.002, "side": "buy", "timestamp": 1766189155172}, {"id": "3024867592", "price": 88044.1, "amount": 0.024, "side": "buy", "timestamp": 1766189155172}, {"id": "3024867593", "price": 88044.2, "amount": 0.002, "side": "buy", "timestamp": 1766189155172}, {"id": "3024867594", "price": 88044.3, "amount": 0.002, "side": "buy", "timestamp": 1766189155172}, {"id": "3024867595", "price": 88044.4, "amount": 0.003, "side": "buy", "timestamp": 1766189155172}, {"id": "3024867596", "price": 88044.5, "amount": 0.003, "side": "buy", "timestamp": 1766189155173}, {"id": "3024867597", "price": 88044.6, "amount": 0.17, "side": "buy", "timestamp": 1766189155572}, {"id": "3024867598", "price": 88044.5, "amount": 0.008, "side": "sell", "timestamp": 1766189155582}, {"id": "3024867599", "price": 88044.5, "amount": 0.01, "side": "sell", "timestamp": 1766189155849}, {"id": "3024867600", "price": 88044.6, "amount": 0.01, "side": "buy", "timestamp": 1766189156155}, {"id": "3024867601", "price": 88044.5, "amount": 0.003, "side": "sell", "timestamp": 1766189156261}, {"id": "3024867602", "price": 88044.5, "amount": 0.002, "side": "sell", "timestamp": 1766189156366}, {"id": "3024867603", "price": 88044.6, "amount": 0.003, "side": "buy", "timestamp": 1766189156417}, {"id": "3024867604", "price": 88044.6, "amount": 0.11, "side": "buy", "timestamp": 1766189156557}, {"id": "3024867605", "price": 88044.7, "amount": 0.002, "side": "buy", "timestamp": 1766189156557}, {"id": "3024867606", "price": 88045.0, "amount": 0.008, "side": "buy", "timestamp": 1766189156557}, {"id": "3024867607", "price": 88045.1, "amount": 0.237, "side": "buy", "timestamp": 1766189156557}, {"id": "3024867608", "price": 88045.5, "amount": 0.004, "side": "buy", "timestamp": 1766189156560}, {"id": "3024867609", "price": 88046.0, "amount": 0.032, "side": "buy", "timestamp": 1766189156560}, {"id": "3024867610", "price": 88046.1, "amount": 0.002, "side": "buy", "timestamp": 1766189156560}, {"id": "3024867611", "price": 88046.3, "amount": 0.003, "side": "buy", "timestamp": 1766189156563}, {"id": "3024867612", "price": 88046.4, "amount": 0.002, "side": "buy", "timestamp": 1766189156563}, {"id": "3024867613", "price": 88046.6, "amount": 0.003, "side": "buy", "timestamp": 1766189156563}, {"id": "3024867614", "price": 88046.8, "amount": 0.019, "side": "buy", "timestamp": 1766189156565}, {"id": "3024867615", "price": 88046.9, "amount": 0.004, "side": "buy", "timestamp": 1766189156565}, {"id": "3024867616", "price": 88047.0, "amount": 0.06, "side": "buy", "timestamp": 1766189156569}, {"id": "3024867617", "price": 88047.2, "amount": 0.008, "side": "buy", "timestamp": 1766189156571}, {"id": "3024867618", "price": 88047.5, "amount": 0.004, "side": "buy", "timestamp": 1766189156571}, {"id": "3024867619", "price": 88047.8, "amount": 0.002, "side": "buy", "timestamp": 1766189156571}, {"id": "3024867620", "price": 88048.2, "amount": 0.002, "side": "buy", "timestamp": 1766189156571}, {"id": "3024867621", "price": 88048.4, "amount": 0.002, "side": "buy", "timestamp": 1766189156571}, {"id": "3024867622", "price": 88048.8, "amount": 0.02, "side": "buy", "timestamp": 1766189156571}, {"id": "3024867623", "price": 88048.7, "amount": 0.025, "side": "sell", "timestamp": 1766189156925}, {"id": "3024867624", "price": 88048.7, "amount": 0.003, "side": "sell", "timestamp": 1766189157153}, {"id": "3024867625", "price": 88048.8, "amount": 0.018, "side": "buy", "timestamp": 1766189157943}, {"id": "3024867626", "price": 88048.8, "amount": 0.012, "side": "buy", "timestamp": 1766189158769}, {"id": "3024867627", "price": 88048.7, "amount": 0.002, "side": "sell", "timestamp": 1766189160170}, {"id": "3024867628", "price": 88048.8, "amount": 0.005, "side": "buy", "timestamp": 1766189160220}, {"id": "3024867629", "price": 88048.7, "amount": 0.002, "side": "sell", "timestamp": 1766189160307}, {"id": "3024867630", "price": 88048.8, "amount": 4.733, "side": "buy", "timestamp": 1766189160511}, {"id": "3024867631", "price": 88048.7, "amount": 0.102, "side": "sell", "timestamp": 1766189160823}, {"id": "3024867632", "price": 88048.8, "amount": 0.003, "side": "buy", "timestamp": 1766189160885}, {"id": "3024867633", "price": 88048.8, "amount": 0.003, "side": "buy", "timestamp": 1766189161711}, {"id": "3024868000", "price": 88016.4, "amount": 0.002, "side": "sell", "timestamp": 1766189206188}, {"id": "3024868001", "price": 88016.3, "amount": 0.038, "side": "sell", "timestamp": 1766189206324}, {"id": "3024868002", "price": 88016.2, "amount": 0.002, "side": "sell", "timestamp": 1766189206357}, {"id": "3024868003", "price": 88016.0, "amount": 0.025, "side": "sell", "timestamp": 1766189206357}, {"id": "3024868004", "price": 88016.0, "amount": 0.559, "side": "sell", "timestamp": 1766189206568}, {"id": "3024868005", "price": 88015.9, "amount": 0.008, "side": "sell", "timestamp": 1766189206646}, {"id": "3024868006", "price": 88015.7, "amount": 0.004, "side": "sell", "timestamp": 1766189206646}, {"id": "3024868007", "price": 88015.3, "amount": 0.002, "side": "sell", "timestamp": 1766189206646}, {"id": "3024868008", "price": 88015.2, "amount": 0.002, "side": "sell", "timestamp": 1766189206646}, {"id": "3024868009", "price": 88014.9, "amount": 0.002, "side": "sell", "timestamp": 1766189206646}, {"id": "3024868010", "price": 88014.6, "amount": 0.002, "side": "sell", "timestamp": 1766189206646}, {"id": "3024868011", "price": 88014.2, "amount": 0.004, "side": "sell", "timestamp": 1766189206646}, {"id": "3024868012", "price": 88014.1, "amount": 0.006, "side": "sell", "timestamp": 1766189206646}, {"id": "3024868013", "price": 88014.0, "amount": 0.003, "side": "sell", "timestamp": 1766189206646}, {"id": "3024868014", "price": 88013.7, "amount": 0.033, "side": "sell", "timestamp": 1766189206650}, {"id": "3024868015", "price": 88013.2, "amount": 0.006, "side": "sell", "timestamp": 1766189206652}, {"id": "3024868016", "price": 88012.9, "amount": 0.005, "side": "sell", "timestamp": 1766189206655}, {"id": "3024868017", "price": 88012.8, "amount": 0.002, "side": "sell", "timestamp": 1766189206655}, {"id": "3024868018", "price": 88012.6, "amount": 0.004, "side": "sell", "timestamp": 1766189206655}, {"id": "3024868019", "price": 88012.2, "amount": 0.002, "side": "sell", "timestamp": 1766189206655}, {"id": "3024868020", "price": 88012.0, "amount": 0.002, "side": "sell", "timestamp": 1766189206655}, {"id": "3024868021", "price": 88011.9, "amount": 0.006, "side": "sell", "timestamp": 1766189206655}, {"id": "3024868022", "price": 88011.8, "amount": 0.002, "side": "sell", "timestamp": 1766189206655}, {"id": "3024868023", "price": 88011.7, "amount": 0.02, "side": "sell", "timestamp": 1766189206658}, {"id": "3024868024", "price": 88011.7, "amount": 0.264, "side": "sell", "timestamp": 1766189206984}, {"id": "3024868025", "price": 88011.7, "amount": 0.092, "side": "sell", "timestamp": 1766189207430}, {"id": "3024868026", "price": 88011.6, "amount": 0.033, "side": "sell", "timestamp": 1766189207555}, {"id": "3024868027", "price": 88011.7, "amount": 0.284, "side": "buy", "timestamp": 1766189208006}, {"id": "3024868028", "price": 88011.6, "amount": 0.012, "side": "sell", "timestamp": 1766189208613}, {"id": "3024868029", "price": 88011.6, "amount": 0.019, "side": "sell", "timestamp": 1766189208836}, {"id": "3024868030", "price": 88011.6, "amount": 0.284, "side": "sell", "timestamp": 1766189209147}, {"id": "3024868031", "price": 88011.5, "amount": 0.002, "side": "sell", "timestamp": 1766189209242}, {"id": "3024868032", "price": 88011.2, "amount": 0.002, "side": "sell", "timestamp": 1766189209242}, {"id": "3024868033", "price": 88011.1, "amount": 0.005, "side": "sell", "timestamp": 1766189209243}, {"id": "3024868034", "price": 88011.0, "amount": 0.002, "side": "sell", "timestamp": 1766189209243}, {"id": "3024868035", "price": 88010.7, "amount": 0.002, "side": "sell", "timestamp": 1766189209243}, {"id": "3024868036", "price": 88010.4, "amount": 0.006, "side": "sell", "timestamp": 1766189209245}, {"id": "3024868037", "price": 88010.2, "amount": 0.01, "side": "sell", "timestamp": 1766189209245}, {"id": "3024868038", "price": 88010.0, "amount": 0.025, "side": "sell", "timestamp": 1766189209251}, {"id": "3024868039", "price": 88009.9, "amount": 0.003, "side": "sell", "timestamp": 1766189209251}, {"id": "3024868040", "price": 88009.8, "amount": 0.016, "side": "sell", "timestamp": 1766189209541}, {"id": "3024868041", "price": 88009.8, "amount": 0.038, "side": "sell", "timestamp": 1766189209790}, {"id": "3024868042", "price": 88009.8, "amount": 0.008, "side": "sell", "timestamp": 1766189210556}, {"id": "3024868043", "price": 88009.8, "amount": 0.02, "side": "sell", "timestamp": 1766189210719}, {"id": "3024868044", "price": 88009.9, "amount": 0.004, "side": "buy", "timestamp": 1766189210791}, {"id": "3024868045", "price": 88009.9, "amount": 0.002, "side": "buy", "timestamp": 1766189211208}, {"id": "3024868046", "price": 88009.8, "amount": 0.002, "side": "sell", "timestamp": 1766189211489}, {"id": "3024868047", "price": 88009.8, "amount": 0.007, "side": "sell", "timestamp": 1766189212293}, {"id": "3024868048", "price": 88009.8, "amount": 0.124, "side": "sell", "timestamp": 1766189213191}, {"id": "3024868049", "price": 88009.8, "amount": 0.011, "side": "sell", "timestamp": 1766189213357}, {"id": "3024868487", "price": 87983.1, "amount": 0.003, "side": "sell", "timestamp": 1766189264753}, {"id": "3024868488", "price": 87983.1, "amount": 0.205, "side": "sell", "timestamp": 1766189264946}, {"id": "3024868489", "price": 87983.1, "amount": 0.078, "side": "sell", "timestamp": 1766189265172}, {"id": "3024868490", "price": 87983.1, "amount": 0.008, "side": "sell", "timestamp": 1766189265339}, {"id": "3024868491", "price": 87983.1, "amount": 0.022, "side": "sell", "timestamp": 1766189265443}, {"id": "3024868492", "price": 87983.1, "amount": 2.267, "side": "sell", "timestamp": 1766189265546}, {"id": "3024868493", "price": 87983.0, "amount": 0.002, "side": "sell", "timestamp": 1766189265546}, {"id": "3024868494", "price": 87982.9, "amount": 0.002, "side": "sell", "timestamp": 1766189265546}, {"id": "3024868495", "price": 87982.8, "amount": 0.006, "side": "sell", "timestamp": 1766189265546}, {"id": "3024868496", "price": 87982.7, "amount": 0.012, "side": "sell", "timestamp": 1766189265546}, {"id": "3024868497", "price": 87982.6, "amount": 0.002, "side": "sell", "timestamp": 1766189265546}, {"id": "3024868498", "price": 87982.4, "amount": 0.002, "side": "sell", "timestamp": 1766189265546}, {"id": "3024868499", "price": 87982.3, "amount": 0.003, "side": "sell", "timestamp": 1766189265546}, {"id": "3024868500", "price": 87982.2, "amount": 0.116, "side": "sell", "timestamp": 1766189265546}, {"id": "3024868501", "price": 87981.9, "amount": 0.014, "side": "sell", "timestamp": 1766189265546}, {"id": "3024868502", "price": 87981.7, "amount": 0.004, "side": "sell", "timestamp": 1766189265546}, {"id": "3024868503", "price": 87981.6, "amount": 0.011, "side": "sell", "timestamp": 1766189265546}, {"id": "3024868504", "price": 87981.4, "amount": 0.002, "side": "sell", "timestamp": 1766189265546}, {"id": "3024868505", "price": 87981.3, "amount": 0.015, "side": "sell", "timestamp": 1766189265546}, {"id": "3024868506", "price": 87981.2, "amount": 0.002, "side": "sell", "timestamp": 1766189265546}, {"id": "3024868507", "price": 87981.1, "amount": 0.002, "side": "sell", "timestamp": 1766189265546}, {"id": "3024868508", "price": 87981.0, "amount": 0.002, "side": "sell", "timestamp": 1766189265546}, {"id": "3024868509", "price": 87980.9, "amount": 0.002, "side": "sell", "timestamp": 1766189265546}, {"id": "3024868510", "price": 87980.8, "amount": 0.12, "side": "sell", "timestamp": 1766189265546}, {"id": "3024868511", "price": 87980.7, "amount": 0.004, "side": "sell", "timestamp": 1766189265546}, {"id": "3024868512", "price": 87980.3, "amount": 0.002, "side": "sell", "timestamp": 1766189265546}, {"id": "3024868513", "price": 87980.2, "amount": 0.005, "side": "sell", "timestamp": 1766189265546}, {"id": "3024868514", "price": 87980.0, "amount": 0.06, "side": "sell", "timestamp": 1766189265546}, {"id": "3024868515", "price": 87979.8, "amount": 0.003, "side": "sell", "timestamp": 1766189265546}, {"id": "3024868516", "price": 87979.7, "amount": 0.006, "side": "sell", "timestamp": 1766189265546}, {"id": "3024868517", "price": 87979.5, "amount": 0.002, "side": "sell", "timestamp": 1766189265546}, {"id": "3024868518", "price": 87979.4, "amount": 0.114, "side": "sell", "timestamp": 1766189265546}, {"id": "3024868519", "price": 87979.3, "amount": 0.002, "side": "sell", "timestamp": 1766189265546}, {"id": "3024868520", "price": 87979.2, "amount": 0.007, "side": "sell", "timestamp": 1766189265546}, {"id": "3024868521", "price": 87979.0, "amount": 0.002, "side": "sell", "timestamp": 1766189265546}, {"id": "3024868522", "price": 87978.9, "amount": 0.033, "side": "sell", "timestamp": 1766189265546}, {"id": "3024868523", "price": 87978.8, "amount": 0.026, "side": "sell", "timestamp": 1766189265546}, {"id": "3024868524", "price": 87978.7, "amount": 0.273, "side": "sell", "timestamp": 1766189265546}, {"id": "3024868525", "price": 87978.5, "amount": 0.008, "side": "sell", "timestamp": 1766189265546}, {"id": "3024868526", "price": 87978.4, "amount": 0.007, "side": "sell", "timestamp": 1766189265546}, {"id": "3024868527", "price": 87978.3, "amount": 0.002, "side": "sell", "timestamp": 1766189265546}, {"id": "3024868528", "price": 87978.2, "amount": 0.002, "side": "sell", "timestamp": 1766189265546}, {"id": "3024868529", "price": 87978.1, "amount": 0.04, "side": "sell", "timestamp": 1766189265546}, {"id": "3024868530", "price": 87978.0, "amount": 0.01, "side": "sell", "timestamp": 1766189265707}, {"id": "3024868531", "price": 87978.1, "amount": 0.048, "side": "buy", "timestamp": 1766189265844}, {"id": "3024868532", "price": 87978.0, "amount": 0.049, "side": "sell", "timestamp": 1766189266036}, {"id": "3024868533", "price": 87978.0, "amount": 0.002, "side": "sell", "timestamp": 1766189266213}, {"id": "3024868534", "price": 87978.0, "amount": 0.186, "side": "sell", "timestamp": 1766189266389}, {"id": "3024868535", "price": 87978.0, "amount": 0.037, "side": "sell", "timestamp": 1766189267162}, {"id": "3024868536", "price": 87978.0, "amount": 0.003, "side": "sell", "timestamp": 1766189267284}, {"id": "3024869047", "price": 88029.0, "amount": 0.011, "side": "buy", "timestamp": 1766189316917}, {"id": "3024869048", "price": 88029.1, "amount": 0.118, "side": "buy", "timestamp": 1766189316917}, {"id": "3024869049", "price": 88029.2, "amount": 0.023, "side": "buy", "timestamp": 1766189316919}, {"id": "3024869050", "price": 88029.3, "amount": 0.005, "side": "buy", "timestamp": 1766189316919}, {"id": "3024869051", "price": 88029.6, "amount": 0.002, "side": "buy", "timestamp": 1766189316919}, {"id": "3024869052", "price": 88029.7, "amount": 0.005, "side": "buy", "timestamp": 1766189316924}, {"id": "3024869053", "price": 88029.8, "amount": 0.004, "side": "buy", "timestamp": 1766189316924}, {"id": "3024869054", "price": 88030.0, "amount": 0.045, "side": "buy", "timestamp": 1766189316924}, {"id": "3024869055", "price": 88030.3, "amount": 0.002, "side": "buy", "timestamp": 1766189316955}, {"id": "3024869056", "price": 88030.4, "amount": 0.002, "side": "buy", "timestamp": 1766189316955}, {"id": "3024869057", "price": 88030.5, "amount": 0.003, "side": "buy", "timestamp": 1766189316955}, {"id": "3024869058", "price": 88030.8, "amount": 0.012, "side": "buy", "timestamp": 1766189316955}, {"id": "3024869059", "price": 88031.2, "amount": 0.003, "side": "buy", "timestamp": 1766189316956}, {"id": "3024869060", "price": 88031.3, "amount": 0.005, "side": "buy", "timestamp": 1766189316956}, {"id": "3024869061", "price": 88031.5, "amount": 0.006, "side": "buy", "timestamp": 1766189316959}, {"id": "3024869062", "price": 88031.8, "amount": 0.022, "side": "buy", "timestamp": 1766189316959}, {"id": "3024869063", "price": 88032.0, "amount": 0.007, "side": "buy", "timestamp": 1766189316959}, {"id": "3024869064", "price": 88032.1, "amount": 0.003, "side": "buy", "timestamp": 1766189316959}, {"id": "3024869065", "price": 88032.2, "amount": 0.032, "side": "buy", "timestamp": 1766189316959}, {"id": "3024869066", "price": 88032.3, "amount": 0.002, "side": "buy", "timestamp": 1766189316962}, {"id": "3024869067", "price": 88032.5, "amount": 0.005, "side": "buy", "timestamp": 1766189316962}, {"id": "3024869068", "price": 88032.8, "amount": 0.004, "side": "buy", "timestamp": 1766189316962}, {"id": "3024869069", "price": 88033.0, "amount": 0.003, "side": "buy", "timestamp": 1766189316962}, {"id": "3024869070", "price": 88033.3, "amount": 0.005, "side": "buy", "timestamp": 1766189316962}, {"id": "3024869071", "price": 88033.4, "amount": 0.002, "side": "buy", "timestamp": 1766189316962}, {"id": "3024869072", "price": 88033.5, "amount": 0.006, "side": "buy", "timestamp": 1766189316962}, {"id": "3024869073", "price": 88033.6, "amount": 0.004, "side": "buy", "timestamp": 1766189316962}, {"id": "3024869074", "price": 88033.8, "amount": 0.005, "side": "buy", "timestamp": 1766189316974}, {"id": "3024869075", "price": 88034.1, "amount": 0.006, "side": "buy", "timestamp": 1766189316974}, {"id": "3024869076", "price": 88034.3, "amount": 0.002, "side": "buy", "timestamp": 1766189316974}, {"id": "3024869077", "price": 88034.4, "amount": 0.002, "side": "buy", "timestamp": 1766189316974}, {"id": "3024869078", "price": 88034.6, "amount": 0.003, "side": "buy", "timestamp": 1766189316974}, {"id": "3024869079", "price": 88034.8, "amount": 0.002, "side": "buy", "timestamp": 1766189316974}, {"id": "3024869080", "price": 88034.9, "amount": 0.002, "side": "buy", "timestamp": 1766189316974}, {"id": "3024869081", "price": 88035.0, "amount": 0.004, "side": "buy", "timestamp": 1766189316974}, {"id": "3024869082", "price": 88035.2, "amount": 0.002, "side": "buy", "timestamp": 1766189316974}, {"id": "3024869083", "price": 88035.3, "amount": 0.002, "side": "buy", "timestamp": 1766189316981}, {"id": "3024869084", "price": 88035.4, "amount": 0.005, "side": "buy", "timestamp": 1766189316981}, {"id": "3024869085", "price": 88035.5, "amount": 0.058, "side": "buy", "timestamp": 1766189316981}, {"id": "3024869086", "price": 88032.8, "amount": 0.5, "side": "sell", "timestamp": 1766189316987}, {"id": "3024869087", "price": 88035.5, "amount": 0.002, "side": "buy", "timestamp": 1766189316988}, {"id": "3024869088", "price": 88035.4, "amount": 0.002, "side": "sell", "timestamp": 1766189317038}, {"id": "3024869089", "price": 88035.5, "amount": 0.02, "side": "buy", "timestamp": 1766189317064}, {"id": "3024869090", "price": 88035.4, "amount": 0.154, "side": "sell", "timestamp": 1766189317698}, {"id": "3024869091", "price": 88035.4, "amount": 0.002, "side": "sell", "timestamp": 1766189317875}, {"id": "3024869092", "price": 88035.5, "amount": 0.01, "side": "buy", "timestamp": 1766189318177}, {"id": "3024869093", "price": 88035.5, "amount": 0.005, "side": "buy", "timestamp": 1766189318405}, {"id": "3024869094", "price": 88035.5, "amount": 0.005, "side": "buy", "timestamp": 1766189318586}, {"id": "3024869095", "price": 88035.5, "amount": 0.026, "side": "buy", "timestamp": 1766189319717}, {"id": "3024869096", "price": 88035.5, "amount": 0.004, "side": "buy", "timestamp": 1766189320140}, {"id": "3024869501", "price": 88039.1, "amount": 0.002, "side": "sell", "timestamp": 1766189365603}, {"id": "3024869502", "price": 88039.0, "amount": 0.003, "side": "sell", "timestamp": 1766189365603}, {"id": "3024869503", "price": 88038.8, "amount": 0.03, "side": "sell", "timestamp": 1766189365607}, {"id": "3024869504", "price": 88038.6, "amount": 0.007, "side": "sell", "timestamp": 1766189365610}, {"id": "3024869505", "price": 88038.4, "amount": 0.018, "side": "sell", "timestamp": 1766189365610}, {"id": "3024869506", "price": 88038.4, "amount": 0.011, "side": "buy", "timestamp": 1766189366302}, {"id": "3024869507", "price": 88038.4, "amount": 0.036, "side": "buy", "timestamp": 1766189366702}, {"id": "3024869508", "price": 88038.3, "amount": 0.5, "side": "sell", "timestamp": 1766189368737}, {"id": "3024869509", "price": 88038.4, "amount": 0.002, "side": "buy", "timestamp": 1766189369619}, {"id": "3024869510", "price": 88038.3, "amount": 0.002, "side": "sell", "timestamp": 1766189370036}, {"id": "3024869511", "price": 88038.4, "amount": 0.002, "side": "buy", "timestamp": 1766189370302}, {"id": "3024869512", "price": 88038.3, "amount": 2.914, "side": "sell", "timestamp": 1766189371751}, {"id": "3024869513", "price": 88038.2, "amount": 0.004, "side": "sell", "timestamp": 1766189371752}, {"id": "3024869514", "price": 88038.0, "amount": 0.013, "side": "sell", "timestamp": 1766189371752}, {"id": "3024869515", "price": 88037.9, "amount": 0.002, "side": "sell", "timestamp": 1766189371752}, {"id": "3024869516", "price": 88037.5, "amount": 0.063, "side": "sell", "timestamp": 1766189371752}, {"id": "3024869517", "price": 88037.4, "amount": 0.002, "side": "sell", "timestamp": 1766189371752}, {"id": "3024869518", "price": 88037.3, "amount": 0.06, "side": "sell", "timestamp": 1766189371754}, {"id": "3024869519", "price": 88037.2, "amount": 0.027, "side": "sell", "timestamp": 1766189371807}, {"id": "3024869520", "price": 88037.3, "amount": 0.003, "side": "buy", "timestamp": 1766189372373}, {"id": "3024869521", "price": 88037.2, "amount": 0.012, "side": "sell", "timestamp": 1766189372621}, {"id": "3024869522", "price": 88037.3, "amount": 0.005, "side": "buy", "timestamp": 1766189372842}, {"id": "3024869523", "price": 88037.2, "amount": 0.03, "side": "sell", "timestamp": 1766189373292}, {"id": "3024869524", "price": 88037.2, "amount": 0.229, "side": "sell", "timestamp": 1766189373435}, {"id": "3024869525", "price": 88037.1, "amount": 0.002, "side": "sell", "timestamp": 1766189373435}, {"id": "3024869526", "price": 88036.9, "amount": 0.01, "side": "sell", "timestamp": 1766189373435}, {"id": "3024869527", "price": 88036.6, "amount": 0.061, "side": "sell", "timestamp": 1766189373440}, {"id": "3024869528", "price": 88036.5, "amount": 0.002, "side": "sell", "timestamp": 1766189373440}, {"id": "3024869529", "price": 88036.3, "amount": 0.062, "side": "sell", "timestamp": 1766189373444}, {"id": "3024869530", "price": 88036.0, "amount": 0.002, "side": "sell", "timestamp": 1766189373447}, {"id": "3024869531", "price": 88035.8, "amount": 0.005, "side": "sell", "timestamp": 1766189373447}, {"id": "3024869532", "price": 88035.5, "amount": 0.008, "side": "sell", "timestamp": 1766189373447}, {"id": "3024869533", "price": 88035.4, "amount": 0.003, "side": "sell", "timestamp": 1766189373447}, {"id": "3024869534", "price": 88035.2, "amount": 0.002, "side": "sell", "timestamp": 1766189373447}, {"id": "3024869535", "price": 88035.0, "amount": 0.002, "side": "sell", "timestamp": 1766189373447}, {"id": "3024869536", "price": 88034.9, "amount": 0.004, "side": "sell", "timestamp": 1766189373447}, {"id": "3024869537", "price": 88034.7, "amount": 0.002, "side": "sell", "timestamp": 1766189373447}, {"id": "3024869538", "price": 88034.5, "amount": 0.008, "side": "sell", "timestamp": 1766189373455}, {"id": "3024869539", "price": 88034.1, "amount": 0.002, "side": "buy", "timestamp": 1766189373455}, {"id": "3024869540", "price": 88034.0, "amount": 0.005, "side": "sell", "timestamp": 1766189373457}, {"id": "3024869541", "price": 88033.8, "amount": 0.002, "side": "sell", "timestamp": 1766189373457}, {"id": "3024869542", "price": 88033.5, "amount": 0.002, "side": "sell", "timestamp": 1766189373457}, {"id": "3024869543", "price": 88033.4, "amount": 0.005, "side": "sell", "timestamp": 1766189373457}, {"id": "3024869544", "price": 88033.1, "amount": 0.003, "side": "sell", "timestamp": 1766189373457}, {"id": "3024869545", "price": 88033.0, "amount": 0.002, "side": "sell", "timestamp": 1766189373457}, {"id": "3024869546", "price": 88032.9, "amount": 0.002, "side": "sell", "timestamp": 1766189373457}, {"id": "3024869547", "price": 88032.7, "amount": 0.002, "side": "sell", "timestamp": 1766189373457}, {"id": "3024869548", "price": 88032.5, "amount": 0.002, "side": "sell", "timestamp": 1766189373457}, {"id": "3024869549", "price": 88032.3, "amount": 0.051, "side": "sell", "timestamp": 1766189373460}, {"id": "3024869550", "price": 88032.2, "amount": 0.026, "side": "sell", "timestamp": 1766189373512}, {"id": "3024870148", "price": 88012.5, "amount": 0.002, "side": "buy", "timestamp": 1766189425097}, {"id": "3024870149", "price": 88012.6, "amount": 0.002, "side": "buy", "timestamp": 1766189425097}, {"id": "3024870150", "price": 88012.8, "amount": 0.002, "side": "buy", "timestamp": 1766189425097}, {"id": "3024870151", "price": 88013.0, "amount": 0.002, "side": "buy", "timestamp": 1766189425097}, {"id": "3024870152", "price": 88013.2, "amount": 0.005, "side": "buy", "timestamp": 1766189425097}, {"id": "3024870153", "price": 88013.5, "amount": 0.002, "side": "buy", "timestamp": 1766189425097}, {"id": "3024870154", "price": 88013.6, "amount": 0.002, "side": "buy", "timestamp": 1766189425097}, {"id": "3024870155", "price": 88013.7, "amount": 0.008, "side": "buy", "timestamp": 1766189425097}, {"id": "3024870156", "price": 88014.0, "amount": 0.005, "side": "buy", "timestamp": 1766189425097}, {"id": "3024870157", "price": 88014.3, "amount": 0.008, "side": "buy", "timestamp": 1766189425106}, {"id": "3024870158", "price": 88014.4, "amount": 0.007, "side": "buy", "timestamp": 1766189425109}, {"id": "3024870159", "price": 88014.5, "amount": 0.002, "side": "buy", "timestamp": 1766189425109}, {"id": "3024870160", "price": 88015.0, "amount": 0.005, "side": "buy", "timestamp": 1766189425109}, {"id": "3024870161", "price": 88015.1, "amount": 0.081, "side": "buy", "timestamp": 1766189425116}, {"id": "3024870162", "price": 88015.2, "amount": 0.004, "side": "buy", "timestamp": 1766189425119}, {"id": "3024870163", "price": 88015.4, "amount": 0.003, "side": "buy", "timestamp": 1766189425119}, {"id": "3024870164", "price": 88015.5, "amount": 0.039, "side": "buy", "timestamp": 1766189425123}, {"id": "3024870165", "price": 88015.6, "amount": 0.002, "side": "buy", "timestamp": 1766189425125}, {"id": "3024870166", "price": 88015.9, "amount": 0.003, "side": "buy", "timestamp": 1766189425125}, {"id": "3024870167", "price": 88016.1, "amount": 0.004, "side": "buy", "timestamp": 1766189425125}, {"id": "3024870168", "price": 88016.8, "amount": 0.002, "side": "buy", "timestamp": 1766189425125}, {"id": "3024870169", "price": 88016.9, "amount": 0.004, "side": "buy", "timestamp": 1766189425125}, {"id": "3024870170", "price": 88017.1, "amount": 0.002, "side": "buy", "timestamp": 1766189425125}, {"id": "3024870171", "price": 88017.4, "amount": 0.002, "side": "buy", "timestamp": 1766189425125}, {"id": "3024870172", "price": 88017.5, "amount": 0.004, "side": "buy", "timestamp": 1766189425125}, {"id": "3024870173", "price": 88017.6, "amount": 0.002, "side": "buy", "timestamp": 1766189425125}, {"id": "3024870174", "price": 88017.8, "amount": 0.052, "side": "buy", "timestamp": 1766189425128}, {"id": "3024870175", "price": 88017.9, "amount": 0.004, "side": "buy", "timestamp": 1766189425158}, {"id": "3024870176", "price": 88018.2, "amount": 0.07, "side": "buy", "timestamp": 1766189425163}, {"id": "3024870177", "price": 88018.4, "amount": 0.002, "side": "buy", "timestamp": 1766189425166}, {"id": "3024870178", "price": 88018.7, "amount": 0.002, "side": "buy", "timestamp": 1766189425166}, {"id": "3024870179", "price": 88019.0, "amount": 0.002, "side": "buy", "timestamp": 1766189425166}, {"id": "3024870180", "price": 88019.3, "amount": 0.003, "side": "buy", "timestamp": 1766189425166}, {"id": "3024870181", "price": 88019.4, "amount": 0.002, "side": "buy", "timestamp": 1766189425166}, {"id": "3024870182", "price": 88019.7, "amount": 0.004, "side": "buy", "timestamp": 1766189425166}, {"id": "3024870183", "price": 88019.8, "amount": 0.003, "side": "buy", "timestamp": 1766189425166}, {"id": "3024870184", "price": 88020.0, "amount": 0.006, "side": "buy", "timestamp": 1766189425166}, {"id": "3024870185", "price": 88020.4, "amount": 0.005, "side": "buy", "timestamp": 1766189425166}, {"id": "3024870186", "price": 88020.5, "amount": 0.002, "side": "buy", "timestamp": 1766189425166}, {"id": "3024870187", "price": 88020.6, "amount": 0.002, "side": "buy", "timestamp": 1766189425166}, {"id": "3024870188", "price": 88020.7, "amount": 0.002, "side": "buy", "timestamp": 1766189425166}, {"id": "3024870189", "price": 88020.8, "amount": 0.005, "side": "buy", "timestamp": 1766189425194}, {"id": "3024870190", "price": 88020.8, "amount": 0.002, "side": "buy", "timestamp": 1766189425330}, {"id": "3024870191", "price": 88020.7, "amount": 0.002, "side": "sell", "timestamp": 1766189425702}, {"id": "3024870192", "price": 88020.7, "amount": 2.19, "side": "sell", "timestamp": 1766189425864}, {"id": "3024870193", "price": 88020.7, "amount": 0.002, "side": "sell", "timestamp": 1766189426438}, {"id": "3024870194", "price": 88020.8, "amount": 0.01, "side": "buy", "timestamp": 1766189426640}, {"id": "3024870195", "price": 88020.8, "amount": 0.002, "side": "buy", "timestamp": 1766189426983}, {"id": "3024870196", "price": 88020.7, "amount": 0.037, "side": "sell", "timestamp": 1766189427035}, {"id": "3024870197", "price": 88020.7, "amount": 0.02, "side": "sell", "timestamp": 1766189427672}, {"id": "3024870512", "price": 88011.9, "amount": 5.909, "side": "buy", "timestamp": 1766189466591}, {"id": "3024870513", "price": 88012.0, "amount": 0.125, "side": "buy", "timestamp": 1766189466609}, {"id": "3024870514", "price": 88012.5, "amount": 0.002, "side": "buy", "timestamp": 1766189466609}, {"id": "3024870515", "price": 88012.7, "amount": 0.002, "side": "buy", "timestamp": 1766189466609}, {"id": "3024870516", "price": 88012.8, "amount": 0.07, "side": "buy", "timestamp": 1766189466611}, {"id": "3024870517", "price": 88013.2, "amount": 0.002, "side": "buy", "timestamp": 1766189466611}, {"id": "3024870518", "price": 88013.3, "amount": 0.045, "side": "buy", "timestamp": 1766189466611}, {"id": "3024870519", "price": 88013.4, "amount": 0.002, "side": "buy", "timestamp": 1766189466653}, {"id": "3024870520", "price": 88013.6, "amount": 0.002, "side": "buy", "timestamp": 1766189466653}, {"id": "3024870521", "price": 88013.8, "amount": 0.002, "side": "buy", "timestamp": 1766189466653}, {"id": "3024870522", "price": 88013.9, "amount": 0.003, "side": "buy", "timestamp": 1766189466653}, {"id": "3024870523", "price": 88014.3, "amount": 0.002, "side": "buy", "timestamp": 1766189466653}, {"id": "3024870524", "price": 88014.5, "amount": 0.004, "side": "buy", "timestamp": 1766189466653}, {"id": "3024870525", "price": 88014.7, "amount": 0.003, "side": "buy", "timestamp": 1766189466653}, {"id": "3024870526", "price": 88014.9, "amount": 0.005, "side": "buy", "timestamp": 1766189466653}, {"id": "3024870527", "price": 88015.0, "amount": 0.002, "side": "buy", "timestamp": 1766189466653}, {"id": "3024870528", "price": 88015.2, "amount": 0.004, "side": "buy", "timestamp": 1766189466653}, {"id": "3024870529", "price": 88015.4, "amount": 0.002, "side": "buy", "timestamp": 1766189466653}, {"id": "3024870530", "price": 88015.5, "amount": 0.003, "side": "buy", "timestamp": 1766189466653}, {"id": "3024870531", "price": 88015.9, "amount": 0.006, "side": "buy", "timestamp": 1766189466653}, {"id": "3024870532", "price": 88015.8, "amount": 0.006, "side": "sell", "timestamp": 1766189466661}, {"id": "3024870533", "price": 88016.1, "amount": 0.003, "side": "buy", "timestamp": 1766189466713}, {"id": "3024870534", "price": 88016.0, "amount": 0.005, "side": "sell", "timestamp": 1766189467298}, {"id": "3024870535", "price": 88016.0, "amount": 0.33, "side": "sell", "timestamp": 1766189467430}, {"id": "3024870536", "price": 88016.1, "amount": 0.044, "side": "buy", "timestamp": 1766189467502}, {"id": "3024870537", "price": 88016.1, "amount": 0.109, "side": "buy", "timestamp": 1766189468955}, {"id": "3024870538", "price": 88016.1, "amount": 0.012, "side": "buy", "timestamp": 1766189469288}, {"id": "3024870539", "price": 88016.1, "amount": 0.002, "side": "buy", "timestamp": 1766189469737}, {"id": "3024870540", "price": 88016.1, "amount": 0.002, "side": "buy", "timestamp": 1766189469928}, {"id": "3024870541", "price": 88016.1, "amount": 0.003, "side": "buy", "timestamp": 1766189470036}, {"id": "3024870542", "price": 88016.0, "amount": 0.004, "side": "sell", "timestamp": 1766189470780}, {"id": "3024870543", "price": 88016.1, "amount": 0.009, "side": "buy", "timestamp": 1766189472104}, {"id": "3024870544", "price": 88016.1, "amount": 0.13, "side": "buy", "timestamp": 1766189473300}, {"id": "3024870545", "price": 88016.0, "amount": 0.037, "side": "sell", "timestamp": 1766189473750}, {"id": "3024870546", "price": 88016.1, "amount": 0.011, "side": "buy", "timestamp": 1766189473983}, {"id": "3024870547", "price": 88016.0, "amount": 0.018, "side": "sell", "timestamp": 1766189474098}, {"id": "3024870548", "price": 88016.1, "amount": 0.035, "side": "buy", "timestamp": 1766189474760}, {"id": "3024870549", "price": 88016.0, "amount": 0.002, "side": "sell", "timestamp": 1766189474865}, {"id": "3024870550", "price": 88016.1, "amount": 4.863, "side": "buy", "timestamp": 1766189474935}, {"id": "3024870551", "price": 88016.2, "amount": 0.032, "side": "buy", "timestamp": 1766189474938}, {"id": "3024870552", "price": 88016.1, "amount": 0.046, "side": "sell", "timestamp": 1766189475112}, {"id": "3024870553", "price": 88016.2, "amount": 0.006, "side": "buy", "timestamp": 1766189475304}, {"id": "3024870554", "price": 88016.1, "amount": 0.2, "side": "sell", "timestamp": 1766189476136}, {"id": "3024870555", "price": 88016.2, "amount": 0.032, "side": "buy", "timestamp": 1766189476635}, {"id": "3024870556", "price": 88016.1, "amount": 0.5, "side": "sell", "timestamp": 1766189477483}, {"id": "3024870557", "price": 88016.2, "amount": 0.017, "side": "buy", "timestamp": 1766189478001}, {"id": "3024870558", "price": 88016.1, "amount": 0.292, "side": "sell", "timestamp": 1766189478895}, {"id": "3024870559", "price": 88016.1, "amount": 0.015, "side": "sell", "timestamp": 1766189479195}, {"id": "3024870560", "price": 88016.2, "amount": 0.011, "side": "buy", "timestamp": 1766189479710}, {"id": "3024870561", "price": 88016.2, "amount": 0.002, "side": "buy", "timestamp": 1766189480568}, {"id": "3024871342", "price": 88104.8, "amount": 0.002, "side": "sell", "timestamp": 1766189528576}, {"id": "3024871343", "price": 88104.6, "amount": 0.044, "side": "sell", "timestamp": 1766189528580}, {"id": "3024871344", "price": 88104.5, "amount": 0.004, "side": "sell", "timestamp": 1766189528583}, {"id": "3024871345", "price": 88104.3, "amount": 0.004, "side": "sell", "timestamp": 1766189528583}, {"id": "3024871346", "price": 88104.2, "amount": 0.02, "side": "sell", "timestamp": 1766189528583}, {"id": "3024871347", "price": 88103.8, "amount": 0.002, "side": "sell", "timestamp": 1766189528583}, {"id": "3024871348", "price": 88103.6, "amount": 0.056, "side": "sell", "timestamp": 1766189528584}, {"id": "3024871349", "price": 88103.0, "amount": 0.002, "side": "sell", "timestamp": 1766189528587}, {"id": "3024871350", "price": 88102.5, "amount": 0.021, "side": "sell", "timestamp": 1766189528587}, {"id": "3024871351", "price": 88102.0, "amount": 0.072, "side": "sell", "timestamp": 1766189528614}, {"id": "3024871352", "price": 88101.9, "amount": 0.016, "side": "sell", "timestamp": 1766189528615}, {"id": "3024871353", "price": 88101.7, "amount": 0.002, "side": "sell", "timestamp": 1766189528615}, {"id": "3024871354", "price": 88101.2, "amount": 0.002, "side": "sell", "timestamp": 1766189528619}, {"id": "3024871355", "price": 88101.1, "amount": 0.002, "side": "sell", "timestamp": 1766189528619}, {"id": "3024871356", "price": 88101.0, "amount": 0.002, "side": "sell", "timestamp": 1766189528619}, {"id": "3024871357", "price": 88100.5, "amount": 0.002, "side": "sell", "timestamp": 1766189528624}, {"id": "3024871358", "price": 88100.0, "amount": 0.005, "side": "sell", "timestamp": 1766189528625}, {"id": "3024871359", "price": 88099.9, "amount": 0.818, "side": "sell", "timestamp": 1766189528640}, {"id": "3024871360", "price": 88099.8, "amount": 0.006, "side": "sell", "timestamp": 1766189528668}, {"id": "3024871361", "price": 88099.4, "amount": 0.002, "side": "sell", "timestamp": 1766189528668}, {"id": "3024871362", "price": 88099.1, "amount": 0.006, "side": "sell", "timestamp": 1766189528668}, {"id": "3024871363", "price": 88098.7, "amount": 0.002, "side": "sell", "timestamp": 1766189528668}, {"id": "3024871364", "price": 88098.6, "amount": 0.006, "side": "sell", "timestamp": 1766189528668}, {"id": "3024871365", "price": 88098.4, "amount": 0.004, "side": "sell", "timestamp": 1766189528668}, {"id": "3024871366", "price": 88098.2, "amount": 0.004, "side": "sell", "timestamp": 1766189528668}, {"id": "3024871367", "price": 88098.0, "amount": 0.002, "side": "buy", "timestamp": 1766189528676}, {"id": "3024871368", "price": 88097.9, "amount": 0.006, "side": "sell", "timestamp": 1766189528676}, {"id": "3024871369", "price": 88097.6, "amount": 0.008, "side": "buy", "timestamp": 1766189528811}, {"id": "3024871370", "price": 88097.5, "amount": 0.289, "side": "sell", "timestamp": 1766189528896}, {"id": "3024871371", "price": 88097.6, "amount": 0.057, "side": "buy", "timestamp": 1766189529054}, {"id": "3024871372", "price": 88097.6, "amount": 0.035, "side": "buy", "timestamp": 1766189529205}, {"id": "3024871373", "price": 88097.6, "amount": 0.008, "side": "buy", "timestamp": 1766189529424}, {"id": "3024871374", "price": 88097.6, "amount": 0.644, "side": "buy", "timestamp": 1766189529604}, {"id": "3024871375", "price": 88097.6, "amount": 0.004, "side": "buy", "timestamp": 1766189529729}, {"id": "3024871376", "price": 88097.6, "amount": 0.004, "side": "buy", "timestamp": 1766189529934}, {"id": "3024871377", "price": 88097.6, "amount": 0.003, "side": "buy", "timestamp": 1766189530086}, {"id": "3024871378", "price": 88097.5, "amount": 0.002, "side": "sell", "timestamp": 1766189530112}, {"id": "3024871379", "price": 88097.6, "amount": 0.002, "side": "buy", "timestamp": 1766189530250}, {"id": "3024871380", "price": 88097.6, "amount": 0.35, "side": "buy", "timestamp": 1766189530859}, {"id": "3024871381", "price": 88097.5, "amount": 0.002, "side": "sell", "timestamp": 1766189530943}, {"id": "3024871382", "price": 88097.6, "amount": 0.107, "side": "buy", "timestamp": 1766189531280}, {"id": "3024871383", "price": 88097.6, "amount": 0.004, "side": "buy", "timestamp": 1766189531634}, {"id": "3024871384", "price": 88097.5, "amount": 0.02, "side": "sell", "timestamp": 1766189531882}, {"id": "3024871385", "price": 88097.6, "amount": 0.005, "side": "buy", "timestamp": 1766189532427}, {"id": "3024871386", "price": 88097.6, "amount": 0.158, "side": "buy", "timestamp": 1766189532761}, {"id": "3024871387", "price": 88097.5, "amount": 0.006, "side": "sell", "timestamp": 1766189533066}, {"id": "3024871388", "price": 88097.6, "amount": 0.023, "side": "buy", "timestamp": 1766189533108}, {"id": "3024871389", "price": 88097.6, "amount": 0.008, "side": "buy", "timestamp": 1766189534687}, {"id": "3024871390", "price": 88097.6, "amount": 0.006, "side": "buy", "timestamp": 1766189535090}, {"id": "3024871391", "price": 88097.6, "amount": 0.025, "side": "buy", "timestamp": 1766189536149}, {"id": "3024871861", "price": 88127.6, "amount": 0.021, "side": "buy", "timestamp": 1766189584812}, {"id": "3024871862", "price": 88127.8, "amount": 0.002, "side": "buy", "timestamp": 1766189584812}, {"id": "3024871863", "price": 88128.0, "amount": 0.01, "side": "buy", "timestamp": 1766189584818}, {"id": "3024871864", "price": 88128.1, "amount": 0.004, "side": "buy", "timestamp": 1766189584821}, {"id": "3024871865", "price": 88128.4, "amount": 0.003, "side": "buy", "timestamp": 1766189584821}, {"id": "3024871866", "price": 88128.6, "amount": 0.002, "side": "buy", "timestamp": 1766189584821}, {"id": "3024871867", "price": 88128.7, "amount": 0.002, "side": "buy", "timestamp": 1766189584821}, {"id": "3024871868", "price": 88128.9, "amount": 0.003, "side": "buy", "timestamp": 1766189584821}, {"id": "3024871869", "price": 88129.1, "amount": 0.004, "side": "buy", "timestamp": 1766189584821}, {"id": "3024871870", "price": 88129.3, "amount": 0.003, "side": "buy", "timestamp": 1766189584821}, {"id": "3024871871", "price": 88129.5, "amount": 0.007, "side": "buy", "timestamp": 1766189584825}, {"id": "3024871872", "price": 88129.6, "amount": 0.007, "side": "buy", "timestamp": 1766189584827}, {"id": "3024871873", "price": 88129.7, "amount": 0.024, "side": "buy", "timestamp": 1766189584827}, {"id": "3024871874", "price": 88130.1, "amount": 0.005, "side": "buy", "timestamp": 1766189584830}, {"id": "3024871875", "price": 88130.4, "amount": 0.008, "side": "buy", "timestamp": 1766189584830}, {"id": "3024871876", "price": 88130.5, "amount": 0.041, "side": "buy", "timestamp": 1766189585044}, {"id": "3024871877", "price": 88130.6, "amount": 0.004, "side": "buy", "timestamp": 1766189585056}, {"id": "3024871878", "price": 88130.7, "amount": 0.002, "side": "buy", "timestamp": 1766189585056}, {"id": "3024871879", "price": 88130.8, "amount": 0.023, "side": "buy", "timestamp": 1766189585056}, {"id": "3024871880", "price": 88130.9, "amount": 0.003, "side": "buy", "timestamp": 1766189585059}, {"id": "3024871881", "price": 88131.0, "amount": 0.006, "side": "buy", "timestamp": 1766189585059}, {"id": "3024871882", "price": 88131.1, "amount": 0.006, "side": "buy", "timestamp": 1766189585059}, {"id": "3024871883", "price": 88131.3, "amount": 0.003, "side": "buy", "timestamp": 1766189585059}, {"id": "3024871884", "price": 88131.4, "amount": 0.008, "side": "buy", "timestamp": 1766189585059}, {"id": "3024871885", "price": 88131.6, "amount": 0.002, "side": "buy", "timestamp": 1766189585059}, {"id": "3024871886", "price": 88131.9, "amount": 0.002, "side": "buy", "timestamp": 1766189585059}, {"id": "3024871887", "price": 88132.1, "amount": 0.005, "side": "buy", "timestamp": 1766189585061}, {"id": "3024871888", "price": 88132.2, "amount": 0.002, "side": "buy", "timestamp": 1766189585061}, {"id": "3024871889", "price": 88132.6, "amount": 0.002, "side": "buy", "timestamp": 1766189585061}, {"id": "3024871890", "price": 88132.9, "amount": 0.042, "side": "buy", "timestamp": 1766189585066}, {"id": "3024871891", "price": 88133.0, "amount": 0.006, "side": "buy", "timestamp": 1766189585069}, {"id": "3024871892", "price": 88133.1, "amount": 0.002, "side": "buy", "timestamp": 1766189585069}, {"id": "3024871893", "price": 88133.5, "amount": 0.004, "side": "buy", "timestamp": 1766189585069}, {"id": "3024871894", "price": 88133.6, "amount": 0.002, "side": "buy", "timestamp": 1766189585069}, {"id": "3024871895", "price": 88133.7, "amount": 0.003, "side": "buy", "timestamp": 1766189585069}, {"id": "3024871896", "price": 88133.9, "amount": 0.004, "side": "buy", "timestamp": 1766189585271}, {"id": "3024871897", "price": 88133.8, "amount": 0.003, "side": "sell", "timestamp": 1766189585471}, {"id": "3024871898", "price": 88133.9, "amount": 0.04, "side": "buy", "timestamp": 1766189585616}, {"id": "3024871899", "price": 88133.8, "amount": 0.003, "side": "sell", "timestamp": 1766189586471}, {"id": "3024871900", "price": 88133.9, "amount": 0.05, "side": "buy", "timestamp": 1766189586504}, {"id": "3024871901", "price": 88133.9, "amount": 0.018, "side": "buy", "timestamp": 1766189586633}, {"id": "3024871902", "price": 88133.8, "amount": 0.029, "side": "sell", "timestamp": 1766189586647}, {"id": "3024871903", "price": 88133.9, "amount": 0.021, "side": "buy", "timestamp": 1766189586756}, {"id": "3024871904", "price": 88133.9, "amount": 0.575, "side": "buy", "timestamp": 1766189587094}, {"id": "3024871905", "price": 88133.8, "amount": 0.002, "side": "sell", "timestamp": 1766189587206}, {"id": "3024871906", "price": 88133.8, "amount": 0.003, "side": "sell", "timestamp": 1766189587475}, {"id": "3024871907", "price": 88133.9, "amount": 0.071, "side": "buy", "timestamp": 1766189587655}, {"id": "3024871908", "price": 88133.9, "amount": 0.002, "side": "buy", "timestamp": 1766189587959}, {"id": "3024871909", "price": 88133.9, "amount": 0.034, "side": "buy", "timestamp": 1766189588598}, {"id": "3024871910", "price": 88133.9, "amount": 0.005, "side": "buy", "timestamp": 1766189588973}, {"id": "3024872339", "price": 88130.2, "amount": 0.002, "side": "sell", "timestamp": 1766189626030}, {"id": "3024872340", "price": 88130.1, "amount": 0.017, "side": "sell", "timestamp": 1766189626030}, {"id": "3024872341", "price": 88130.0, "amount": 0.065, "side": "sell", "timestamp": 1766189626037}, {"id": "3024872342", "price": 88130.1, "amount": 0.015, "side": "buy", "timestamp": 1766189626102}, {"id": "3024872343", "price": 88130.1, "amount": 0.002, "side": "buy", "timestamp": 1766189626271}, {"id": "3024872344", "price": 88130.0, "amount": 0.002, "side": "sell", "timestamp": 1766189626625}, {"id": "3024872345", "price": 88130.1, "amount": 0.113, "side": "buy", "timestamp": 1766189626893}, {"id": "3024872346", "price": 88130.1, "amount": 0.202, "side": "buy", "timestamp": 1766189627071}, {"id": "3024872347", "price": 88130.0, "amount": 0.2, "side": "sell", "timestamp": 1766189627135}, {"id": "3024872348", "price": 88130.0, "amount": 0.005, "side": "sell", "timestamp": 1766189627303}, {"id": "3024872349", "price": 88130.0, "amount": 1.351, "side": "sell", "timestamp": 1766189627662}, {"id": "3024872350", "price": 88130.0, "amount": 0.08, "side": "sell", "timestamp": 1766189628241}, {"id": "3024872351", "price": 88130.1, "amount": 0.051, "side": "buy", "timestamp": 1766189628358}, {"id": "3024872352", "price": 88130.0, "amount": 1.348, "side": "sell", "timestamp": 1766189628716}, {"id": "3024872353", "price": 88130.1, "amount": 0.137, "side": "buy", "timestamp": 1766189629184}, {"id": "3024872354", "price": 88130.1, "amount": 0.053, "side": "buy", "timestamp": 1766189629542}, {"id": "3024872355", "price": 88130.0, "amount": 1.851, "side": "sell", "timestamp": 1766189629762}, {"id": "3024872356", "price": 88130.1, "amount": 0.039, "side": "buy", "timestamp": 1766189629806}, {"id": "3024872357", "price": 88130.1, "amount": 0.014, "side": "buy", "timestamp": 1766189630157}, {"id": "3024872358", "price": 88130.1, "amount": 0.022, "side": "buy", "timestamp": 1766189631352}, {"id": "3024872359", "price": 88130.0, "amount": 0.009, "side": "sell", "timestamp": 1766189631564}, {"id": "3024872360", "price": 88130.1, "amount": 0.002, "side": "buy", "timestamp": 1766189632636}, {"id": "3024872361", "price": 88130.0, "amount": 0.002, "side": "sell", "timestamp": 1766189632768}, {"id": "3024872362", "price": 88130.1, "amount": 0.003, "side": "buy", "timestamp": 1766189633187}, {"id": "3024872363", "price": 88130.0, "amount": 0.22, "side": "sell", "timestamp": 1766189633199}, {"id": "3024872364", "price": 88130.0, "amount": 0.143, "side": "sell", "timestamp": 1766189633587}, {"id": "3024872365", "price": 88130.1, "amount": 0.023, "side": "buy", "timestamp": 1766189634232}, {"id": "3024872366", "price": 88130.1, "amount": 0.226, "side": "buy", "timestamp": 1766189634972}, {"id": "3024872367", "price": 88130.1, "amount": 0.002, "side": "buy", "timestamp": 1766189635459}, {"id": "3024872368", "price": 88130.1, "amount": 0.003, "side": "buy", "timestamp": 1766189635759}, {"id": "3024872369", "price": 88130.0, "amount": 0.123, "side": "sell", "timestamp": 1766189635894}, {"id": "3024872370", "price": 88130.1, "amount": 0.023, "side": "buy", "timestamp": 1766189636110}, {"id": "3024872371", "price": 88130.0, "amount": 0.085, "side": "sell", "timestamp": 1766189636419}, {"id": "3024872372", "price": 88130.1, "amount": 0.009, "side": "buy", "timestamp": 1766189636617}, {"id": "3024872373", "price": 88130.1, "amount": 0.03, "side": "buy", "timestamp": 1766189637772}, {"id": "3024872374", "price": 88130.0, "amount": 0.068, "side": "sell", "timestamp": 1766189637831}, {"id": "3024872375", "price": 88130.0, "amount": 0.034, "side": "sell", "timestamp": 1766189637964}, {"id": "3024872376", "price": 88130.1, "amount": 0.005, "side": "buy", "timestamp": 1766189638024}, {"id": "3024872377", "price": 88130.1, "amount": 0.266, "side": "buy", "timestamp": 1766189638441}, {"id": "3024872378", "price": 88130.0, "amount": 0.004, "side": "sell", "timestamp": 1766189638688}, {"id": "3024872379", "price": 88130.1, "amount": 0.523, "side": "buy", "timestamp": 1766189638750}, {"id": "3024872380", "price": 88130.1, "amount": 0.049, "side": "buy", "timestamp": 1766189639827}, {"id": "3024872381", "price": 88130.1, "amount": 0.014, "side": "buy", "timestamp": 1766189640064}, {"id": "3024872382", "price": 88130.0, "amount": 0.027, "side": "sell", "timestamp": 1766189640537}, {"id": "3024872383", "price": 88130.1, "amount": 0.002, "side": "buy", "timestamp": 1766189640928}, {"id": "3024872384", "price": 88130.0, "amount": 0.054, "side": "sell", "timestamp": 1766189641009}, {"id": "3024872385", "price": 88130.1, "amount": 0.027, "side": "buy", "timestamp": 1766189641183}, {"id": "3024872386", "price": 88130.0, "amount": 0.004, "side": "sell", "timestamp": 1766189641401}, {"id": "3024872387", "price": 88130.1, "amount": 0.1, "side": "buy", "timestamp": 1766189641742}, {"id": "3024872388", "price": 88130.1, "amount": 0.096, "side": "buy", "timestamp": 1766189641885}, {"id": "3024873550", "price": 88086.6, "amount": 0.102, "side": "buy", "timestamp": 1766189701497}, {"id": "3024873551", "price": 88086.5, "amount": 0.072, "side": "sell", "timestamp": 1766189701553}, {"id": "3024873552", "price": 88086.5, "amount": 0.054, "side": "sell", "timestamp": 1766189701714}, {"id": "3024873553", "price": 88086.5, "amount": 0.039, "side": "sell", "timestamp": 1766189701930}, {"id": "3024873554", "price": 88086.6, "amount": 0.007, "side": "buy", "timestamp": 1766189702033}, {"id": "3024873555", "price": 88086.6, "amount": 0.171, "side": "buy", "timestamp": 1766189702461}, {"id": "3024873556", "price": 88086.7, "amount": 0.064, "side": "buy", "timestamp": 1766189702527}, {"id": "3024873557", "price": 88087.0, "amount": 0.002, "side": "buy", "timestamp": 1766189702529}, {"id": "3024873558", "price": 88087.5, "amount": 0.004, "side": "buy", "timestamp": 1766189702529}, {"id": "3024873559", "price": 88087.6, "amount": 0.006, "side": "buy", "timestamp": 1766189702529}, {"id": "3024873560", "price": 88087.7, "amount": 0.002, "side": "buy", "timestamp": 1766189702529}, {"id": "3024873561", "price": 88088.0, "amount": 0.006, "side": "buy", "timestamp": 1766189702529}, {"id": "3024873562", "price": 88088.5, "amount": 0.234, "side": "buy", "timestamp": 1766189702565}, {"id": "3024873563", "price": 88088.6, "amount": 0.002, "side": "buy", "timestamp": 1766189702565}, {"id": "3024873564", "price": 88088.7, "amount": 0.002, "side": "buy", "timestamp": 1766189702565}, {"id": "3024873565", "price": 88089.0, "amount": 0.002, "side": "buy", "timestamp": 1766189702568}, {"id": "3024873566", "price": 88089.1, "amount": 0.003, "side": "buy", "timestamp": 1766189702568}, {"id": "3024873567", "price": 88089.2, "amount": 0.002, "side": "buy", "timestamp": 1766189702568}, {"id": "3024873568", "price": 88089.3, "amount": 0.002, "side": "buy", "timestamp": 1766189702568}, {"id": "3024873569", "price": 88089.5, "amount": 0.002, "side": "buy", "timestamp": 1766189702568}, {"id": "3024873570", "price": 88089.8, "amount": 0.004, "side": "buy", "timestamp": 1766189702568}, {"id": "3024873571", "price": 88089.9, "amount": 0.002, "side": "buy", "timestamp": 1766189702568}, {"id": "3024873572", "price": 88090.3, "amount": 0.002, "side": "buy", "timestamp": 1766189702568}, {"id": "3024873573", "price": 88090.4, "amount": 0.002, "side": "buy", "timestamp": 1766189702568}, {"id": "3024873574", "price": 88090.6, "amount": 0.002, "side": "buy", "timestamp": 1766189702568}, {"id": "3024873575", "price": 88090.8, "amount": 0.002, "side": "buy", "timestamp": 1766189702568}, {"id": "3024873576", "price": 88091.3, "amount": 0.002, "side": "buy", "timestamp": 1766189702572}, {"id": "3024873577", "price": 88091.6, "amount": 0.002, "side": "buy", "timestamp": 1766189702572}, {"id": "3024873578", "price": 88091.9, "amount": 0.003, "side": "buy", "timestamp": 1766189702572}, {"id": "3024873579", "price": 88092.0, "amount": 0.002, "side": "buy", "timestamp": 1766189702572}, {"id": "3024873580", "price": 88092.1, "amount": 0.002, "side": "buy", "timestamp": 1766189702572}, {"id": "3024873581", "price": 88092.4, "amount": 0.003, "side": "buy", "timestamp": 1766189702575}, {"id": "3024873582", "price": 88092.6, "amount": 0.005, "side": "buy", "timestamp": 1766189702576}, {"id": "3024873583", "price": 88093.2, "amount": 0.002, "side": "buy", "timestamp": 1766189702576}, {"id": "3024873584", "price": 88093.4, "amount": 0.005, "side": "buy", "timestamp": 1766189702576}, {"id": "3024873585", "price": 88093.8, "amount": 0.094, "side": "buy", "timestamp": 1766189702581}, {"id": "3024873586", "price": 88093.9, "amount": 0.005, "side": "buy", "timestamp": 1766189702587}, {"id": "3024873587", "price": 88094.1, "amount": 0.004, "side": "buy", "timestamp": 1766189702587}, {"id": "3024873588", "price": 88094.2, "amount": 0.002, "side": "buy", "timestamp": 1766189702587}, {"id": "3024873589", "price": 88094.4, "amount": 0.005, "side": "buy", "timestamp": 1766189702590}, {"id": "3024873590", "price": 88094.7, "amount": 0.007, "side": "buy", "timestamp": 1766189702590}, {"id": "3024873591", "price": 88094.8, "amount": 0.002, "side": "buy", "timestamp": 1766189702593}, {"id": "3024873592", "price": 88095.0, "amount": 0.003, "side": "buy", "timestamp": 1766189702593}, {"id": "3024873593", "price": 88095.1, "amount": 0.002, "side": "buy", "timestamp": 1766189702593}, {"id": "3024873594", "price": 88095.3, "amount": 0.002, "side": "buy", "timestamp": 1766189702593}, {"id": "3024873595", "price": 88095.6, "amount": 0.065, "side": "buy", "timestamp": 1766189702596}, {"id": "3024873596", "price": 88095.8, "amount": 0.008, "side": "buy", "timestamp": 1766189702598}, {"id": "3024873597", "price": 88096.0, "amount": 0.005, "side": "buy", "timestamp": 1766189702598}, {"id": "3024873598", "price": 88096.8, "amount": 0.024, "side": "buy", "timestamp": 1766189703207}, {"id": "3024873599", "price": 88096.8, "amount": 0.034, "side": "buy", "timestamp": 1766189703321}, {"id": "3024873883", "price": 88124.5, "amount": 0.003, "side": "buy", "timestamp": 1766189746034}, {"id": "3024873884", "price": 88124.6, "amount": 0.007, "side": "buy", "timestamp": 1766189746034}, {"id": "3024873885", "price": 88124.7, "amount": 0.002, "side": "buy", "timestamp": 1766189746041}, {"id": "3024873886", "price": 88124.8, "amount": 0.002, "side": "buy", "timestamp": 1766189746041}, {"id": "3024873887", "price": 88125.0, "amount": 0.002, "side": "buy", "timestamp": 1766189746041}, {"id": "3024873888", "price": 88125.1, "amount": 0.008, "side": "buy", "timestamp": 1766189746043}, {"id": "3024873889", "price": 88125.2, "amount": 0.002, "side": "buy", "timestamp": 1766189746043}, {"id": "3024873890", "price": 88125.3, "amount": 0.01, "side": "buy", "timestamp": 1766189746046}, {"id": "3024873891", "price": 88125.5, "amount": 0.004, "side": "buy", "timestamp": 1766189746046}, {"id": "3024873892", "price": 88125.6, "amount": 0.005, "side": "buy", "timestamp": 1766189746050}, {"id": "3024873893", "price": 88125.7, "amount": 0.002, "side": "buy", "timestamp": 1766189746052}, {"id": "3024873894", "price": 88126.2, "amount": 0.002, "side": "buy", "timestamp": 1766189746052}, {"id": "3024873895", "price": 88126.3, "amount": 0.002, "side": "buy", "timestamp": 1766189746052}, {"id": "3024873896", "price": 88126.4, "amount": 0.002, "side": "buy", "timestamp": 1766189746052}, {"id": "3024873897", "price": 88126.5, "amount": 0.002, "side": "buy", "timestamp": 1766189746052}, {"id": "3024873898", "price": 88126.7, "amount": 0.005, "side": "buy", "timestamp": 1766189746052}, {"id": "3024873899", "price": 88127.0, "amount": 0.002, "side": "buy", "timestamp": 1766189746052}, {"id": "3024873900", "price": 88127.2, "amount": 0.005, "side": "buy", "timestamp": 1766189746052}, {"id": "3024873901", "price": 88127.3, "amount": 0.005, "side": "buy", "timestamp": 1766189746058}, {"id": "3024873902", "price": 88127.6, "amount": 0.002, "side": "buy", "timestamp": 1766189746060}, {"id": "3024873903", "price": 88127.7, "amount": 0.066, "side": "buy", "timestamp": 1766189747547}, {"id": "3024873904", "price": 88127.6, "amount": 0.006, "side": "sell", "timestamp": 1766189747834}, {"id": "3024873905", "price": 88127.7, "amount": 0.002, "side": "buy", "timestamp": 1766189747913}, {"id": "3024873906", "price": 88127.7, "amount": 0.009, "side": "buy", "timestamp": 1766189748230}, {"id": "3024873907", "price": 88127.7, "amount": 0.038, "side": "buy", "timestamp": 1766189749307}, {"id": "3024873908", "price": 88127.7, "amount": 0.008, "side": "buy", "timestamp": 1766189749408}, {"id": "3024873909", "price": 88127.7, "amount": 0.002, "side": "buy", "timestamp": 1766189749997}, {"id": "3024873910", "price": 88127.6, "amount": 0.006, "side": "sell", "timestamp": 1766189750019}, {"id": "3024873911", "price": 88127.7, "amount": 0.016, "side": "buy", "timestamp": 1766189750581}, {"id": "3024873912", "price": 88127.6, "amount": 0.006, "side": "sell", "timestamp": 1766189750669}, {"id": "3024873913", "price": 88127.7, "amount": 0.002, "side": "buy", "timestamp": 1766189750758}, {"id": "3024873914", "price": 88127.6, "amount": 0.038, "side": "sell", "timestamp": 1766189750889}, {"id": "3024873915", "price": 88127.7, "amount": 0.306, "side": "buy", "timestamp": 1766189751613}, {"id": "3024873916", "price": 88127.6, "amount": 0.1, "side": "sell", "timestamp": 1766189752043}, {"id": "3024873917", "price": 88127.6, "amount": 0.007, "side": "sell", "timestamp": 1766189752736}, {"id": "3024873918", "price": 88127.7, "amount": 0.004, "side": "buy", "timestamp": 1766189753453}, {"id": "3024873919", "price": 88127.6, "amount": 0.119, "side": "sell", "timestamp": 1766189753592}, {"id": "3024873920", "price": 88127.7, "amount": 0.009, "side": "buy", "timestamp": 1766189754031}, {"id": "3024873921", "price": 88127.6, "amount": 0.005, "side": "sell", "timestamp": 1766189754031}, {"id": "3024873922", "price": 88127.6, "amount": 0.056, "side": "sell", "timestamp": 1766189754217}, {"id": "3024873923", "price": 88127.6, "amount": 0.005, "side": "sell", "timestamp": 1766189754462}, {"id": "3024873924", "price": 88127.6, "amount": 0.005, "side": "sell", "timestamp": 1766189754662}, {"id": "3024873925", "price": 88127.7, "amount": 0.002, "side": "buy", "timestamp": 1766189754961}, {"id": "3024873926", "price": 88127.6, "amount": 0.052, "side": "sell", "timestamp": 1766189755126}, {"id": "3024873927", "price": 88127.7, "amount": 0.007, "side": "buy", "timestamp": 1766189755714}, {"id": "3024873928", "price": 88127.7, "amount": 0.01, "side": "buy", "timestamp": 1766189755873}, {"id": "3024873929", "price": 88127.6, "amount": 0.004, "side": "sell", "timestamp": 1766189756102}, {"id": "3024873930", "price": 88127.7, "amount": 0.026, "side": "buy", "timestamp": 1766189756243}, {"id": "3024873931", "price": 88127.7, "amount": 0.099, "side": "buy", "timestamp": 1766189757283}, {"id": "3024873932", "price": 88127.7, "amount": 0.003, "side": "buy", "timestamp": 1766189757727}, {"id": "3024874832", "price": 88087.0, "amount": 0.002, "side": "sell", "timestamp": 1766189809453}, {"id": "3024874833", "price": 88086.9, "amount": 0.008, "side": "sell", "timestamp": 1766189809453}, {"id": "3024874834", "price": 88086.8, "amount": 0.002, "side": "sell", "timestamp": 1766189809453}, {"id": "3024874835", "price": 88086.6, "amount": 0.002, "side": "sell", "timestamp": 1766189809453}, {"id": "3024874836", "price": 88086.5, "amount": 0.004, "side": "sell", "timestamp": 1766189809453}, {"id": "3024874837", "price": 88086.4, "amount": 0.002, "side": "sell", "timestamp": 1766189809453}, {"id": "3024874838", "price": 88086.1, "amount": 0.006, "side": "sell", "timestamp": 1766189809453}, {"id": "3024874839", "price": 88086.0, "amount": 0.002, "side": "sell", "timestamp": 1766189809453}, {"id": "3024874840", "price": 88085.9, "amount": 0.005, "side": "sell", "timestamp": 1766189809453}, {"id": "3024874841", "price": 88085.6, "amount": 0.002, "side": "sell", "timestamp": 1766189809453}, {"id": "3024874842", "price": 88085.5, "amount": 0.005, "side": "sell", "timestamp": 1766189809453}, {"id": "3024874843", "price": 88085.4, "amount": 0.004, "side": "sell", "timestamp": 1766189809453}, {"id": "3024874844", "price": 88085.0, "amount": 0.006, "side": "sell", "timestamp": 1766189809453}, {"id": "3024874845", "price": 88084.7, "amount": 0.003, "side": "sell", "timestamp": 1766189809453}, {"id": "3024874846", "price": 88084.5, "amount": 0.104, "side": "sell", "timestamp": 1766189809453}, {"id": "3024874847", "price": 88084.3, "amount": 0.002, "side": "sell", "timestamp": 1766189809453}, {"id": "3024874848", "price": 88084.1, "amount": 0.002, "side": "sell", "timestamp": 1766189809453}, {"id": "3024874849", "price": 88084.0, "amount": 0.018, "side": "sell", "timestamp": 1766189809453}, {"id": "3024874850", "price": 88083.9, "amount": 0.003, "side": "sell", "timestamp": 1766189809453}, {"id": "3024874851", "price": 88083.6, "amount": 0.002, "side": "sell", "timestamp": 1766189809453}, {"id": "3024874852", "price": 88083.5, "amount": 0.005, "side": "sell", "timestamp": 1766189809453}, {"id": "3024874853", "price": 88083.3, "amount": 0.002, "side": "sell", "timestamp": 1766189809453}, {"id": "3024874854", "price": 88083.2, "amount": 0.002, "side": "sell", "timestamp": 1766189809453}, {"id": "3024874855", "price": 88083.1, "amount": 0.012, "side": "buy", "timestamp": 1766189809461}, {"id": "3024874856", "price": 88083.0, "amount": 0.125, "side": "sell", "timestamp": 1766189809464}, {"id": "3024874857", "price": 88082.8, "amount": 0.002, "side": "sell", "timestamp": 1766189809473}, {"id": "3024874858", "price": 88082.7, "amount": 0.002, "side": "sell", "timestamp": 1766189809473}, {"id": "3024874859", "price": 88082.6, "amount": 0.002, "side": "sell", "timestamp": 1766189809473}, {"id": "3024874860", "price": 88082.5, "amount": 0.013, "side": "sell", "timestamp": 1766189809473}, {"id": "3024874861", "price": 88082.3, "amount": 0.008, "side": "sell", "timestamp": 1766189809476}, {"id": "3024874862", "price": 88082.0, "amount": 0.007, "side": "sell", "timestamp": 1766189809491}, {"id": "3024874863", "price": 88081.9, "amount": 0.003, "side": "sell", "timestamp": 1766189809491}, {"id": "3024874864", "price": 88081.5, "amount": 0.002, "side": "sell", "timestamp": 1766189809491}, {"id": "3024874865", "price": 88081.1, "amount": 0.011, "side": "sell", "timestamp": 1766189809491}, {"id": "3024874866", "price": 88081.0, "amount": 0.007, "side": "sell", "timestamp": 1766189809509}, {"id": "3024874867", "price": 88080.7, "amount": 0.003, "side": "sell", "timestamp": 1766189809509}, {"id": "3024874868", "price": 88080.6, "amount": 0.002, "side": "sell", "timestamp": 1766189809509}, {"id": "3024874869", "price": 88080.5, "amount": 0.002, "side": "sell", "timestamp": 1766189809509}, {"id": "3024874870", "price": 88080.2, "amount": 0.002, "side": "sell", "timestamp": 1766189809509}, {"id": "3024874871", "price": 88080.0, "amount": 0.004, "side": "sell", "timestamp": 1766189809509}, {"id": "3024874872", "price": 88079.9, "amount": 0.02, "side": "sell", "timestamp": 1766189809509}, {"id": "3024874873", "price": 88079.9, "amount": 0.006, "side": "buy", "timestamp": 1766189809983}, {"id": "3024874874", "price": 88079.8, "amount": 0.058, "side": "sell", "timestamp": 1766189810306}, {"id": "3024874875", "price": 88079.7, "amount": 0.005, "side": "sell", "timestamp": 1766189810308}, {"id": "3024874876", "price": 88079.5, "amount": 0.042, "side": "sell", "timestamp": 1766189811075}, {"id": "3024874877", "price": 88079.5, "amount": 0.006, "side": "sell", "timestamp": 1766189812240}, {"id": "3024874878", "price": 88079.5, "amount": 0.013, "side": "sell", "timestamp": 1766189812370}, {"id": "3024874879", "price": 88079.5, "amount": 0.003, "side": "sell", "timestamp": 1766189812798}, {"id": "3024874880", "price": 88079.6, "amount": 0.063, "side": "buy", "timestamp": 1766189812827}, {"id": "3024874881", "price": 88079.5, "amount": 0.014, "side": "sell", "timestamp": 1766189813051}]