[{"symbol": "XRPUSDT", "bids": [[1.8754, 5161.0], [1.8753, 5081.4], [1.8752, 6966.1], [1.8751, 22179.1], [1.875, 33032.9], [1.8749, 37507.9], [1.8748, 68373.2], [1.8747, 59148.4], [1.8746, 83658.0], [1.8745, 40651.4], [1.8744, 23612.8], [1.8743, 52485.8], [1.8742, 54227.2], [1.8741, 37370.1], [1.874, 22159.8], [1.8739, 40713.4], [1.8738, 135982.9], [1.8737, 62524.5], [1.8736, 23665.9], [1.8735, 53770.5]], "asks": [[1.8755, 39454.6], [1.8756, 16049.9], [1.8757, 50275.9], [1.8758, 39655.3], [1.8759, 17870.5], [1.876, 38185.5], [1.8761, 93845.4], [1.8762, 31155.4], [1.8763, 51271.9], [1.8764, 53498.3], [1.8765, 82664.6], [1.8766, 37328.2], [1.8767, 127127.9], [1.8768, 29252.6], [1.8769, 31948.8], [1.877, 48173.8], [1.8771, 31678.7], [1.8772, 56904.1], [1.8773, 21513.3], [1.8774, 48760.4]], "timestamp": "2025-12-16T09:25:47.128719+00:00"}, {"symbol": "XRPUSDT", "bids": [[1.8752, 3282.0], [1.8751, 9091.6], [1.875, 17416.9], [1.8749, 30531.2], [1.8748, 49959.3], [1.8747, 77068.9], [1.8746, 75286.1], [1.8745, 78706.5], [1.8744, 48885.3], [1.8743, 55424.5], [1.8742, 57786.6], [1.8741, 62991.2], [1.874, 33571.5], [1.8739, 65575.1], [1.8738, 54207.5], [1.8737, 32212.2], [1.8736, 118730.0], [1.8735, 59509.6], [1.8734, 57415.8], [1.8733, 49169.1]], "asks": [[1.8753, 24426.0], [1.8754, 17936.7], [1.8755, 21162.0], [1.8756, 26786.6], [1.8757, 51706.2], [1.8758, 78330.6], [1.8759, 51885.5], [1.876, 34684.9], [1.8761, 51945.5], [1.8762, 15359.8], [1.8763, 18216.4], [1.8764, 123019.1], [1.8765, 75351.8], [1.8766, 15617.4], [1.8767, 18756.3], [1.8768, 38628.5], [1.8769, 47201.3], [1.877, 52973.6], [1.8771, 22737.2], [1.8772, 66239.0]], "timestamp": "2025-12-16T09:26:41.532121+00:00"}, {"symbol": "XRPUSDT", "bids": [[1.8749, 54021.9], [1.8748, 12342.6], [1.8747, 22113.2], [1.8746, 19919.6], [1.8745, 15943.7], [1.8744, 28943.3], [1.8743, 52239.9], [1.8742, 56737.5], [1.8741, 77012.2], [1.874, 60805.7], [1.8739, 64130.3], [1.8738, 55823.2], [1.8737, 27296.1], [1.8736, 33039.0], [1.8735, 152503.9], [1.8734, 51273.9], [1.8733, 44268.2], [1.8732, 30781.4], [1.8731, 43198.2], [1.873, 53530.9]], "asks": [[1.875, 7990.3], [1.8751, 9840.1], [1.8752, 23865.7], [1.8753, 27242.3], [1.8754, 36650.1], [1.8755, 63313.1], [1.8756, 59883.6], [1.8757, 71140.7], [1.8758, 51263.7], [1.8759, 36463.5], [1.876, 33156.3], [1.8761, 41461.5], [1.8762, 19520.1], [1.8763, 103869.1], [1.8764, 36323.3], [1.8765, 84453.9], [1.8766, 15308.0], [1.8767, 19891.6], [1.8768, 26603.8], [1.8769, 25509.8]], "timestamp": "2025-12-16T09:27:36.215488+00:00"}, {"symbol": "XRPUSDT", "bids": [[1.875, 20145.0], [1.8749, 15616.2], [1.8748, 27399.1], [1.8747, 29391.9], [1.8746, 39770.3], [1.8745, 39207.6], [1.8744, 41893.6], [1.8743, 50586.7], [1.8742, 66453.0], [1.8741, 62250.8], [1.874, 48463.7], [1.8739, 49280.4], [1.8738, 59158.8], [1.8737, 32953.9], [1.8736, 119439.1], [1.8735, 59697.3], [1.8734, 66936.4], [1.8733, 83547.6], [1.8732, 29462.9], [1.8731, 43490.5]], "asks": [[1.8751, 11072.3], [1.8752, 9541.3], [1.8753, 16313.4], [1.8754, 27054.8], [1.8755, 39702.5], [1.8756, 43285.6], [1.8757, 87931.8], [1.8758, 53260.5], [1.8759, 33875.3], [1.876, 37995.1], [1.8761, 42464.7], [1.8762, 22304.3], [1.8763, 33098.0], [1.8764, 108013.4], [1.8765, 87417.4], [1.8766, 15405.1], [1.8767, 24067.4], [1.8768, 34592.2], [1.8769, 21758.8], [1.877, 60725.0]], "timestamp": "2025-12-16T09:28:30.495702+00:00"}, {"symbol": "XRPUSDT", "bids": [[1.875, 25921.0], [1.8749, 18509.7], [1.8748, 27883.5], [1.8747, 35979.3], [1.8746, 63476.6], [1.8745, 35850.8], [1.8744, 41806.9], [1.8743, 60386.8], [1.8742, 66761.0], [1.8741, 69860.1], [1.874, 30868.7], [1.8739, 46972.1], [1.8738, 72144.7], [1.8737, 145635.8], [1.8736, 64159.2], [1.8735, 60227.5], [1.8734, 69508.4], [1.8733, 92726.0], [1.8732, 27522.0], [1.8731, 43655.0]], "asks": [[1.8751, 5400.6], [1.8752, 3815.3], [1.8753, 12952.1], [1.8754, 23553.3], [1.8755, 27953.8], [1.8756, 54433.7], [1.8757, 87416.7], [1.8758, 62262.4], [1.8759, 33730.1], [1.876, 36393.1], [1.8761, 42998.0], [1.8762, 18956.2], [1.8763, 29020.8], [1.8764, 116046.8], [1.8765, 87506.5], [1.8766, 15212.8], [1.8767, 20025.4], [1.8768, 31308.2], [1.8769, 22293.5], [1.877, 56992.7]], "timestamp": "2025-12-16T09:29:24.704833+00:00"}, {"symbol": "XRPUSDT", "bids": [[1.8763, 20108.4], [1.8762, 21574.0], [1.8761, 22456.9], [1.876, 31944.3], [1.8759, 70909.8], [1.8758, 52047.9], [1.8757, 45682.5], [1.8756, 48788.8], [1.8755, 66417.5], [1.8754, 78270.0], [1.8753, 74894.2], [1.8752, 33416.9], [1.8751, 61348.3], [1.875, 176790.7], [1.8749, 28176.6], [1.8748, 41589.2], [1.8747, 57872.7], [1.8746, 70102.0], [1.8745, 56804.1], [1.8744, 15245.5]], "asks": [[1.8764, 15334.3], [1.8765, 7792.2], [1.8766, 20114.8], [1.8767, 25749.0], [1.8768, 38419.5], [1.8769, 34236.1], [1.877, 71795.6], [1.8771, 43392.7], [1.8772, 60210.7], [1.8773, 32245.8], [1.8774, 53371.7], [1.8775, 19496.0], [1.8776, 30436.8], [1.8777, 37778.2], [1.8778, 140584.6], [1.8779, 41196.3], [1.878, 33449.5], [1.8781, 18080.8], [1.8782, 22072.2], [1.8783, 24185.9]], "timestamp": "2025-12-16T09:30:18.598255+00:00"}, {"symbol": "XRPUSDT", "bids": [[1.8757, 4119.6], [1.8756, 13373.9], [1.8755, 18726.9], [1.8754, 29374.8], [1.8753, 45089.8], [1.8752, 33246.8], [1.8751, 61335.7], [1.875, 85380.3], [1.8749, 41018.4], [1.8748, 42254.8], [1.8747, 79704.1], [1.8746, 80666.8], [1.8745, 39838.3], [1.8744, 38295.1], [1.8743, 135744.9], [1.8742, 53086.5], [1.8741, 59794.3], [1.874, 34859.3], [1.8739, 59051.8], [1.8738, 47026.4]], "asks": [[1.8758, 27233.7], [1.8759, 16554.3], [1.876, 14721.4], [1.8761, 26120.0], [1.8762, 36661.9], [1.8763, 60712.8], [1.8764, 41878.3], [1.8765, 108607.0], [1.8766, 24164.4], [1.8767, 18309.0], [1.8768, 29939.0], [1.8769, 24365.5], [1.877, 63562.1], [1.8771, 102511.5], [1.8772, 72305.2], [1.8773, 23002.2], [1.8774, 54646.4], [1.8775, 22151.3], [1.8776, 35201.9], [1.8777, 40579.2]], "timestamp": "2025-12-16T09:31:12.384896+00:00"}, {"symbol": "XRPUSDT", "bids": [[1.8773, 18527.6], [1.8772, 18501.8], [1.8771, 24473.8], [1.877, 22377.0], [1.8769, 23276.8], [1.8768, 34443.6], [1.8767, 55126.9], [1.8766, 70428.8], [1.8765, 73889.1], [1.8764, 50424.4], [1.8763, 38039.5], [1.8762, 68595.7], [1.8761, 117082.4], [1.876, 28243.7], [1.8759, 57079.3], [1.8758, 48076.1], [1.8757, 33006.8], [1.8756, 37644.0], [1.8755, 42445.8], [1.8754, 51504.7]], "asks": [[1.8774, 7591.7], [1.8775, 6204.3], [1.8776, 18366.5], [1.8777, 23659.2], [1.8778, 27730.5], [1.8779, 55596.7], [1.878, 71465.1], [1.8781, 46692.5], [1.8782, 25125.8], [1.8783, 27000.2], [1.8784, 63306.2], [1.8785, 32890.8], [1.8786, 40629.2], [1.8787, 45090.9], [1.8788, 158488.0], [1.8789, 25480.7], [1.879, 32655.3], [1.8791, 20479.2], [1.8792, 56761.0], [1.8793, 65178.6]], "timestamp": "2025-12-16T09:32:06.940338+00:00"}, {"symbol": "XRPUSDT", "bids": [[1.88, 3070.7], [1.8799, 6981.3], [1.8798, 7980.9], [1.8797, 22537.6], [1.8796, 36418.5], [1.8795, 95339.8], [1.8794, 54420.8], [1.8793, 50126.8], [1.8792, 63554.2], [1.8791, 76028.6], [1.879, 48200.7], [1.8789, 67339.2], [1.8788, 63567.9], [1.8787, 78226.7], [1.8786, 133658.2], [1.8785, 15450.0], [1.8784, 18233.6], [1.8783, 63757.1], [1.8782, 69187.3], [1.8781, 15881.2]], "asks": [[1.8801, 41464.6], [1.8802, 13299.9], [1.8803, 25432.8], [1.8804, 42936.9], [1.8805, 34311.9], [1.8806, 47913.3], [1.8807, 88309.5], [1.8808, 67977.0], [1.8809, 34542.2], [1.881, 29219.4], [1.8811, 24545.5], [1.8812, 48847.5], [1.8813, 37185.5], [1.8814, 107575.4], [1.8815, 38111.2], [1.8816, 80812.9], [1.8817, 21443.0], [1.8818, 31915.6], [1.8819, 21718.9], [1.882, 30199.2]], "timestamp": "2025-12-16T09:33:01.041524+00:00"}, {"symbol": "XRPUSDT", "bids": [[1.8785, 20538.3], [1.8784, 17858.7], [1.8783, 15781.5], [1.8782, 20018.9], [1.8781, 25071.7], [1.878, 26634.7], [1.8779, 40263.8], [1.8778, 66155.2], [1.8777, 58081.8], [1.8776, 34985.5], [1.8775, 42413.8], [1.8774, 57373.5], [1.8773, 92817.3], [1.8772, 20036.5], [1.8771, 56467.3], [1.877, 71484.9], [1.8769, 16777.0], [1.8768, 19840.5], [1.8767, 48992.7], [1.8766, 54809.8]], "asks": [[1.8786, 3744.9], [1.8787, 6682.3], [1.8788, 27697.8], [1.8789, 23839.3], [1.879, 38869.9], [1.8791, 99323.4], [1.8792, 79136.4], [1.8793, 30745.5], [1.8794, 48892.3], [1.8795, 67513.8], [1.8796, 75601.8], [1.8797, 43615.1], [1.8798, 41423.2], [1.8799, 54147.0], [1.88, 139886.3], [1.8801, 22120.5], [1.8802, 49459.6], [1.8803, 31212.6], [1.8804, 44096.4], [1.8805, 39894.7]], "timestamp": "2025-12-16T09:33:54.695747+00:00"}, {"symbol": "XRPUSDT", "bids": [[1.8767, 237.3], [1.8766, 4532.5], [1.8765, 10936.9], [1.8764, 15983.3], [1.8763, 23045.6], [1.8762, 33186.6], [1.8761, 31597.9], [1.876, 35262.6], [1.8759, 65458.1], [1.8758, 63870.5], [1.8757, 18346.8], [1.8756, 37664.0], [1.8755, 30775.6], [1.8754, 48321.6], [1.8753, 54446.2], [1.8752, 103793.5], [1.8751, 43348.3], [1.875, 74015.3], [1.8749, 63787.7], [1.8748, 26939.0]], "asks": [[1.8768, 31077.9], [1.8769, 22647.5], [1.877, 40851.1], [1.8771, 63594.2], [1.8772, 43903.8], [1.8773, 36095.8], [1.8774, 56964.8], [1.8775, 114832.6], [1.8776, 50024.3], [1.8777, 50588.7], [1.8778, 44405.2], [1.8779, 58931.2], [1.878, 34289.4], [1.8781, 52518.2], [1.8782, 133399.6], [1.8783, 26279.5], [1.8784, 45713.2], [1.8785, 35146.4], [1.8786, 42058.6], [1.8787, 22610.1]], "timestamp": "2025-12-16T09:34:48.556300+00:00"}, {"symbol": "XRPUSDT", "bids": [[1.8745, 19825.4], [1.8744, 17036.9], [1.8743, 20414.0], [1.8742, 33030.0], [1.8741, 38512.4], [1.874, 36694.9], [1.8739, 54057.8], [1.8738, 67139.8], [1.8737, 41782.4], [1.8736, 66563.3], [1.8735, 60751.2], [1.8734, 56059.9], [1.8733, 28074.7], [1.8732, 19715.6], [1.8731, 117784.5], [1.873, 52010.3], [1.8729, 57971.1], [1.8728, 24925.2], [1.8727, 37482.8], [1.8726, 43399.6]], "asks": [[1.8746, 7702.3], [1.8747, 13709.2], [1.8748, 13481.7], [1.8749, 28427.2], [1.875, 47614.4], [1.8751, 24343.7], [1.8752, 41563.4], [1.8753, 54713.3], [1.8754, 59795.4], [1.8755, 35498.0], [1.8756, 38626.4], [1.8757, 50514.2], [1.8758, 106282.7], [1.8759, 117989.3], [1.876, 32068.9], [1.8761, 40967.9], [1.8762, 52724.2], [1.8763, 15079.4], [1.8764, 27671.9], [1.8765, 51059.7]], "timestamp": "2025-12-16T09:35:42.931869+00:00"}, {"symbol": "XRPUSDT", "bids": [[1.8764, 3542.4], [1.8763, 9414.0], [1.8762, 18987.5], [1.8761, 33834.1], [1.876, 74088.9], [1.8759, 31287.7], [1.8758, 100289.3], [1.8757, 39287.6], [1.8756, 67944.1], [1.8755, 41088.3], [1.8754, 30938.0], [1.8753, 24635.6], [1.8752, 38365.7], [1.8751, 110488.4], [1.875, 55088.0], [1.8749, 18977.9], [1.8748, 38246.4], [1.8747, 60714.8], [1.8746, 94903.6], [1.8745, 25786.9]], "asks": [[1.8765, 12293.6], [1.8766, 21477.9], [1.8767, 10696.0], [1.8768, 24545.4], [1.8769, 30680.7], [1.877, 35041.0], [1.8771, 76171.9], [1.8772, 37472.7], [1.8773, 40840.7], [1.8774, 79633.6], [1.8775, 61292.0], [1.8776, 30974.8], [1.8777, 27548.9], [1.8778, 61451.8], [1.8779, 145020.5], [1.878, 39759.5], [1.8781, 43097.6], [1.8782, 36429.8], [1.8783, 23281.0], [1.8784, 57624.3]], "timestamp": "2025-12-16T09:36:37.051819+00:00"}, {"symbol": "XRPUSDT", "bids": [[1.878, 51546.5], [1.8779, 28837.8], [1.8778, 18351.4], [1.8777, 14034.6], [1.8776, 28351.3], [1.8775, 41674.9], [1.8774, 61548.4], [1.8773, 54735.1], [1.8772, 45744.0], [1.8771, 71699.2], [1.877, 26939.7], [1.8769, 48266.7], [1.8768, 105526.2], [1.8767, 36275.8], [1.8766, 40153.7], [1.8765, 75790.8], [1.8764, 21323.0], [1.8763, 36985.3], [1.8762, 18583.7], [1.8761, 32691.4]], "asks": [[1.8781, 637.9], [1.8782, 7647.1], [1.8783, 24469.9], [1.8784, 26971.5], [1.8785, 34804.3], [1.8786, 54008.7], [1.8787, 49879.4], [1.8788, 77065.4], [1.8789, 30418.9], [1.879, 44411.9], [1.8791, 43632.4], [1.8792, 57737.4], [1.8793, 24606.0], [1.8794, 39797.6], [1.8795, 140302.3], [1.8796, 45180.6], [1.8797, 26675.4], [1.8798, 32597.6], [1.8799, 23301.2], [1.88, 56069.4]], "timestamp": "2025-12-16T09:37:30.451505+00:00"}, {"symbol": "XRPUSDT", "bids": [[1.8776, 23797.9], [1.8775, 9106.0], [1.8774, 18609.4], [1.8773, 27061.9], [1.8772, 40249.2], [1.8771, 77627.7], [1.877, 46061.4], [1.8769, 58870.0], [1.8768, 16634.5], [1.8767, 27036.5], [1.8766, 46460.3], [1.8765, 80091.9], [1.8764, 41127.6], [1.8763, 111456.7], [1.8762, 22477.2], [1.8761, 25409.3], [1.876, 91840.2], [1.8759, 41003.5], [1.8758, 70050.5], [1.8757, 35382.6]], "asks": [[1.8777, 32042.6], [1.8778, 15863.5], [1.8779, 26934.3], [1.878, 37160.6], [1.8781, 27180.7], [1.8782, 38107.5], [1.8783, 70409.4], [1.8784, 50114.4], [1.8785, 50253.8], [1.8786, 44999.0], [1.8787, 54779.8], [1.8788, 68756.2], [1.8789, 124694.4], [1.879, 38981.8], [1.8791, 45246.5], [1.8792, 51596.0], [1.8793, 16910.6], [1.8794, 26724.2], [1.8795, 56038.2], [1.8796, 47414.4]], "timestamp": "2025-12-16T09:38:23.646447+00:00"}, {"symbol": "XRPUSDT", "bids": [[1.8787, 6016.6], [1.8786, 9768.3], [1.8785, 29728.5], [1.8784, 27736.5], [1.8783, 46030.1], [1.8782, 30923.1], [1.8781, 82503.8], [1.878, 33786.0], [1.8779, 50924.6], [1.8778, 66370.7], [1.8777, 98152.3], [1.8776, 20117.6], [1.8775, 32832.9], [1.8774, 22688.0], [1.8773, 149376.0], [1.8772, 23862.9], [1.8771, 54895.3], [1.877, 38374.7], [1.8769, 82633.6], [1.8768, 19377.2]], "asks": [[1.8788, 12190.0], [1.8789, 21012.7], [1.879, 42488.5], [1.8791, 45975.4], [1.8792, 42549.6], [1.8793, 38989.6], [1.8794, 49011.3], [1.8795, 79347.9], [1.8796, 60156.4], [1.8797, 51554.8], [1.8798, 35008.6], [1.8799, 30817.1], [1.88, 78633.3], [1.8801, 117495.4], [1.8802, 51360.8], [1.8803, 35418.0], [1.8804, 58457.0], [1.8805, 88195.3], [1.8806, 22865.0], [1.8807, 25738.8]], "timestamp": "2025-12-16T09:39:16.889816+00:00"}, {"symbol": "XRPUSDT", "bids": [[1.8782, 8944.7], [1.8781, 3907.3], [1.878, 23658.5], [1.8779, 24134.5], [1.8778, 34551.0], [1.8777, 88145.8], [1.8776, 54766.3], [1.8775, 32306.9], [1.8774, 36772.3], [1.8773, 78895.6], [1.8772, 37564.3], [1.8771, 64891.1], [1.877, 25768.3], [1.8769, 59929.8], [1.8768, 103395.6], [1.8767, 24076.3], [1.8766, 26586.4], [1.8765, 80171.7], [1.8764, 35658.2], [1.8763, 59186.5]], "asks": [[1.8783, 13072.2], [1.8784, 12914.5], [1.8785, 20387.9], [1.8786, 39319.0], [1.8787, 39749.8], [1.8788, 55366.6], [1.8789, 61159.1], [1.879, 70546.3], [1.8791, 44321.0], [1.8792, 54604.4], [1.8793, 29688.2], [1.8794, 52936.8], [1.8795, 154119.6], [1.8796, 53231.5], [1.8797, 34424.8], [1.8798, 25823.0], [1.8799, 22352.4], [1.88, 51195.5], [1.8801, 32809.6], [1.8802, 55203.7]], "timestamp": "2025-12-16T09:40:10.734611+00:00"}, {"symbol": "XRPUSDT", "bids": [[1.8783, 2158.8], [1.8782, 587.7], [1.8781, 17776.9], [1.878, 30970.5], [1.8779, 33162.3], [1.8778, 35199.1], [1.8777, 111773.9], [1.8776, 35163.1], [1.8775, 38783.9], [1.8774, 27080.8], [1.8773, 61479.6], [1.8772, 32509.1], [1.8771, 65191.4], [1.877, 46940.5], [1.8769, 137320.9], [1.8768, 17893.9], [1.8767, 24616.4], [1.8766, 26586.4], [1.8765, 90973.6], [1.8764, 28870.1]], "asks": [[1.8784, 25614.1], [1.8785, 28598.3], [1.8786, 28695.5], [1.8787, 42709.8], [1.8788, 61329.6], [1.8789, 70946.8], [1.879, 47720.4], [1.8791, 44397.2], [1.8792, 54011.9], [1.8793, 31598.3], [1.8794, 40577.5], [1.8795, 76784.0], [1.8796, 146360.2], [1.8797, 39250.9], [1.8798, 23935.6], [1.8799, 24052.0], [1.88, 54308.4], [1.8801, 36198.3], [1.8802, 77203.4], [1.8803, 40655.9]], "timestamp": "2025-12-16T09:41:03.962935+00:00"}, {"symbol": "XRPUSDT", "bids": [[1.8787, 2840.4], [1.8786, 5946.0], [1.8785, 23309.1], [1.8784, 30143.4], [1.8783, 43436.9], [1.8782, 31084.4], [1.8781, 106471.5], [1.878, 50353.2], [1.8779, 44831.6], [1.8778, 30392.8], [1.8777, 83603.3], [1.8776, 36358.2], [1.8775, 31399.7], [1.8774, 37174.0], [1.8773, 132623.1], [1.8772, 22351.1], [1.8771, 55918.7], [1.877, 32224.6], [1.8769, 64888.7], [1.8768, 27838.0]], "asks": [[1.8788, 27669.0], [1.8789, 21277.2], [1.879, 32329.9], [1.8791, 42036.9], [1.8792, 46152.8], [1.8793, 51258.4], [1.8794, 56787.9], [1.8795, 51496.4], [1.8796, 64935.5], [1.8797, 44199.0], [1.8798, 35223.7], [1.8799, 49105.0], [1.88, 154413.4], [1.8801, 30829.2], [1.8802, 56737.5], [1.8803, 36133.5], [1.8804, 45607.0], [1.8805, 48710.3], [1.8806, 56018.6], [1.8807, 22240.5]], "timestamp": "2025-12-16T09:41:56.188962+00:00"}, {"symbol": "XRPUSDT", "bids": [[1.8784, 18261.0], [1.8783, 21811.7], [1.8782, 20759.0], [1.8781, 26120.8], [1.878, 35453.1], [1.8779, 34842.7], [1.8778, 78721.8], [1.8777, 82006.7], [1.8776, 25995.6], [1.8775, 39046.7], [1.8774, 24770.3], [1.8773, 48825.1], [1.8772, 25267.8], [1.8771, 68598.5], [1.877, 113125.6], [1.8769, 48030.1], [1.8768, 17939.6], [1.8767, 29198.8], [1.8766, 50133.6], [1.8765, 113105.0]], "asks": [[1.8785, 12841.4], [1.8786, 15941.8], [1.8787, 42071.6], [1.8788, 66820.7], [1.8789, 34724.4], [1.879, 49602.4], [1.8791, 41693.7], [1.8792, 65859.2], [1.8793, 41533.2], [1.8794, 42497.4], [1.8795, 57374.2], [1.8796, 78121.4], [1.8797, 130528.6], [1.8798, 30316.1], [1.8799, 21131.4], [1.88, 61583.9], [1.8801, 30495.0], [1.8802, 50568.8], [1.8803, 43692.6], [1.8804, 44485.3]], "timestamp": "2025-12-16T09:42:48.669738+00:00"}, {"symbol": "XRPUSDT", "bids": [[1.8783, 11466.9], [1.8782, 9282.0], [1.8781, 16837.0], [1.878, 27586.6], [1.8779, 21456.5], [1.8778, 47191.2], [1.8777, 104887.6], [1.8776, 28558.7], [1.8775, 34295.7], [1.8774, 32928.6], [1.8773, 51965.4], [1.8772, 23661.7], [1.8771, 55756.3], [1.877, 30601.6], [1.8769, 55672.3], [1.8768, 111360.6], [1.8767, 44975.4], [1.8766, 68131.1], [1.8765, 97300.9], [1.8764, 19141.9]], "asks": [[1.8784, 17875.5], [1.8785, 33678.6], [1.8786, 33942.9], [1.8787, 32476.9], [1.8788, 61657.6], [1.8789, 32270.3], [1.879, 48443.5], [1.8791, 44265.5], [1.8792, 70979.8], [1.8793, 30660.8], [1.8794, 42664.3], [1.8795, 63981.1], [1.8796, 66676.8], [1.8797, 125082.9], [1.8798, 32881.7], [1.8799, 28868.5], [1.88, 59247.3], [1.8801, 29551.7], [1.8802, 56243.2], [1.8803, 41680.0]], "timestamp": "2025-12-16T09:43:41.685474+00:00"}, {"symbol": "XRPUSDT", "bids": [[1.8798, 4215.7], [1.8797, 38041.7], [1.8796, 36752.9], [1.8795, 26797.3], [1.8794, 38635.8], [1.8793, 105730.1], [1.8792, 55570.7], [1.8791, 50168.6], [1.879, 49460.0], [1.8789, 59712.6], [1.8788, 33088.1], [1.8787, 48550.7], [1.8786, 123363.5], [1.8785, 47166.4], [1.8784, 50252.0], [1.8783, 32314.8], [1.8782, 48157.0], [1.8781, 92238.0], [1.878, 25125.3], [1.8779, 24057.6]], "asks": [[1.8799, 37531.8], [1.88, 12601.0], [1.8801, 26864.6], [1.8802, 25460.6], [1.8803, 35452.5], [1.8804, 35595.6], [1.8805, 45315.6], [1.8806, 33789.3], [1.8807, 30538.1], [1.8808, 38217.6], [1.8809, 65480.2], [1.881, 61427.5], [1.8811, 34833.3], [1.8812, 71273.7], [1.8813, 104395.1], [1.8814, 26103.5], [1.8815, 37669.3], [1.8816, 70288.7], [1.8817, 33319.6], [1.8818, 64946.8]], "timestamp": "2025-12-16T09:44:34.651685+00:00"}, {"symbol": "XRPUSDT", "bids": [[1.8803, 10110.9], [1.8802, 12802.4], [1.8801, 39873.8], [1.88, 18093.4], [1.8799, 32384.9], [1.8798, 31073.0], [1.8797, 98082.1], [1.8796, 68509.2], [1.8795, 30499.6], [1.8794, 21786.6], [1.8793, 50196.4], [1.8792, 29372.3], [1.8791, 38217.8], [1.879, 127531.2], [1.8789, 56210.3], [1.8788, 30417.1], [1.8787, 31962.0], [1.8786, 42586.6], [1.8785, 56629.3], [1.8784, 85486.8]], "asks": [[1.8804, 15982.5], [1.8805, 14041.5], [1.8806, 26791.2], [1.8807, 33581.7], [1.8808, 30392.1], [1.8809, 32683.6], [1.881, 54109.0], [1.8811, 31654.0], [1.8812, 48297.1], [1.8813, 56087.3], [1.8814, 40267.1], [1.8815, 41393.2], [1.8816, 70293.9], [1.8817, 139605.6], [1.8818, 35816.1], [1.8819, 16633.1], [1.882, 24286.4], [1.8821, 35086.6], [1.8822, 54209.2], [1.8823, 15183.6]], "timestamp": "2025-12-16T09:45:27.488638+00:00"}, {"symbol": "XRPUSDT", "bids": [[1.8793, 640.7], [1.8792, 5236.8], [1.8791, 14006.6], [1.879, 39381.2], [1.8789, 16203.7], [1.8788, 27810.5], [1.8787, 48584.2], [1.8786, 31965.7], [1.8785, 80518.7], [1.8784, 52421.5], [1.8783, 25018.6], [1.8782, 25329.3], [1.8781, 63014.5], [1.878, 33165.4], [1.8779, 108071.0], [1.8778, 46976.2], [1.8777, 51095.6], [1.8776, 23091.6], [1.8775, 26897.2], [1.8774, 21279.4]], "asks": [[1.8794, 19072.6], [1.8795, 21191.7], [1.8796, 20574.5], [1.8797, 34184.2], [1.8798, 31889.9], [1.8799, 35246.5], [1.88, 46674.0], [1.8801, 70388.1], [1.8802, 63240.2], [1.8803, 36034.8], [1.8804, 35202.1], [1.8805, 74774.2], [1.8806, 125748.1], [1.8807, 21897.7], [1.8808, 22469.1], [1.8809, 78467.6], [1.881, 42160.9], [1.8811, 50863.7], [1.8812, 22937.4], [1.8813, 74494.2]], "timestamp": "2025-12-16T09:46:20.519391+00:00"}, {"symbol": "XRPUSDT", "bids": [[1.8795, 5674.0], [1.8794, 21022.9], [1.8793, 41008.0], [1.8792, 23052.6], [1.8791, 46000.6], [1.879, 84668.9], [1.8789, 53703.2], [1.8788, 25428.6], [1.8787, 15222.0], [1.8786, 25289.7], [1.8785, 67157.8], [1.8784, 42664.9], [1.8783, 26967.5], [1.8782, 110111.2], [1.8781, 51832.2], [1.878, 46468.2], [1.8779, 68364.8], [1.8778, 59276.2], [1.8777, 80004.1], [1.8776, 22966.0]], "asks": [[1.8796, 14408.7], [1.8797, 18735.5], [1.8798, 30559.4], [1.8799, 26579.9], [1.88, 22172.0], [1.8801, 47682.0], [1.8802, 56074.7], [1.8803, 51862.8], [1.8804, 31980.6], [1.8805, 61016.2], [1.8806, 35153.0], [1.8807, 30573.6], [1.8808, 136083.6], [1.8809, 92212.7], [1.881, 42180.2], [1.8811, 23737.0], [1.8812, 19025.7], [1.8813, 49273.5], [1.8814, 38113.4], [1.8815, 33006.0]], "timestamp": "2025-12-16T09:47:13.714618+00:00"}, {"symbol": "XRPUSDT", "bids": [[1.8793, 4028.9], [1.8792, 16753.0], [1.8791, 27673.1], [1.879, 43747.5], [1.8789, 61313.5], [1.8788, 33107.1], [1.8787, 52012.5], [1.8786, 43926.6], [1.8785, 62439.9], [1.8784, 59320.4], [1.8783, 36961.1], [1.8782, 28804.0], [1.8781, 48493.6], [1.878, 54761.7], [1.8779, 113039.6], [1.8778, 53679.6], [1.8777, 66357.6], [1.8776, 41214.9], [1.8775, 22298.9], [1.8774, 37159.9]], "asks": [[1.8794, 16066.4], [1.8795, 18541.7], [1.8796, 31159.3], [1.8797, 36004.6], [1.8798, 48648.3], [1.8799, 38063.1], [1.88, 47599.8], [1.8801, 31023.5], [1.8802, 40780.1], [1.8803, 37781.6], [1.8804, 35271.5], [1.8805, 81384.8], [1.8806, 115582.7], [1.8807, 29572.3], [1.8808, 39125.0], [1.8809, 85605.8], [1.881, 34664.1], [1.8811, 18503.7], [1.8812, 18257.5], [1.8813, 50370.2]], "timestamp": "2025-12-16T09:48:05.256062+00:00"}, {"symbol": "XRPUSDT", "bids": [[1.8799, 3989.5], [1.8798, 6526.6], [1.8797, 26998.5], [1.8796, 71874.7], [1.8795, 23952.5], [1.8794, 56827.3], [1.8793, 65520.9], [1.8792, 24773.0], [1.8791, 33327.7], [1.879, 50598.2], [1.8789, 64712.6], [1.8788, 32391.3], [1.8787, 16909.8], [1.8786, 113780.8], [1.8785, 63574.4], [1.8784, 87695.0], [1.8783, 37877.7], [1.8782, 36672.6], [1.8781, 70129.1], [1.878, 43081.0]], "asks": [[1.88, 33038.9], [1.8801, 25756.7], [1.8802, 18312.1], [1.8803, 18649.5], [1.8804, 26799.1], [1.8805, 39742.5], [1.8806, 45696.2], [1.8807, 37853.2], [1.8808, 54149.2], [1.8809, 95914.5], [1.881, 52522.3], [1.8811, 26965.3], [1.8812, 115048.0], [1.8813, 57842.8], [1.8814, 37081.1], [1.8815, 30090.1], [1.8816, 45787.1], [1.8817, 64128.2], [1.8818, 38484.7], [1.8819, 19849.6]], "timestamp": "2025-12-16T09:48:58.529288+00:00"}, {"symbol": "XRPUSDT", "bids": [[1.8785, 3587.0], [1.8784, 10829.5], [1.8783, 25547.5], [1.8782, 34184.7], [1.8781, 46371.1], [1.878, 63382.5], [1.8779, 35124.7], [1.8778, 69158.0], [1.8777, 55493.3], [1.8776, 24182.5], [1.8775, 28403.2], [1.8774, 47148.2], [1.8773, 65598.7], [1.8772, 107646.0], [1.8771, 57524.1], [1.877, 28705.8], [1.8769, 92126.3], [1.8768, 15005.5], [1.8767, 26875.1], [1.8766, 42729.9]], "asks": [[1.8786, 9967.9], [1.8787, 18336.6], [1.8788, 21422.6], [1.8789, 33608.4], [1.879, 40150.3], [1.8791, 43435.1], [1.8792, 73169.1], [1.8793, 97661.0], [1.8794, 56354.9], [1.8795, 64019.2], [1.8796, 33923.9], [1.8797, 72529.0], [1.8798, 45493.6], [1.8799, 127920.7], [1.88, 36178.9], [1.8801, 50162.7], [1.8802, 52482.9], [1.8803, 24976.1], [1.8804, 27213.2], [1.8805, 47569.6]], "timestamp": "2025-12-16T09:49:51.405195+00:00"}, {"symbol": "XRPUSDT", "bids": [[1.8773, 6299.3], [1.8772, 7562.1], [1.8771, 10802.8], [1.877, 22866.8], [1.8769, 59559.5], [1.8768, 27214.6], [1.8767, 49000.6], [1.8766, 42407.8], [1.8765, 106636.3], [1.8764, 19371.0], [1.8763, 27456.9], [1.8762, 22765.1], [1.8761, 24222.0], [1.876, 63225.4], [1.8759, 120109.2], [1.8758, 46787.1], [1.8757, 32234.7], [1.8756, 109816.7], [1.8755, 36886.9], [1.8754, 34843.6]], "asks": [[1.8774, 33952.6], [1.8775, 28084.8], [1.8776, 27431.7], [1.8777, 24862.6], [1.8778, 28621.1], [1.8779, 41311.7], [1.878, 63479.4], [1.8781, 102236.1], [1.8782, 52250.2], [1.8783, 42881.2], [1.8784, 41760.7], [1.8785, 80865.0], [1.8786, 35565.1], [1.8787, 54494.8], [1.8788, 143722.1], [1.8789, 48964.8], [1.879, 35322.8], [1.8791, 23734.7], [1.8792, 23132.2], [1.8793, 46160.9]], "timestamp": "2025-12-16T09:50:43.387470+00:00"}, {"symbol": "XRPUSDT", "bids": [[1.8776, 13923.5], [1.8775, 12317.2], [1.8774, 25544.2], [1.8773, 51113.6], [1.8772, 36963.5], [1.8771, 49698.3], [1.877, 64625.8], [1.8769, 57099.0], [1.8768, 21415.0], [1.8767, 36422.8], [1.8766, 55722.2], [1.8765, 86156.2], [1.8764, 21510.8], [1.8763, 37945.0], [1.8762, 109455.8], [1.8761, 32689.3], [1.876, 63779.0], [1.8759, 42337.2], [1.8758, 53404.2], [1.8757, 21479.8]], "asks": [[1.8777, 25898.1], [1.8778, 18093.2], [1.8779, 36201.8], [1.878, 48736.0], [1.8781, 33239.1], [1.8782, 44878.7], [1.8783, 36537.0], [1.8784, 47320.6], [1.8785, 83697.7], [1.8786, 37128.4], [1.8787, 44916.6], [1.8788, 50556.3], [1.8789, 75785.5], [1.879, 126224.7], [1.8791, 33521.8], [1.8792, 23370.6], [1.8793, 54097.7], [1.8794, 34397.2], [1.8795, 48026.2], [1.8796, 57441.0]], "timestamp": "2025-12-16T09:51:36.794112+00:00"}, {"symbol": "XRPUSDT", "bids": [[1.8777, 715.1], [1.8776, 10803.7], [1.8775, 10562.4], [1.8774, 23905.3], [1.8773, 53191.3], [1.8772, 66960.2], [1.8771, 99847.1], [1.877, 37853.0], [1.8769, 44956.7], [1.8768, 19006.8], [1.8767, 31618.6], [1.8766, 40743.6], [1.8765, 90787.5], [1.8764, 112422.6], [1.8763, 37094.9], [1.8762, 25553.0], [1.8761, 39381.4], [1.876, 64889.9], [1.8759, 45287.3], [1.8758, 77256.5]], "asks": [[1.8778, 45394.0], [1.8779, 25003.0], [1.878, 22200.2], [1.8781, 28925.3], [1.8782, 31300.3], [1.8783, 41410.4], [1.8784, 51907.9], [1.8785, 69228.7], [1.8786, 43216.8], [1.8787, 30707.0], [1.8788, 57312.2], [1.8789, 60797.1], [1.879, 49230.0], [1.8791, 53887.2], [1.8792, 114243.5], [1.8793, 46365.9], [1.8794, 34462.1], [1.8795, 51813.2], [1.8796, 23356.5], [1.8797, 58212.0]], "timestamp": "2025-12-16T09:52:28.950992+00:00"}, {"symbol": "XRPUSDT", "bids": [[1.8781, 4780.9], [1.878, 7856.8], [1.8779, 18761.2], [1.8778, 38076.6], [1.8777, 65829.8], [1.8776, 79326.4], [1.8775, 46094.6], [1.8774, 30710.4], [1.8773, 44831.7], [1.8772, 43595.3], [1.8771, 39345.9], [1.877, 23730.2], [1.8769, 58140.7], [1.8768, 109165.0], [1.8767, 32391.3], [1.8766, 73624.0], [1.8765, 129659.1], [1.8764, 31227.5], [1.8763, 79016.2], [1.8762, 36150.0]], "asks": [[1.8782, 27890.3], [1.8783, 28647.9], [1.8784, 40992.2], [1.8785, 42498.8], [1.8786, 44529.3], [1.8787, 21005.3], [1.8788, 39740.0], [1.8789, 66899.2], [1.879, 57945.3], [1.8791, 40986.1], [1.8792, 33895.3], [1.8793, 66724.9], [1.8794, 61353.6], [1.8795, 135167.6], [1.8796, 36234.4], [1.8797, 52434.8], [1.8798, 24087.1], [1.8799, 16988.1], [1.88, 36386.9], [1.8801, 48683.4]], "timestamp": "2025-12-16T09:53:20.705891+00:00"}, {"symbol": "XRPUSDT", "bids": [[1.8781, 29829.5], [1.878, 27463.1], [1.8779, 34295.7], [1.8778, 43680.6], [1.8777, 92159.8], [1.8776, 64030.7], [1.8775, 70497.2], [1.8774, 43177.6], [1.8773, 63571.1], [1.8772, 47813.0], [1.8771, 52459.7], [1.877, 25453.6], [1.8769, 61009.1], [1.8768, 106056.2], [1.8767, 26905.4], [1.8766, 42105.1], [1.8765, 97093.1], [1.8764, 24790.2], [1.8763, 31914.8], [1.8762, 22786.5]], "asks": [[1.8782, 4720.6], [1.8783, 5174.1], [1.8784, 12609.2], [1.8785, 31942.3], [1.8786, 30033.0], [1.8787, 42906.6], [1.8788, 35832.7], [1.8789, 55851.6], [1.879, 39887.3], [1.8791, 31205.9], [1.8792, 25102.8], [1.8793, 53534.3], [1.8794, 46422.6], [1.8795, 134291.5], [1.8796, 20605.1], [1.8797, 55872.0], [1.8798, 37007.8], [1.8799, 19949.4], [1.88, 31729.8], [1.8801, 59122.7]], "timestamp": "2025-12-16T09:54:14.013954+00:00"}, {"symbol": "XRPUSDT", "bids": [[1.8772, 34668.9], [1.8771, 22786.8], [1.877, 24727.1], [1.8769, 42446.8], [1.8768, 24075.6], [1.8767, 38478.3], [1.8766, 79218.3], [1.8765, 94915.3], [1.8764, 18391.0], [1.8763, 24258.0], [1.8762, 23801.1], [1.8761, 120547.7], [1.876, 57914.2], [1.8759, 32725.9], [1.8758, 53798.5], [1.8757, 30006.7], [1.8756, 56694.5], [1.8755, 25476.2], [1.8754, 34313.6], [1.8753, 26416.8]], "asks": [[1.8773, 10064.8], [1.8774, 9202.1], [1.8775, 19270.7], [1.8776, 27978.2], [1.8777, 32096.0], [1.8778, 45805.3], [1.8779, 54938.6], [1.878, 43644.1], [1.8781, 55878.1], [1.8782, 29424.0], [1.8783, 23078.6], [1.8784, 25643.6], [1.8785, 78335.5], [1.8786, 106936.7], [1.8787, 28167.0], [1.8788, 44822.8], [1.8789, 45855.5], [1.879, 35978.4], [1.8791, 28223.2], [1.8792, 29897.7]], "timestamp": "2025-12-16T09:55:06.890377+00:00"}, {"symbol": "XRPUSDT", "bids": [[1.8763, 14336.5], [1.8762, 19540.8], [1.8761, 30795.4], [1.876, 42985.4], [1.8759, 32379.2], [1.8758, 79703.2], [1.8757, 66525.3], [1.8756, 48910.0], [1.8755, 26892.6], [1.8754, 26064.7], [1.8753, 19524.1], [1.8752, 34750.1], [1.8751, 49549.2], [1.875, 133974.2], [1.8749, 32743.2], [1.8748, 24818.2], [1.8747, 63869.7], [1.8746, 74463.6], [1.8745, 82733.7], [1.8744, 18856.2]], "asks": [[1.8764, 5357.1], [1.8765, 22969.8], [1.8766, 27439.7], [1.8767, 30708.7], [1.8768, 22095.0], [1.8769, 44639.6], [1.877, 42875.6], [1.8771, 30067.4], [1.8772, 42857.6], [1.8773, 89533.2], [1.8774, 27924.6], [1.8775, 26990.8], [1.8776, 32425.8], [1.8777, 132299.0], [1.8778, 26953.3], [1.8779, 33359.9], [1.878, 57657.2], [1.8781, 52986.3], [1.8782, 26445.1], [1.8783, 20073.9]], "timestamp": "2025-12-16T09:55:59.887788+00:00"}, {"symbol": "XRPUSDT", "bids": [[1.8767, 2827.6], [1.8766, 22382.3], [1.8765, 32476.9], [1.8764, 48410.8], [1.8763, 31660.1], [1.8762, 37603.9], [1.8761, 46984.7], [1.876, 54378.8], [1.8759, 47395.1], [1.8758, 68137.3], [1.8757, 27866.9], [1.8756, 47365.9], [1.8755, 28834.7], [1.8754, 35785.7], [1.8753, 104984.3], [1.8752, 34954.6], [1.8751, 40538.4], [1.875, 83782.0], [1.8749, 19373.4], [1.8748, 30529.8]], "asks": [[1.8768, 17906.5], [1.8769, 16226.0], [1.877, 13451.2], [1.8771, 31074.5], [1.8772, 36511.3], [1.8773, 41135.1], [1.8774, 38893.6], [1.8775, 41062.5], [1.8776, 33925.3], [1.8777, 58490.1], [1.8778, 36281.9], [1.8779, 61678.7], [1.878, 140896.4], [1.8781, 59049.6], [1.8782, 37220.4], [1.8783, 31759.5], [1.8784, 20707.6], [1.8785, 61696.4], [1.8786, 28830.8], [1.8787, 43881.6]], "timestamp": "2025-12-16T09:56:52.476420+00:00"}, {"symbol": "XRPUSDT", "bids": [[1.877, 22114.6], [1.8769, 30180.2], [1.8768, 53261.5], [1.8767, 30239.5], [1.8766, 25182.3], [1.8765, 59966.7], [1.8764, 91539.6], [1.8763, 52320.5], [1.8762, 42455.5], [1.8761, 21775.0], [1.876, 58576.9], [1.8759, 39537.3], [1.8758, 78792.0], [1.8757, 108868.1], [1.8756, 53607.9], [1.8755, 77322.4], [1.8754, 37962.9], [1.8753, 27207.3], [1.8752, 27824.9], [1.8751, 44520.2]], "asks": [[1.8771, 8907.9], [1.8772, 3689.2], [1.8773, 17848.0], [1.8774, 11840.6], [1.8775, 34232.3], [1.8776, 47095.1], [1.8777, 80606.0], [1.8778, 39532.4], [1.8779, 44878.6], [1.878, 56852.9], [1.8781, 61333.0], [1.8782, 42304.9], [1.8783, 28238.6], [1.8784, 121892.9], [1.8785, 65030.1], [1.8786, 30068.7], [1.8787, 31069.9], [1.8788, 47981.6], [1.8789, 80575.7], [1.879, 30769.8]], "timestamp": "2025-12-16T09:57:44.196537+00:00"}, {"symbol": "XRPUSDT", "bids": [[1.8775, 12624.8], [1.8774, 13356.6], [1.8773, 34226.4], [1.8772, 68955.0], [1.8771, 63443.2], [1.877, 51690.7], [1.8769, 37563.1], [1.8768, 82399.9], [1.8767, 53277.3], [1.8766, 23940.1], [1.8765, 48953.0], [1.8764, 58126.5], [1.8763, 46751.1], [1.8762, 111864.0], [1.8761, 40802.7], [1.876, 62082.3], [1.8759, 32307.6], [1.8758, 60112.0], [1.8757, 29067.2], [1.8756, 52870.4]], "asks": [[1.8776, 13655.1], [1.8777, 5914.8], [1.8778, 19709.9], [1.8779, 24186.2], [1.878, 29271.9], [1.8781, 44399.1], [1.8782, 43486.4], [1.8783, 34730.4], [1.8784, 36491.9], [1.8785, 74284.2], [1.8786, 35264.6], [1.8787, 38329.0], [1.8788, 67251.7], [1.8789, 132287.7], [1.879, 47163.9], [1.8791, 26544.1], [1.8792, 20489.9], [1.8793, 50222.5], [1.8794, 37176.4], [1.8795, 57021.5]], "timestamp": "2025-12-16T09:58:36.431221+00:00"}, {"symbol": "XRPUSDT", "bids": [[1.8775, 28535.2], [1.8774, 29465.5], [1.8773, 37177.2], [1.8772, 56123.0], [1.8771, 41689.7], [1.877, 37914.7], [1.8769, 56571.6], [1.8768, 69849.6], [1.8767, 29742.4], [1.8766, 26774.1], [1.8765, 67325.3], [1.8764, 73025.2], [1.8763, 120028.3], [1.8762, 19190.5], [1.8761, 54622.9], [1.876, 70115.3], [1.8759, 40016.1], [1.8758, 67774.7], [1.8757, 22067.6], [1.8756, 59928.8]], "asks": [[1.8776, 1739.7], [1.8777, 7354.2], [1.8778, 16364.6], [1.8779, 31040.1], [1.878, 50306.2], [1.8781, 41835.9], [1.8782, 50767.5], [1.8783, 40669.6], [1.8784, 56031.5], [1.8785, 68277.2], [1.8786, 34813.2], [1.8787, 35559.8], [1.8788, 65709.4], [1.8789, 152546.4], [1.879, 48576.8], [1.8791, 25860.4], [1.8792, 26863.2], [1.8793, 51284.3], [1.8794, 30793.7], [1.8795, 44534.6]], "timestamp": "2025-12-16T09:59:29.102411+00:00"}, {"symbol": "XRPUSDT", "bids": [[1.8782, 12874.4], [1.8781, 9868.8], [1.878, 16700.9], [1.8779, 15402.5], [1.8778, 41148.6], [1.8777, 57058.3], [1.8776, 99292.2], [1.8775, 36869.0], [1.8774, 19983.2], [1.8773, 25169.4], [1.8772, 54911.5], [1.8771, 62016.5], [1.877, 38278.7], [1.8769, 21411.8], [1.8768, 140338.4], [1.8767, 67021.4], [1.8766, 18196.1], [1.8765, 56363.4], [1.8764, 62753.0], [1.8763, 27588.3]], "asks": [[1.8783, 20564.2], [1.8784, 8930.8], [1.8785, 20680.0], [1.8786, 36646.6], [1.8787, 27194.0], [1.8788, 40653.5], [1.8789, 91275.8], [1.879, 53323.1], [1.8791, 51534.1], [1.8792, 50226.2], [1.8793, 50169.5], [1.8794, 23945.3], [1.8795, 134784.3], [1.8796, 35453.2], [1.8797, 69769.2], [1.8798, 18196.7], [1.8799, 20021.0], [1.88, 31605.8], [1.8801, 52630.3], [1.8802, 53162.0]], "timestamp": "2025-12-16T10:00:21.195740+00:00"}, {"symbol": "XRPUSDT", "bids": [[1.8782, 4436.6], [1.8781, 982.4], [1.878, 8453.3], [1.8779, 12573.4], [1.8778, 30086.5], [1.8777, 42441.5], [1.8776, 92136.8], [1.8775, 32538.7], [1.8774, 22379.8], [1.8773, 37885.3], [1.8772, 56932.1], [1.8771, 72048.8], [1.877, 38080.1], [1.8769, 37703.7], [1.8768, 145112.0], [1.8767, 59550.7], [1.8766, 30120.3], [1.8765, 48258.1], [1.8764, 54924.5], [1.8763, 27587.3]], "asks": [[1.8783, 44497.4], [1.8784, 26549.1], [1.8785, 29515.0], [1.8786, 34820.4], [1.8787, 45077.2], [1.8788, 59867.9], [1.8789, 84666.4], [1.879, 82950.4], [1.8791, 45654.5], [1.8792, 20596.3], [1.8793, 29443.8], [1.8794, 30555.0], [1.8795, 135470.4], [1.8796, 44284.1], [1.8797, 28135.6], [1.8798, 27431.3], [1.8799, 28449.8], [1.88, 29411.2], [1.8801, 57793.3], [1.8802, 52077.1]], "timestamp": "2025-12-16T10:01:14.157213+00:00"}, {"symbol": "XRPUSDT", "bids": [[1.8767, 54531.4], [1.8766, 25662.8], [1.8765, 43084.0], [1.8764, 31477.2], [1.8763, 34319.9], [1.8762, 32579.8], [1.8761, 71696.5], [1.876, 60254.6], [1.8759, 34872.0], [1.8758, 63603.9], [1.8757, 28615.7], [1.8756, 49103.3], [1.8755, 115028.6], [1.8754, 19360.1], [1.8753, 25192.4], [1.8752, 44586.9], [1.8751, 36818.6], [1.875, 57875.0], [1.8749, 31332.7], [1.8748, 67835.8]], "asks": [[1.8768, 5208.6], [1.8769, 4266.9], [1.877, 5925.2], [1.8771, 26935.4], [1.8772, 35536.8], [1.8773, 59740.5], [1.8774, 60182.0], [1.8775, 59315.9], [1.8776, 64159.3], [1.8777, 18638.2], [1.8778, 31524.9], [1.8779, 16261.8], [1.878, 35140.9], [1.8781, 79120.0], [1.8782, 35939.8], [1.8783, 100541.1], [1.8784, 37178.9], [1.8785, 53160.6], [1.8786, 26878.1], [1.8787, 38501.8]], "timestamp": "2025-12-16T10:02:07.468362+00:00"}, {"symbol": "XRPUSDT", "bids": [[1.8786, 30663.4], [1.8785, 37027.9], [1.8784, 43095.2], [1.8783, 34614.9], [1.8782, 65167.2], [1.8781, 39081.0], [1.878, 68230.0], [1.8779, 36579.6], [1.8778, 52634.1], [1.8777, 52491.5], [1.8776, 48731.3], [1.8775, 36542.4], [1.8774, 125455.3], [1.8773, 20620.6], [1.8772, 34128.8], [1.8771, 44627.8], [1.877, 68556.6], [1.8769, 17107.7], [1.8768, 34844.0], [1.8767, 27399.7]], "asks": [[1.8787, 10759.5], [1.8788, 2463.7], [1.8789, 5690.7], [1.879, 8826.3], [1.8791, 14653.5], [1.8792, 43795.5], [1.8793, 42058.4], [1.8794, 34211.2], [1.8795, 60423.2], [1.8796, 47206.3], [1.8797, 25572.7], [1.8798, 25538.4], [1.8799, 35278.1], [1.88, 44707.8], [1.8801, 128281.1], [1.8802, 58028.8], [1.8803, 30037.9], [1.8804, 24747.7], [1.8805, 80764.1], [1.8806, 30746.0]], "timestamp": "2025-12-16T10:02:59.623502+00:00"}, {"symbol": "XRPUSDT", "bids": [[1.8798, 18119.3], [1.8797, 26115.8], [1.8796, 29851.5], [1.8795, 40961.1], [1.8794, 62562.6], [1.8793, 35125.0], [1.8792, 45435.6], [1.8791, 71486.9], [1.879, 54347.3], [1.8789, 59407.5], [1.8788, 45619.2], [1.8787, 29852.6], [1.8786, 63129.2], [1.8785, 108972.9], [1.8784, 46843.3], [1.8783, 44844.7], [1.8782, 53128.2], [1.8781, 21463.3], [1.878, 37710.0], [1.8779, 30982.9]], "asks": [[1.8799, 1301.9], [1.88, 11182.2], [1.8801, 13502.7], [1.8802, 25166.4], [1.8803, 23034.8], [1.8804, 34964.6], [1.8805, 64138.6], [1.8806, 36631.3], [1.8807, 28105.3], [1.8808, 37659.4], [1.8809, 85506.5], [1.881, 36968.5], [1.8811, 32419.7], [1.8812, 100514.0], [1.8813, 56774.6], [1.8814, 32547.7], [1.8815, 37679.4], [1.8816, 46386.0], [1.8817, 88502.8], [1.8818, 23507.2]], "timestamp": "2025-12-16T10:03:51.772711+00:00"}, {"symbol": "XRPUSDT", "bids": [[1.8798, 1688.5], [1.8797, 8142.4], [1.8796, 14004.0], [1.8795, 27149.9], [1.8794, 56809.5], [1.8793, 46965.7], [1.8792, 80270.0], [1.8791, 49156.7], [1.879, 62472.2], [1.8789, 51002.1], [1.8788, 35722.2], [1.8787, 22758.8], [1.8786, 51089.9], [1.8785, 33111.8], [1.8784, 128925.8], [1.8783, 47022.7], [1.8782, 61060.4], [1.8781, 63523.9], [1.878, 27344.4], [1.8779, 23092.2]], "asks": [[1.8799, 14859.9], [1.88, 23237.8], [1.8801, 26894.9], [1.8802, 30847.7], [1.8803, 24091.9], [1.8804, 42924.7], [1.8805, 53554.1], [1.8806, 39044.3], [1.8807, 30800.6], [1.8808, 35572.9], [1.8809, 98366.8], [1.881, 42533.3], [1.8811, 102737.5], [1.8812, 29425.9], [1.8813, 49026.3], [1.8814, 32750.9], [1.8815, 35798.3], [1.8816, 45832.3], [1.8817, 61501.2], [1.8818, 21901.7]], "timestamp": "2025-12-16T10:04:44.189600+00:00"}, {"symbol": "XRPUSDT", "bids": [[1.8794, 73893.9], [1.8793, 41260.9], [1.8792, 33784.8], [1.8791, 41251.4], [1.879, 54351.3], [1.8789, 44900.3], [1.8788, 62270.7], [1.8787, 30997.5], [1.8786, 60029.4], [1.8785, 25506.9], [1.8784, 34700.3], [1.8783, 48484.1], [1.8782, 140237.5], [1.8781, 19738.3], [1.878, 27908.6], [1.8779, 24082.0], [1.8778, 44877.2], [1.8777, 61403.5], [1.8776, 59579.7], [1.8775, 42065.2]], "asks": [[1.8795, 192.4], [1.8796, 185.9], [1.8797, 7292.2], [1.8798, 24999.1], [1.8799, 20067.3], [1.88, 35645.5], [1.8801, 73378.9], [1.8802, 59411.0], [1.8803, 30264.4], [1.8804, 41036.3], [1.8805, 54911.3], [1.8806, 26067.4], [1.8807, 25999.9], [1.8808, 31630.2], [1.8809, 162477.7], [1.881, 35255.6], [1.8811, 19190.7], [1.8812, 22139.6], [1.8813, 68538.7], [1.8814, 24874.6]], "timestamp": "2025-12-16T10:05:36.988690+00:00"}, {"symbol": "XRPUSDT", "bids": [[1.879, 7806.1], [1.8789, 8989.9], [1.8788, 16576.0], [1.8787, 23374.6], [1.8786, 49732.1], [1.8785, 52522.0], [1.8784, 35266.8], [1.8783, 61488.5], [1.8782, 65637.2], [1.8781, 23302.4], [1.878, 31284.7], [1.8779, 29020.0], [1.8778, 58017.1], [1.8777, 127235.4], [1.8776, 42155.9], [1.8775, 44487.1], [1.8774, 82764.2], [1.8773, 18160.8], [1.8772, 30100.6], [1.8771, 60498.1]], "asks": [[1.8791, 15617.7], [1.8792, 29315.5], [1.8793, 15403.0], [1.8794, 33927.3], [1.8795, 33977.1], [1.8796, 17969.5], [1.8797, 60705.7], [1.8798, 48911.9], [1.8799, 32720.6], [1.88, 41054.5], [1.8801, 69351.9], [1.8802, 71166.1], [1.8803, 34902.1], [1.8804, 119254.6], [1.8805, 55861.7], [1.8806, 25100.2], [1.8807, 24279.7], [1.8808, 30735.1], [1.8809, 76487.6], [1.881, 34833.9]], "timestamp": "2025-12-16T10:06:29.373739+00:00"}, {"symbol": "XRPUSDT", "bids": [[1.8793, 18220.9], [1.8792, 37654.1], [1.8791, 37921.3], [1.879, 66431.2], [1.8789, 43574.5], [1.8788, 36562.8], [1.8787, 72816.1], [1.8786, 52033.0], [1.8785, 23773.9], [1.8784, 30401.8], [1.8783, 49001.4], [1.8782, 70336.0], [1.8781, 48277.0], [1.878, 122063.4], [1.8779, 21386.0], [1.8778, 49237.6], [1.8777, 60774.0], [1.8776, 31231.5], [1.8775, 32116.8], [1.8774, 81206.3]], "asks": [[1.8794, 5980.9], [1.8795, 3525.0], [1.8796, 24827.1], [1.8797, 29351.4], [1.8798, 24142.6], [1.8799, 45702.9], [1.88, 37855.4], [1.8801, 76383.5], [1.8802, 66541.6], [1.8803, 21971.1], [1.8804, 30558.7], [1.8805, 67614.7], [1.8806, 31317.0], [1.8807, 100943.2], [1.8808, 32797.8], [1.8809, 76718.9], [1.881, 31814.7], [1.8811, 21790.5], [1.8812, 23143.8], [1.8813, 65151.8]], "timestamp": "2025-12-16T10:07:21.926855+00:00"}, {"symbol": "XRPUSDT", "bids": [[1.879, 4716.4], [1.8789, 8266.4], [1.8788, 19842.1], [1.8787, 26257.7], [1.8786, 46468.3], [1.8785, 57940.8], [1.8784, 41897.9], [1.8783, 71237.1], [1.8782, 80961.8], [1.8781, 36532.0], [1.878, 46035.9], [1.8779, 35381.5], [1.8778, 46400.7], [1.8777, 54840.9], [1.8776, 120365.5], [1.8775, 38230.7], [1.8774, 74611.1], [1.8773, 37515.9], [1.8772, 29167.0], [1.8771, 53523.0]], "asks": [[1.8791, 34221.6], [1.8792, 21119.7], [1.8793, 16669.0], [1.8794, 26706.2], [1.8795, 26837.9], [1.8796, 34440.0], [1.8797, 52932.7], [1.8798, 42782.2], [1.8799, 35062.6], [1.88, 40717.5], [1.8801, 68939.3], [1.8802, 72452.8], [1.8803, 31039.0], [1.8804, 112569.5], [1.8805, 51545.6], [1.8806, 26350.7], [1.8807, 29099.9], [1.8808, 39623.3], [1.8809, 70888.3], [1.881, 36019.6]], "timestamp": "2025-12-16T10:08:14.748215+00:00"}, {"symbol": "XRPUSDT", "bids": [[1.8785, 7697.6], [1.8784, 5754.7], [1.8783, 27456.8], [1.8782, 43382.5], [1.8781, 24383.1], [1.878, 27838.9], [1.8779, 74687.1], [1.8778, 50448.8], [1.8777, 55231.1], [1.8776, 34382.1], [1.8775, 35655.1], [1.8774, 64721.4], [1.8773, 26581.4], [1.8772, 42624.7], [1.8771, 143323.8], [1.877, 63363.2], [1.8769, 15802.5], [1.8768, 37499.9], [1.8767, 30967.9], [1.8766, 80533.8]], "asks": [[1.8786, 15176.1], [1.8787, 15355.3], [1.8788, 19608.7], [1.8789, 27644.9], [1.879, 34133.4], [1.8791, 55817.7], [1.8792, 42765.0], [1.8793, 65102.4], [1.8794, 49842.2], [1.8795, 48632.2], [1.8796, 29558.9], [1.8797, 56214.1], [1.8798, 115717.5], [1.8799, 24642.3], [1.88, 26719.0], [1.8801, 58764.8], [1.8802, 67477.7], [1.8803, 25209.9], [1.8804, 56630.6], [1.8805, 66334.1]], "timestamp": "2025-12-16T10:09:07.463318+00:00"}, {"symbol": "XRPUSDT", "bids": [[1.8777, 24735.7], [1.8776, 10322.3], [1.8775, 31566.5], [1.8774, 38536.2], [1.8773, 32870.4], [1.8772, 43837.3], [1.8771, 89859.2], [1.877, 89434.6], [1.8769, 19095.1], [1.8768, 25299.0], [1.8767, 33472.7], [1.8766, 68107.3], [1.8765, 110618.9], [1.8764, 58254.8], [1.8763, 16757.6], [1.8762, 16622.0], [1.8761, 20604.8], [1.876, 65534.0], [1.8759, 40769.2], [1.8758, 56260.4]], "asks": [[1.8778, 6933.7], [1.8779, 6256.0], [1.878, 24599.1], [1.8781, 28174.4], [1.8782, 29018.0], [1.8783, 36095.4], [1.8784, 52998.0], [1.8785, 68883.1], [1.8786, 50364.6], [1.8787, 39983.6], [1.8788, 59264.7], [1.8789, 50734.7], [1.879, 43671.7], [1.8791, 118777.6], [1.8792, 19092.7], [1.8793, 47780.5], [1.8794, 54631.9], [1.8795, 42565.5], [1.8796, 24371.9], [1.8797, 46364.5]], "timestamp": "2025-12-16T10:09:59.726509+00:00"}, {"symbol": "XRPUSDT", "bids": [[1.8775, 13584.7], [1.8774, 27185.5], [1.8773, 33710.0], [1.8772, 39917.3], [1.8771, 38881.2], [1.877, 67278.3], [1.8769, 52722.0], [1.8768, 35796.9], [1.8767, 36410.9], [1.8766, 72042.5], [1.8765, 35534.8], [1.8764, 79279.1], [1.8763, 32599.3], [1.8762, 106921.3], [1.8761, 23535.4], [1.876, 67809.6], [1.8759, 38673.6], [1.8758, 55553.4], [1.8757, 62386.1], [1.8756, 53734.1]], "asks": [[1.8776, 12387.9], [1.8777, 6603.7], [1.8778, 21677.1], [1.8779, 28713.8], [1.878, 49071.6], [1.8781, 77721.9], [1.8782, 42910.5], [1.8783, 35554.9], [1.8784, 44877.8], [1.8785, 58958.5], [1.8786, 38827.2], [1.8787, 27016.5], [1.8788, 74585.2], [1.8789, 139184.2], [1.879, 29002.5], [1.8791, 32147.1], [1.8792, 53539.9], [1.8793, 46005.5], [1.8794, 47712.4], [1.8795, 53127.9]], "timestamp": "2025-12-16T10:10:51.699140+00:00"}, {"symbol": "XRPUSDT", "bids": [[1.8778, 14571.7], [1.8777, 28567.7], [1.8776, 42507.5], [1.8775, 71014.8], [1.8774, 29426.7], [1.8773, 26774.2], [1.8772, 37622.3], [1.8771, 83069.8], [1.877, 67036.6], [1.8769, 17515.5], [1.8768, 28692.2], [1.8767, 41176.8], [1.8766, 159338.6], [1.8765, 30008.5], [1.8764, 79495.8], [1.8763, 21226.4], [1.8762, 38399.8], [1.8761, 20263.5], [1.876, 64975.8], [1.8759, 44354.5]], "asks": [[1.8779, 5564.0], [1.878, 6429.1], [1.8781, 17085.1], [1.8782, 22221.2], [1.8783, 32357.2], [1.8784, 50257.7], [1.8785, 59956.1], [1.8786, 42556.2], [1.8787, 43177.6], [1.8788, 51956.3], [1.8789, 51388.3], [1.879, 47761.9], [1.8791, 28109.2], [1.8792, 36114.4], [1.8793, 135175.5], [1.8794, 42602.3], [1.8795, 48201.5], [1.8796, 25714.5], [1.8797, 44246.1], [1.8798, 30559.6]], "timestamp": "2025-12-16T10:11:43.247932+00:00"}, {"symbol": "XRPUSDT", "bids": [[1.8793, 13178.1], [1.8792, 9399.9], [1.8791, 18955.2], [1.879, 38358.3], [1.8789, 47640.2], [1.8788, 122635.1], [1.8787, 52666.7], [1.8786, 59490.9], [1.8785, 54254.3], [1.8784, 47784.6], [1.8783, 41390.6], [1.8782, 60635.9], [1.8781, 29061.2], [1.878, 70679.1], [1.8779, 117128.3], [1.8778, 21167.6], [1.8777, 37563.0], [1.8776, 82246.7], [1.8775, 93541.1], [1.8774, 28911.9]], "asks": [[1.8794, 30827.2], [1.8795, 12664.0], [1.8796, 14550.1], [1.8797, 22682.3], [1.8798, 30312.6], [1.8799, 39685.5], [1.88, 80417.5], [1.8801, 69203.4], [1.8802, 53868.3], [1.8803, 31636.2], [1.8804, 22696.3], [1.8805, 57642.4], [1.8806, 42717.1], [1.8807, 103266.5], [1.8808, 31865.1], [1.8809, 78471.1], [1.881, 34614.0], [1.8811, 24255.9], [1.8812, 48022.8], [1.8813, 45841.0]], "timestamp": "2025-12-16T10:12:36.450740+00:00"}, {"symbol": "XRPUSDT", "bids": [[1.8816, 4033.9], [1.8815, 21604.2], [1.8814, 39104.2], [1.8813, 32366.5], [1.8812, 56564.0], [1.8811, 54746.3], [1.881, 79359.1], [1.8809, 51680.7], [1.8808, 60182.4], [1.8807, 88466.2], [1.8806, 34022.6], [1.8805, 38262.0], [1.8804, 65192.2], [1.8803, 18880.7], [1.8802, 37393.8], [1.8801, 129252.9], [1.88, 75969.7], [1.8799, 46639.0], [1.8798, 23222.5], [1.8797, 42650.8]], "asks": [[1.8817, 15986.0], [1.8818, 7455.3], [1.8819, 21461.8], [1.882, 33263.1], [1.8821, 52467.0], [1.8822, 41018.6], [1.8823, 36014.9], [1.8824, 27254.9], [1.8825, 34727.9], [1.8826, 37855.4], [1.8827, 49359.9], [1.8828, 54416.1], [1.8829, 113967.1], [1.883, 29241.1], [1.8831, 16549.4], [1.8832, 30506.0], [1.8833, 72722.2], [1.8834, 32153.9], [1.8835, 65516.3], [1.8836, 55898.7]], "timestamp": "2025-12-16T10:13:28.510841+00:00"}, {"symbol": "XRPUSDT", "bids": [[1.8812, 11882.3], [1.8811, 16804.3], [1.881, 30633.3], [1.8809, 31394.3], [1.8808, 55705.8], [1.8807, 67576.5], [1.8806, 52675.9], [1.8805, 49190.5], [1.8804, 59919.8], [1.8803, 22745.0], [1.8802, 27092.6], [1.8801, 49630.8], [1.88, 88592.8], [1.8799, 37919.5], [1.8798, 121542.7], [1.8797, 33823.9], [1.8796, 89453.1], [1.8795, 29874.2], [1.8794, 41812.6], [1.8793, 28983.7]], "asks": [[1.8813, 12282.3], [1.8814, 12092.8], [1.8815, 15663.6], [1.8816, 24397.4], [1.8817, 29545.1], [1.8818, 47720.9], [1.8819, 124036.8], [1.882, 73952.0], [1.8821, 32175.1], [1.8822, 28135.4], [1.8823, 57369.1], [1.8824, 33178.3], [1.8825, 127082.1], [1.8826, 24337.4], [1.8827, 50887.6], [1.8828, 42003.5], [1.8829, 43836.1], [1.883, 24216.1], [1.8831, 17867.0], [1.8832, 26551.7]], "timestamp": "2025-12-16T10:14:20.139999+00:00"}, {"symbol": "XRPUSDT", "bids": [[1.8792, 27620.0], [1.8791, 13062.1], [1.879, 24184.1], [1.8789, 35479.2], [1.8788, 30446.8], [1.8787, 44295.8], [1.8786, 55471.3], [1.8785, 42289.1], [1.8784, 19258.3], [1.8783, 33425.9], [1.8782, 71253.9], [1.8781, 23478.4], [1.878, 45506.4], [1.8779, 105997.4], [1.8778, 52645.8], [1.8777, 44073.2], [1.8776, 52655.8], [1.8775, 24695.4], [1.8774, 33608.8], [1.8773, 97840.0]], "asks": [[1.8793, 4029.0], [1.8794, 7452.1], [1.8795, 12864.0], [1.8796, 29435.4], [1.8797, 34721.8], [1.8798, 36437.5], [1.8799, 82591.4], [1.88, 55087.9], [1.8801, 37712.1], [1.8802, 32978.7], [1.8803, 56456.8], [1.8804, 37671.5], [1.8805, 74437.7], [1.8806, 118414.0], [1.8807, 52557.8], [1.8808, 15204.2], [1.8809, 21080.8], [1.881, 22110.8], [1.8811, 65688.7], [1.8812, 52094.0]], "timestamp": "2025-12-16T10:15:13.888416+00:00"}, {"symbol": "XRPUSDT", "bids": [[1.8797, 10229.2], [1.8796, 14507.7], [1.8795, 30177.7], [1.8794, 40637.8], [1.8793, 47055.4], [1.8792, 71518.7], [1.8791, 76540.9], [1.879, 66830.8], [1.8789, 55815.7], [1.8788, 128155.1], [1.8787, 226101.8], [1.8786, 19845.9], [1.8785, 21663.4], [1.8784, 30083.4], [1.8783, 47182.5], [1.8782, 182136.0], [1.8781, 24638.9], [1.878, 48983.5], [1.8779, 39721.5], [1.8778, 54664.8]], "asks": [[1.8798, 17414.1], [1.8799, 2217.0], [1.88, 20210.3], [1.8801, 31225.9], [1.8802, 31774.5], [1.8803, 55893.8], [1.8804, 73218.2], [1.8805, 67897.0], [1.8806, 33785.8], [1.8807, 67525.3], [1.8808, 30807.5], [1.8809, 109703.7], [1.881, 39360.4], [1.8811, 80099.0], [1.8812, 64332.8], [1.8813, 17849.6], [1.8814, 26384.4], [1.8815, 62307.4], [1.8816, 18994.4], [1.8817, 37405.2]], "timestamp": "2025-12-16T10:16:06.075397+00:00"}, {"symbol": "XRPUSDT", "bids": [[1.8813, 4466.1], [1.8812, 7460.4], [1.8811, 12891.2], [1.881, 19842.8], [1.8809, 29668.7], [1.8808, 53137.4], [1.8807, 57552.9], [1.8806, 43856.7], [1.8805, 51489.0], [1.8804, 33694.3], [1.8803, 19170.3], [1.8802, 34165.7], [1.8801, 64361.7], [1.88, 71652.7], [1.8799, 106319.6], [1.8798, 17753.8], [1.8797, 39005.6], [1.8796, 54022.1], [1.8795, 43771.0], [1.8794, 43714.5]], "asks": [[1.8814, 48520.5], [1.8815, 26212.7], [1.8816, 25783.9], [1.8817, 33732.0], [1.8818, 41441.6], [1.8819, 32361.3], [1.882, 99536.0], [1.8821, 92826.0], [1.8822, 70700.6], [1.8823, 54874.4], [1.8824, 41273.9], [1.8825, 68441.4], [1.8826, 142358.4], [1.8827, 31245.9], [1.8828, 39050.0], [1.8829, 92601.0], [1.883, 25680.6], [1.8831, 13569.6], [1.8832, 23942.2], [1.8833, 71654.8]], "timestamp": "2025-12-16T10:16:58.042964+00:00"}, {"symbol": "XRPUSDT", "bids": [[1.8802, 70165.4], [1.8801, 25156.6], [1.88, 10934.3], [1.8799, 17104.5], [1.8798, 28365.6], [1.8797, 37858.7], [1.8796, 90757.0], [1.8795, 46902.2], [1.8794, 42085.7], [1.8793, 26408.9], [1.8792, 54676.5], [1.8791, 20043.1], [1.879, 120023.6], [1.8789, 46142.4], [1.8788, 76839.8], [1.8787, 13608.0], [1.8786, 24028.2], [1.8785, 68584.4], [1.8784, 27029.8], [1.8783, 53652.1]], "asks": [[1.8803, 856.5], [1.8804, 3703.3], [1.8805, 15011.8], [1.8806, 28503.2], [1.8807, 53170.3], [1.8808, 73657.2], [1.8809, 34783.9], [1.881, 34678.8], [1.8811, 52171.0], [1.8812, 63621.7], [1.8813, 29134.1], [1.8814, 35275.0], [1.8815, 42736.5], [1.8816, 52563.5], [1.8817, 127657.1], [1.8818, 27889.9], [1.8819, 27694.6], [1.882, 47560.2], [1.8821, 29830.0], [1.8822, 41662.8]], "timestamp": "2025-12-16T10:17:49.643290+00:00"}, {"symbol": "XRPUSDT", "bids": [[1.8819, 7547.6], [1.8818, 12604.0], [1.8817, 19116.7], [1.8816, 22597.2], [1.8815, 24402.1], [1.8814, 30031.8], [1.8813, 111559.9], [1.8812, 55671.4], [1.8811, 29908.2], [1.881, 28047.6], [1.8809, 52458.9], [1.8808, 45708.8], [1.8807, 134190.5], [1.8806, 24377.8], [1.8805, 54797.7], [1.8804, 26502.8], [1.8803, 33607.8], [1.8802, 26148.5], [1.8801, 90509.7], [1.88, 67065.0]], "asks": [[1.882, 21375.8], [1.8821, 10029.0], [1.8822, 23752.1], [1.8823, 19656.1], [1.8824, 30996.1], [1.8825, 77837.6], [1.8826, 40254.2], [1.8827, 46462.9], [1.8828, 36698.9], [1.8829, 84002.0], [1.883, 23297.0], [1.8831, 22985.9], [1.8832, 27410.8], [1.8833, 75174.6], [1.8834, 112980.2], [1.8835, 39784.3], [1.8836, 47339.2], [1.8837, 56285.8], [1.8838, 31610.9], [1.8839, 34958.9]], "timestamp": "2025-12-16T10:18:41.346800+00:00"}, {"symbol": "XRPUSDT", "bids": [[1.8815, 24418.8], [1.8814, 11758.7], [1.8813, 27131.4], [1.8812, 26347.6], [1.8811, 31076.8], [1.881, 54496.6], [1.8809, 59937.8], [1.8808, 50204.9], [1.8807, 52888.6], [1.8806, 33483.6], [1.8805, 57485.9], [1.8804, 38256.0], [1.8803, 46910.7], [1.8802, 113456.4], [1.8801, 76518.0], [1.88, 39583.0], [1.8799, 21982.1], [1.8798, 35638.1], [1.8797, 48511.9], [1.8796, 43122.2]], "asks": [[1.8816, 7398.5], [1.8817, 8036.0], [1.8818, 14441.3], [1.8819, 20391.3], [1.882, 32437.7], [1.8821, 69041.1], [1.8822, 54963.4], [1.8823, 28017.7], [1.8824, 25596.7], [1.8825, 63200.3], [1.8826, 20718.1], [1.8827, 17787.7], [1.8828, 50131.8], [1.8829, 173687.5], [1.883, 28530.2], [1.8831, 19436.0], [1.8832, 40288.7], [1.8833, 70748.0], [1.8834, 33786.6], [1.8835, 33500.5]], "timestamp": "2025-12-16T10:19:32.892594+00:00"}, {"symbol": "XRPUSDT", "bids": [[1.8798, 35895.7], [1.8797, 34826.8], [1.8796, 41286.1], [1.8795, 22039.1], [1.8794, 31264.7], [1.8793, 22013.4], [1.8792, 70223.8], [1.8791, 44331.5], [1.879, 35716.2], [1.8789, 39378.4], [1.8788, 76169.6], [1.8787, 18350.7], [1.8786, 103450.0], [1.8785, 31230.6], [1.8784, 33846.1], [1.8783, 38932.0], [1.8782, 70158.4], [1.8781, 20743.8], [1.878, 82716.7], [1.8779, 33613.4]], "asks": [[1.8799, 5379.2], [1.88, 5847.5], [1.8801, 16892.2], [1.8802, 39285.5], [1.8803, 57704.9], [1.8804, 51951.8], [1.8805, 42275.1], [1.8806, 77988.6], [1.8807, 60958.0], [1.8808, 20793.6], [1.8809, 27953.7], [1.881, 19165.9], [1.8811, 28891.6], [1.8812, 54878.6], [1.8813, 129787.9], [1.8814, 20830.6], [1.8815, 46778.3], [1.8816, 45573.4], [1.8817, 22804.0], [1.8818, 19124.6]], "timestamp": "2025-12-16T10:20:24.605438+00:00"}, {"symbol": "XRPUSDT", "bids": [[1.8798, 34797.5], [1.8797, 27181.6], [1.8796, 41266.1], [1.8795, 35454.0], [1.8794, 72717.2], [1.8793, 21989.0], [1.8792, 33822.4], [1.8791, 70346.5], [1.879, 58429.6], [1.8789, 46694.1], [1.8788, 68383.5], [1.8787, 107330.8], [1.8786, 47118.5], [1.8785, 35433.1], [1.8784, 50065.1], [1.8783, 33050.4], [1.8782, 90173.1], [1.8781, 20468.5], [1.878, 37382.2], [1.8779, 23450.5]], "asks": [[1.8799, 3157.8], [1.88, 2485.7], [1.8801, 14473.8], [1.8802, 23995.5], [1.8803, 21197.7], [1.8804, 30412.8], [1.8805, 59016.8], [1.8806, 63934.2], [1.8807, 46085.7], [1.8808, 17449.4], [1.8809, 28558.2], [1.881, 31245.9], [1.8811, 41766.8], [1.8812, 63727.9], [1.8813, 124733.2], [1.8814, 28434.4], [1.8815, 40729.0], [1.8816, 51568.4], [1.8817, 41359.1], [1.8818, 20245.8]], "timestamp": "2025-12-16T10:21:16.976036+00:00"}, {"symbol": "XRPUSDT", "bids": [[1.8816, 38387.1], [1.8815, 9807.6], [1.8814, 31952.3], [1.8813, 46996.2], [1.8812, 52992.8], [1.8811, 51925.9], [1.881, 65125.1], [1.8809, 68700.8], [1.8808, 59248.5], [1.8807, 32385.8], [1.8806, 56560.4], [1.8805, 26018.4], [1.8804, 40580.1], [1.8803, 107799.6], [1.8802, 45521.4], [1.8801, 40046.2], [1.88, 71898.8], [1.8799, 27261.9], [1.8798, 47620.3], [1.8797, 25228.7]], "asks": [[1.8817, 12443.3], [1.8818, 7138.1], [1.8819, 22227.3], [1.882, 37162.2], [1.8821, 38027.3], [1.8822, 40988.2], [1.8823, 41388.2], [1.8824, 25967.5], [1.8825, 68429.7], [1.8826, 28397.6], [1.8827, 23541.6], [1.8828, 37387.2], [1.8829, 98964.8], [1.883, 111788.4], [1.8831, 18869.2], [1.8832, 33178.9], [1.8833, 66316.0], [1.8834, 26515.6], [1.8835, 36185.4], [1.8836, 42898.5]], "timestamp": "2025-12-16T10:22:09.826963+00:00"}, {"symbol": "XRPUSDT", "bids": [[1.8813, 12236.4], [1.8812, 15965.9], [1.8811, 32492.4], [1.881, 64637.4], [1.8809, 37849.7], [1.8808, 37441.2], [1.8807, 46671.3], [1.8806, 74237.2], [1.8805, 31783.4], [1.8804, 31356.0], [1.8803, 27957.1], [1.8802, 50596.2], [1.8801, 43918.6], [1.88, 156864.4], [1.8799, 24373.8], [1.8798, 71064.6], [1.8797, 20552.3], [1.8796, 37046.9], [1.8795, 76061.4], [1.8794, 70660.9]], "asks": [[1.8814, 14813.6], [1.8815, 10902.5], [1.8816, 22753.5], [1.8817, 27204.7], [1.8818, 41744.4], [1.8819, 44451.3], [1.882, 32643.4], [1.8821, 58980.9], [1.8822, 45456.2], [1.8823, 24565.6], [1.8824, 22222.7], [1.8825, 67964.5], [1.8826, 47616.5], [1.8827, 93357.0], [1.8828, 30869.0], [1.8829, 91737.8], [1.883, 21491.1], [1.8831, 21279.0], [1.8832, 32692.8], [1.8833, 65590.2]], "timestamp": "2025-12-16T10:23:01.601308+00:00"}, {"symbol": "XRPUSDT", "bids": [[1.8818, 1286.0], [1.8817, 132.6], [1.8816, 17276.2], [1.8815, 30947.8], [1.8814, 45589.0], [1.8813, 27136.7], [1.8812, 67619.9], [1.8811, 33562.8], [1.881, 69499.4], [1.8809, 34243.8], [1.8808, 33932.6], [1.8807, 32183.9], [1.8806, 73984.2], [1.8805, 116640.3], [1.8804, 25696.8], [1.8803, 33615.0], [1.8802, 80619.6], [1.8801, 48485.2], [1.88, 72315.4], [1.8799, 41356.8]], "asks": [[1.8819, 53190.8], [1.882, 34765.9], [1.8821, 42021.3], [1.8822, 26132.7], [1.8823, 21322.4], [1.8824, 29109.9], [1.8825, 67620.8], [1.8826, 38783.3], [1.8827, 36371.2], [1.8828, 39500.1], [1.8829, 91359.2], [1.883, 46241.6], [1.8831, 112355.3], [1.8832, 26539.7], [1.8833, 64840.7], [1.8834, 22643.2], [1.8835, 32750.6], [1.8836, 53257.3], [1.8837, 55149.4], [1.8838, 27622.4]], "timestamp": "2025-12-16T10:23:53.261669+00:00"}, {"symbol": "XRPUSDT", "bids": [[1.8827, 14161.7], [1.8826, 21716.3], [1.8825, 33096.8], [1.8824, 38350.0], [1.8823, 42780.5], [1.8822, 57002.2], [1.8821, 54062.0], [1.882, 52244.0], [1.8819, 56144.4], [1.8818, 75086.4], [1.8817, 21552.8], [1.8816, 44781.5], [1.8815, 58910.5], [1.8814, 142894.8], [1.8813, 26671.3], [1.8812, 51488.8], [1.8811, 29782.5], [1.881, 57268.3], [1.8809, 25725.7], [1.8808, 71881.4]], "asks": [[1.8828, 8826.7], [1.8829, 10038.3], [1.883, 16299.7], [1.8831, 20011.8], [1.8832, 36067.5], [1.8833, 58984.1], [1.8834, 36081.9], [1.8835, 53909.8], [1.8836, 56270.7], [1.8837, 65092.3], [1.8838, 30946.9], [1.8839, 33477.5], [1.884, 50271.5], [1.8841, 137736.9], [1.8842, 15576.5], [1.8843, 28623.7], [1.8844, 29809.5], [1.8845, 53334.6], [1.8846, 42708.2], [1.8847, 33815.3]], "timestamp": "2025-12-16T10:24:45.039233+00:00"}, {"symbol": "XRPUSDT", "bids": [[1.8827, 7948.8], [1.8826, 9897.2], [1.8825, 27227.1], [1.8824, 34216.4], [1.8823, 49919.7], [1.8822, 57477.8], [1.8821, 49850.8], [1.882, 61482.8], [1.8819, 51225.2], [1.8818, 70809.1], [1.8817, 23315.1], [1.8816, 40788.7], [1.8815, 25843.4], [1.8814, 146730.0], [1.8813, 30179.4], [1.8812, 49441.6], [1.8811, 29782.1], [1.881, 58890.7], [1.8809, 32054.4], [1.8808, 61527.9]], "asks": [[1.8828, 25375.7], [1.8829, 28285.2], [1.883, 19064.4], [1.8831, 23644.1], [1.8832, 37680.0], [1.8833, 59970.9], [1.8834, 27354.5], [1.8835, 47157.9], [1.8836, 55451.2], [1.8837, 62292.1], [1.8838, 19154.1], [1.8839, 27583.1], [1.884, 51175.1], [1.8841, 131390.8], [1.8842, 17519.9], [1.8843, 19998.2], [1.8844, 39338.8], [1.8845, 53624.6], [1.8846, 47659.8], [1.8847, 30499.8]], "timestamp": "2025-12-16T10:25:36.651190+00:00"}, {"symbol": "XRPUSDT", "bids": [[1.884, 6765.3], [1.8839, 17292.4], [1.8838, 31584.2], [1.8837, 37252.1], [1.8836, 54444.7], [1.8835, 37656.4], [1.8834, 66221.6], [1.8833, 41192.1], [1.8832, 43687.1], [1.8831, 67989.1], [1.883, 95416.6], [1.8829, 37295.1], [1.8828, 21387.1], [1.8827, 48000.7], [1.8826, 140416.6], [1.8825, 32992.3], [1.8824, 48595.1], [1.8823, 32044.9], [1.8822, 46002.9], [1.8821, 49717.8]], "asks": [[1.8841, 17091.3], [1.8842, 12339.4], [1.8843, 18908.5], [1.8844, 27989.9], [1.8845, 55429.9], [1.8846, 30798.2], [1.8847, 59300.7], [1.8848, 36585.7], [1.8849, 49047.9], [1.885, 34127.7], [1.8851, 53668.6], [1.8852, 33266.7], [1.8853, 38284.1], [1.8854, 89106.7], [1.8855, 33323.1], [1.8856, 69578.1], [1.8857, 20941.9], [1.8858, 22071.1], [1.8859, 49908.9], [1.886, 29592.0]], "timestamp": "2025-12-16T10:26:28.783681+00:00"}, {"symbol": "XRPUSDT", "bids": [[1.884, 19762.2], [1.8839, 17557.3], [1.8838, 29263.5], [1.8837, 36183.8], [1.8836, 33793.9], [1.8835, 40401.4], [1.8834, 62580.5], [1.8833, 47742.7], [1.8832, 36514.1], [1.8831, 34451.6], [1.883, 77704.5], [1.8829, 36618.9], [1.8828, 19519.7], [1.8827, 34234.5], [1.8826, 135338.6], [1.8825, 42270.5], [1.8824, 59941.7], [1.8823, 21068.8], [1.8822, 50857.5], [1.8821, 59402.0]], "asks": [[1.8841, 4253.6], [1.8842, 14447.1], [1.8843, 31447.2], [1.8844, 18914.7], [1.8845, 38099.5], [1.8846, 53097.3], [1.8847, 90457.5], [1.8848, 53375.8], [1.8849, 64665.2], [1.885, 38204.3], [1.8851, 48826.4], [1.8852, 97603.2], [1.8853, 60708.2], [1.8854, 123482.7], [1.8855, 41140.8], [1.8856, 53463.9], [1.8857, 22977.2], [1.8858, 22094.7], [1.8859, 60812.5], [1.886, 30109.1]], "timestamp": "2025-12-16T10:27:20.458790+00:00"}, {"symbol": "XRPUSDT", "bids": [[1.8838, 14212.8], [1.8837, 1851.6], [1.8836, 14283.7], [1.8835, 22209.5], [1.8834, 45579.8], [1.8833, 64436.2], [1.8832, 29201.3], [1.8831, 43151.8], [1.883, 75915.6], [1.8829, 34915.8], [1.8828, 21620.7], [1.8827, 27454.2], [1.8826, 53295.0], [1.8825, 42703.6], [1.8824, 62772.1], [1.8823, 107127.7], [1.8822, 58654.8], [1.8821, 56811.8], [1.882, 33079.5], [1.8819, 41786.0]], "asks": [[1.8839, 35922.8], [1.884, 25965.2], [1.8841, 30661.7], [1.8842, 34685.0], [1.8843, 39524.5], [1.8844, 65068.3], [1.8845, 62426.9], [1.8846, 82400.3], [1.8847, 47716.7], [1.8848, 63847.8], [1.8849, 40542.8], [1.885, 39106.6], [1.8851, 60771.6], [1.8852, 176326.8], [1.8853, 34891.0], [1.8854, 16833.2], [1.8855, 29050.2], [1.8856, 61317.3], [1.8857, 21117.8], [1.8858, 22070.2]], "timestamp": "2025-12-16T10:28:12.271825+00:00"}, {"symbol": "XRPUSDT", "bids": [[1.8822, 12276.8], [1.8821, 27736.2], [1.882, 61218.6], [1.8819, 20645.7], [1.8818, 60598.3], [1.8817, 23531.5], [1.8816, 57359.6], [1.8815, 49659.4], [1.8814, 74445.9], [1.8813, 40493.3], [1.8812, 64193.9], [1.8811, 32143.1], [1.881, 71455.8], [1.8809, 39976.8], [1.8808, 131337.0], [1.8807, 41559.6], [1.8806, 65047.7], [1.8805, 36132.8], [1.8804, 33835.2], [1.8803, 25646.6]], "asks": [[1.8823, 9924.3], [1.8824, 9937.9], [1.8825, 35896.2], [1.8826, 30939.1], [1.8827, 55056.3], [1.8828, 54932.0], [1.8829, 31062.8], [1.883, 46779.6], [1.8831, 50775.5], [1.8832, 22549.5], [1.8833, 52286.2], [1.8834, 61154.5], [1.8835, 61242.1], [1.8836, 91358.5], [1.8837, 19329.5], [1.8838, 25853.8], [1.8839, 34353.1], [1.884, 56294.2], [1.8841, 26955.2], [1.8842, 34549.5]], "timestamp": "2025-12-16T10:29:04.539845+00:00"}, {"symbol": "XRPUSDT", "bids": [[1.8823, 12813.4], [1.8822, 16072.3], [1.8821, 32432.2], [1.882, 58390.2], [1.8819, 23349.6], [1.8818, 91480.1], [1.8817, 48285.7], [1.8816, 60975.6], [1.8815, 54912.4], [1.8814, 68324.4], [1.8813, 41423.6], [1.8812, 65256.3], [1.8811, 34383.1], [1.881, 82302.4], [1.8809, 131851.4], [1.8808, 29557.8], [1.8807, 33160.0], [1.8806, 64217.6], [1.8805, 20338.6], [1.8804, 24760.5]], "asks": [[1.8824, 15093.9], [1.8825, 17750.4], [1.8826, 42193.1], [1.8827, 50870.7], [1.8828, 44857.9], [1.8829, 19258.6], [1.883, 49321.0], [1.8831, 64638.5], [1.8832, 27907.7], [1.8833, 42154.5], [1.8834, 66783.9], [1.8835, 52876.9], [1.8836, 33495.9], [1.8837, 106141.5], [1.8838, 16095.6], [1.8839, 22623.2], [1.884, 55419.4], [1.8841, 31852.3], [1.8842, 23292.7], [1.8843, 35172.0]], "timestamp": "2025-12-16T10:29:57.747470+00:00"}, {"symbol": "XRPUSDT", "bids": [[1.8817, 5122.3], [1.8816, 15112.8], [1.8815, 11198.8], [1.8814, 25368.7], [1.8813, 25564.4], [1.8812, 62715.6], [1.8811, 48674.7], [1.881, 90757.4], [1.8809, 31895.8], [1.8808, 39782.4], [1.8807, 52794.4], [1.8806, 88541.2], [1.8805, 31654.2], [1.8804, 57395.7], [1.8803, 119731.6], [1.8802, 77193.2], [1.8801, 30644.7], [1.88, 57263.5], [1.8799, 22452.6], [1.8798, 49355.6]], "asks": [[1.8818, 22278.1], [1.8819, 21400.3], [1.882, 28595.5], [1.8821, 29234.5], [1.8822, 28919.9], [1.8823, 53628.5], [1.8824, 46734.2], [1.8825, 73651.0], [1.8826, 53746.8], [1.8827, 71496.5], [1.8828, 65040.2], [1.8829, 31554.1], [1.883, 117012.2], [1.8831, 45834.4], [1.8832, 21122.0], [1.8833, 25859.7], [1.8834, 68292.2], [1.8835, 50073.5], [1.8836, 19357.7], [1.8837, 34337.1]], "timestamp": "2025-12-16T10:30:50.689071+00:00"}, {"symbol": "XRPUSDT", "bids": [[1.882, 13363.6], [1.8819, 9271.1], [1.8818, 26793.4], [1.8817, 33228.7], [1.8816, 39543.3], [1.8815, 60445.6], [1.8814, 69538.6], [1.8813, 48396.3], [1.8812, 63478.8], [1.8811, 33799.6], [1.881, 72829.5], [1.8809, 31457.6], [1.8808, 50239.7], [1.8807, 131146.2], [1.8806, 75893.1], [1.8805, 22829.4], [1.8804, 36822.2], [1.8803, 28664.7], [1.8802, 77176.5], [1.8801, 38409.5]], "asks": [[1.8821, 20011.2], [1.8822, 23735.8], [1.8823, 28934.9], [1.8824, 33674.7], [1.8825, 31624.0], [1.8826, 46222.1], [1.8827, 83287.5], [1.8828, 64479.9], [1.8829, 50914.4], [1.883, 36172.8], [1.8831, 58605.8], [1.8832, 24493.8], [1.8833, 35325.7], [1.8834, 63040.0], [1.8835, 129480.1], [1.8836, 13897.5], [1.8837, 17098.4], [1.8838, 29680.3], [1.8839, 32723.7], [1.884, 60385.2]], "timestamp": "2025-12-16T10:31:43.597807+00:00"}, {"symbol": "XRPUSDT", "bids": [[1.8823, 12613.8], [1.8822, 14432.3], [1.8821, 32075.7], [1.882, 36943.2], [1.8819, 29252.3], [1.8818, 71554.3], [1.8817, 46684.7], [1.8816, 46368.6], [1.8815, 44995.5], [1.8814, 56815.6], [1.8813, 34361.3], [1.8812, 62343.5], [1.8811, 35011.9], [1.881, 155660.8], [1.8809, 28572.1], [1.8808, 27925.9], [1.8807, 34055.1], [1.8806, 75023.0], [1.8805, 21417.1], [1.8804, 29265.6]], "asks": [[1.8824, 2984.7], [1.8825, 18274.6], [1.8826, 38818.8], [1.8827, 31864.3], [1.8828, 54760.8], [1.8829, 67503.8], [1.883, 48150.2], [1.8831, 59325.3], [1.8832, 40377.0], [1.8833, 34212.5], [1.8834, 79998.5], [1.8835, 57153.8], [1.8836, 22789.0], [1.8837, 38054.3], [1.8838, 106526.2], [1.8839, 29749.7], [1.884, 63886.3], [1.8841, 26335.6], [1.8842, 28544.5], [1.8843, 22592.9]], "timestamp": "2025-12-16T10:32:36.445330+00:00"}, {"symbol": "XRPUSDT", "bids": [[1.8833, 8856.6], [1.8832, 16619.7], [1.8831, 24849.2], [1.883, 54156.6], [1.8829, 35314.5], [1.8828, 37021.3], [1.8827, 39390.4], [1.8826, 74792.4], [1.8825, 43314.7], [1.8824, 65464.0], [1.8823, 27600.1], [1.8822, 45972.4], [1.8821, 31862.1], [1.882, 49256.5], [1.8819, 126076.4], [1.8818, 68245.3], [1.8817, 17778.6], [1.8816, 35629.8], [1.8815, 23611.3], [1.8814, 61742.6]], "asks": [[1.8834, 14196.8], [1.8835, 15645.0], [1.8836, 20681.8], [1.8837, 33056.1], [1.8838, 35354.8], [1.8839, 55614.1], [1.884, 87426.9], [1.8841, 40062.2], [1.8842, 30176.0], [1.8843, 43113.0], [1.8844, 66638.4], [1.8845, 50154.1], [1.8846, 40525.6], [1.8847, 123008.1], [1.8848, 57294.1], [1.8849, 23112.1], [1.885, 30329.7], [1.8851, 36249.9], [1.8852, 98071.9], [1.8853, 26228.4]], "timestamp": "2025-12-16T10:33:28.793154+00:00"}, {"symbol": "XRPUSDT", "bids": [[1.8835, 5821.7], [1.8834, 15236.0], [1.8833, 12451.3], [1.8832, 24956.3], [1.8831, 34047.9], [1.883, 75362.7], [1.8829, 52449.6], [1.8828, 73400.7], [1.8827, 37588.3], [1.8826, 54294.1], [1.8825, 47874.3], [1.8824, 55984.8], [1.8823, 33021.8], [1.8822, 53289.1], [1.8821, 128338.2], [1.882, 37825.3], [1.8819, 68849.3], [1.8818, 74559.6], [1.8817, 18758.4], [1.8816, 29777.5]], "asks": [[1.8836, 13246.8], [1.8837, 16977.5], [1.8838, 24638.2], [1.8839, 31916.0], [1.884, 39421.3], [1.8841, 48192.2], [1.8842, 46819.8], [1.8843, 33247.4], [1.8844, 60443.7], [1.8845, 56611.9], [1.8846, 22732.0], [1.8847, 36442.8], [1.8848, 132948.0], [1.8849, 27374.4], [1.885, 24616.6], [1.8851, 36752.7], [1.8852, 75683.0], [1.8853, 28908.6], [1.8854, 45604.5], [1.8855, 25269.7]], "timestamp": "2025-12-16T10:34:21.625856+00:00"}, {"symbol": "XRPUSDT", "bids": [[1.884, 16152.2], [1.8839, 20121.8], [1.8838, 32458.0], [1.8837, 24473.8], [1.8836, 55848.6], [1.8835, 58951.7], [1.8834, 73927.1], [1.8833, 32512.8], [1.8832, 30826.1], [1.8831, 44501.5], [1.883, 73710.6], [1.8829, 30784.1], [1.8828, 50457.6], [1.8827, 126649.8], [1.8826, 50130.9], [1.8825, 32866.4], [1.8824, 47292.7], [1.8823, 30482.4], [1.8822, 44531.6], [1.8821, 31030.8]], "asks": [[1.8841, 5942.7], [1.8842, 11536.6], [1.8843, 18246.2], [1.8844, 25188.6], [1.8845, 35228.9], [1.8846, 53223.4], [1.8847, 38840.6], [1.8848, 61766.7], [1.8849, 29652.5], [1.885, 27049.2], [1.8851, 43191.4], [1.8852, 72288.2], [1.8853, 29008.1], [1.8854, 45231.8], [1.8855, 103526.8], [1.8856, 58936.3], [1.8857, 23868.0], [1.8858, 24683.7], [1.8859, 81326.2], [1.886, 25995.3]], "timestamp": "2025-12-16T10:35:14.500085+00:00"}, {"symbol": "XRPUSDT", "bids": [[1.8848, 6199.3], [1.8847, 19741.2], [1.8846, 31733.0], [1.8845, 28051.6], [1.8844, 24800.6], [1.8843, 48101.2], [1.8842, 87993.5], [1.8841, 52703.1], [1.884, 42936.1], [1.8839, 38579.9], [1.8838, 51247.0], [1.8837, 33012.4], [1.8836, 59911.5], [1.8835, 49099.7], [1.8834, 127803.7], [1.8833, 32128.1], [1.8832, 26570.8], [1.8831, 29874.5], [1.883, 65565.8], [1.8829, 22251.7]], "asks": [[1.8849, 27473.1], [1.885, 22850.6], [1.8851, 30211.1], [1.8852, 32178.7], [1.8853, 34985.9], [1.8854, 24522.4], [1.8855, 66917.3], [1.8856, 54558.6], [1.8857, 21392.4], [1.8858, 24674.2], [1.8859, 64519.9], [1.886, 44520.6], [1.8861, 18673.3], [1.8862, 107523.4], [1.8863, 48811.0], [1.8864, 33231.5], [1.8865, 33044.8], [1.8866, 35921.1], [1.8867, 62099.8], [1.8868, 58303.9]], "timestamp": "2025-12-16T10:36:06.570399+00:00"}, {"symbol": "XRPUSDT", "bids": [[1.8868, 46145.4], [1.8867, 39153.6], [1.8866, 59507.2], [1.8865, 27666.9], [1.8864, 47740.6], [1.8863, 39704.3], [1.8862, 76742.8], [1.8861, 41738.0], [1.886, 65333.3], [1.8859, 36503.2], [1.8858, 65779.4], [1.8857, 29279.4], [1.8856, 120966.7], [1.8855, 45811.8], [1.8854, 73577.8], [1.8853, 23933.0], [1.8852, 16500.1], [1.8851, 22804.9], [1.885, 45519.6], [1.8849, 36858.2]], "asks": [[1.8869, 969.7], [1.887, 7769.9], [1.8871, 31919.8], [1.8872, 13192.8], [1.8873, 36764.6], [1.8874, 35642.0], [1.8875, 67531.2], [1.8876, 42105.0], [1.8877, 56359.3], [1.8878, 40947.5], [1.8879, 47585.0], [1.888, 39492.7], [1.8881, 23293.7], [1.8882, 30036.9], [1.8883, 48494.6], [1.8884, 95021.4], [1.8885, 40424.6], [1.8886, 30249.4], [1.8887, 72451.6], [1.8888, 48941.2]], "timestamp": "2025-12-16T10:36:59.195916+00:00"}, {"symbol": "XRPUSDT", "bids": [[1.8864, 20195.7], [1.8863, 23751.5], [1.8862, 32736.1], [1.8861, 37924.6], [1.886, 41524.0], [1.8859, 66358.9], [1.8858, 55430.9], [1.8857, 40799.6], [1.8856, 42969.2], [1.8855, 64900.4], [1.8854, 56803.7], [1.8853, 38976.2], [1.8852, 103498.6], [1.8851, 20158.9], [1.885, 51649.9], [1.8849, 60150.4], [1.8848, 40561.5], [1.8847, 17087.2], [1.8846, 48241.1], [1.8845, 62903.1]], "asks": [[1.8865, 1777.0], [1.8866, 7409.4], [1.8867, 21431.2], [1.8868, 12765.8], [1.8869, 26227.4], [1.887, 43032.8], [1.8871, 61838.9], [1.8872, 29457.0], [1.8873, 37529.0], [1.8874, 59444.8], [1.8875, 45839.8], [1.8876, 21163.4], [1.8877, 28395.4], [1.8878, 33940.6], [1.8879, 139300.4], [1.888, 37470.4], [1.8881, 49492.3], [1.8882, 36934.9], [1.8883, 47680.3], [1.8884, 16598.1]], "timestamp": "2025-12-16T10:37:51.346519+00:00"}, {"symbol": "XRPUSDT", "bids": [[1.8871, 39415.1], [1.887, 17242.6], [1.8869, 15801.6], [1.8868, 25684.5], [1.8867, 32500.6], [1.8866, 38960.4], [1.8865, 35389.2], [1.8864, 36971.3], [1.8863, 63011.0], [1.8862, 70971.7], [1.8861, 64874.9], [1.886, 44108.4], [1.8859, 41051.7], [1.8858, 138814.6], [1.8857, 28349.7], [1.8856, 25121.2], [1.8855, 54571.7], [1.8854, 50108.9], [1.8853, 14303.1], [1.8852, 30974.5]], "asks": [[1.8872, 2475.4], [1.8873, 6858.0], [1.8874, 15031.0], [1.8875, 29679.5], [1.8876, 44878.2], [1.8877, 48644.3], [1.8878, 56032.3], [1.8879, 85774.6], [1.888, 41726.0], [1.8881, 49472.5], [1.8882, 43387.5], [1.8883, 61296.7], [1.8884, 31070.0], [1.8885, 45585.6], [1.8886, 110686.0], [1.8887, 57456.5], [1.8888, 50085.9], [1.8889, 27704.1], [1.889, 40799.7], [1.8891, 62759.2]], "timestamp": "2025-12-16T10:38:44.164923+00:00"}, {"symbol": "XRPUSDT", "bids": [[1.893, 14642.7], [1.8929, 13788.4], [1.8928, 26238.3], [1.8927, 34243.2], [1.8926, 30993.4], [1.8925, 30721.6], [1.8924, 72380.2], [1.8923, 71632.2], [1.8922, 46663.1], [1.8921, 25031.5], [1.892, 51526.8], [1.8919, 49166.3], [1.8918, 18491.1], [1.8917, 24069.4], [1.8916, 17984.8], [1.8915, 35249.1], [1.8914, 151153.4], [1.8913, 36484.4], [1.8912, 22785.4], [1.8911, 36215.4]], "asks": [[1.8931, 9373.6], [1.8932, 19263.6], [1.8933, 7844.4], [1.8934, 18093.9], [1.8935, 45190.5], [1.8936, 28503.2], [1.8937, 23784.5], [1.8938, 45880.3], [1.8939, 71834.4], [1.894, 40612.9], [1.8941, 22896.7], [1.8942, 27249.2], [1.8943, 126479.8], [1.8944, 22959.5], [1.8945, 33604.0], [1.8946, 31906.3], [1.8947, 72283.9], [1.8948, 16317.1], [1.8949, 20535.7], [1.895, 33912.8]], "timestamp": "2025-12-16T10:39:37.201513+00:00"}, {"symbol": "XRPUSDT", "bids": [[1.8959, 15291.5], [1.8958, 16757.6], [1.8957, 22618.6], [1.8956, 27423.0], [1.8955, 31745.5], [1.8954, 19049.0], [1.8953, 26829.4], [1.8952, 69913.0], [1.8951, 59100.3], [1.895, 58589.7], [1.8949, 36181.2], [1.8948, 22100.9], [1.8947, 43671.9], [1.8946, 78227.7], [1.8945, 27533.3], [1.8944, 96447.6], [1.8943, 19614.0], [1.8942, 17873.4], [1.8941, 62886.0], [1.894, 82161.7]], "asks": [[1.896, 9371.9], [1.8961, 6502.8], [1.8962, 26089.8], [1.8963, 7214.2], [1.8964, 14449.9], [1.8965, 18103.7], [1.8966, 32777.5], [1.8967, 34210.1], [1.8968, 66929.7], [1.8969, 49113.1], [1.897, 18694.1], [1.8971, 18544.8], [1.8972, 46251.3], [1.8973, 117950.2], [1.8974, 25687.8], [1.8975, 34462.8], [1.8976, 31673.8], [1.8977, 53309.5], [1.8978, 40642.8], [1.8979, 13435.9]], "timestamp": "2025-12-16T10:40:28.943785+00:00"}, {"symbol": "XRPUSDT", "bids": [[1.8959, 16691.2], [1.8958, 19997.2], [1.8957, 43288.7], [1.8956, 32824.6], [1.8955, 34601.9], [1.8954, 27501.7], [1.8953, 67900.6], [1.8952, 81545.9], [1.8951, 43822.6], [1.895, 62291.5], [1.8949, 81657.0], [1.8948, 25823.2], [1.8947, 20960.9], [1.8946, 33970.5], [1.8945, 61178.5], [1.8944, 133228.5], [1.8943, 14850.8], [1.8942, 27303.9], [1.8941, 54874.4], [1.894, 83970.9]], "asks": [[1.896, 4650.8], [1.8961, 7257.6], [1.8962, 20013.7], [1.8963, 19675.8], [1.8964, 31638.4], [1.8965, 33761.4], [1.8966, 46414.0], [1.8967, 41471.2], [1.8968, 76587.0], [1.8969, 62347.1], [1.897, 33736.6], [1.8971, 34358.9], [1.8972, 32184.6], [1.8973, 59520.7], [1.8974, 106425.9], [1.8975, 41445.8], [1.8976, 33144.0], [1.8977, 51964.8], [1.8978, 19242.8], [1.8979, 23807.4]], "timestamp": "2025-12-16T10:41:21.096306+00:00"}, {"symbol": "XRPUSDT", "bids": [[1.899, 5031.1], [1.8989, 7313.3], [1.8988, 7251.1], [1.8987, 40531.0], [1.8986, 25001.4], [1.8985, 24916.9], [1.8984, 64371.3], [1.8983, 57959.3], [1.8982, 22872.1], [1.8981, 53688.9], [1.898, 39779.2], [1.8979, 50588.2], [1.8978, 19805.4], [1.8977, 34863.5], [1.8976, 105410.9], [1.8975, 93492.5], [1.8974, 49889.5], [1.8973, 30586.8], [1.8972, 20562.3], [1.8971, 42532.6]], "asks": [[1.8991, 3054.2], [1.8992, 20194.2], [1.8993, 4556.4], [1.8994, 7327.0], [1.8995, 16950.8], [1.8996, 22690.9], [1.8997, 21819.8], [1.8998, 61718.6], [1.8999, 101015.3], [1.9, 205155.6], [1.9001, 26915.9], [1.9002, 32128.9], [1.9003, 32692.5], [1.9004, 54434.9], [1.9005, 41516.4], [1.9006, 107285.0], [1.9007, 26066.7], [1.9008, 76150.1], [1.9009, 36945.5], [1.901, 24426.9]], "timestamp": "2025-12-16T10:42:13.024374+00:00"}, {"symbol": "XRPUSDT", "bids": [[1.9025, 8728.1], [1.9024, 29829.2], [1.9023, 19903.8], [1.9022, 35151.9], [1.9021, 90198.9], [1.902, 32099.3], [1.9019, 37730.3], [1.9018, 63646.9], [1.9017, 51445.7], [1.9016, 25237.4], [1.9015, 39070.1], [1.9014, 17655.3], [1.9013, 25047.5], [1.9012, 160831.1], [1.9011, 26701.5], [1.901, 36087.3], [1.9009, 29085.2], [1.9008, 57751.1], [1.9007, 49268.2], [1.9006, 48294.3]], "asks": [[1.9026, 4316.2], [1.9027, 10204.6], [1.9028, 40325.7], [1.9029, 16782.4], [1.903, 20650.1], [1.9031, 18857.8], [1.9032, 6934.2], [1.9033, 26193.1], [1.9034, 44075.4], [1.9035, 30391.9], [1.9036, 44496.4], [1.9037, 50431.0], [1.9038, 81548.8], [1.9039, 47053.7], [1.904, 35101.7], [1.9041, 35184.4], [1.9042, 70097.2], [1.9043, 43114.5], [1.9044, 27815.5], [1.9045, 93339.8]], "timestamp": "2025-12-16T10:43:04.613018+00:00"}, {"symbol": "XRPUSDT", "bids": [[1.9058, 28500.3], [1.9057, 11728.6], [1.9056, 10872.6], [1.9055, 14061.5], [1.9054, 27626.1], [1.9053, 46513.3], [1.9052, 44587.6], [1.9051, 58921.9], [1.905, 60902.6], [1.9049, 54092.1], [1.9048, 33606.5], [1.9047, 21733.3], [1.9046, 42320.6], [1.9045, 56689.4], [1.9044, 32655.4], [1.9043, 108553.9], [1.9042, 23591.2], [1.9041, 53260.6], [1.904, 52706.4], [1.9039, 44497.3]], "asks": [[1.9059, 10653.6], [1.906, 34678.8], [1.9061, 15023.9], [1.9062, 38106.3], [1.9063, 18824.1], [1.9064, 25498.5], [1.9065, 68358.4], [1.9066, 97030.5], [1.9067, 22952.9], [1.9068, 31969.5], [1.9069, 28571.2], [1.907, 50043.1], [1.9071, 46774.0], [1.9072, 75479.0], [1.9073, 127681.3], [1.9074, 24338.2], [1.9075, 22545.0], [1.9076, 60145.6], [1.9077, 57329.2], [1.9078, 17568.4]], "timestamp": "2025-12-16T10:43:57.078859+00:00"}, {"symbol": "XRPUSDT", "bids": [[1.9038, 10190.8], [1.9037, 21341.1], [1.9036, 13270.1], [1.9035, 41363.2], [1.9034, 52546.2], [1.9033, 52833.3], [1.9032, 34987.3], [1.9031, 48298.1], [1.903, 75652.2], [1.9029, 31232.7], [1.9028, 31313.4], [1.9027, 51022.7], [1.9026, 54150.3], [1.9025, 32200.9], [1.9024, 108634.0], [1.9023, 16315.6], [1.9022, 30773.1], [1.9021, 102280.4], [1.902, 26351.2], [1.9019, 23857.5]], "asks": [[1.9039, 4772.4], [1.904, 13162.4], [1.9041, 9644.8], [1.9042, 13657.5], [1.9043, 9059.8], [1.9044, 20400.3], [1.9045, 28701.8], [1.9046, 50593.7], [1.9047, 29844.9], [1.9048, 50807.4], [1.9049, 36110.6], [1.905, 89050.4], [1.9051, 50745.3], [1.9052, 94619.3], [1.9053, 36849.5], [1.9054, 45899.2], [1.9055, 25588.8], [1.9056, 18326.3], [1.9057, 53319.2], [1.9058, 49204.9]], "timestamp": "2025-12-16T10:44:49.873374+00:00"}, {"symbol": "XRPUSDT", "bids": [[1.9036, 25386.3], [1.9035, 14807.5], [1.9034, 27467.9], [1.9033, 58968.8], [1.9032, 15214.3], [1.9031, 22432.9], [1.903, 24602.4], [1.9029, 87042.6], [1.9028, 42885.9], [1.9027, 49620.5], [1.9026, 42559.2], [1.9025, 57891.1], [1.9024, 31308.1], [1.9023, 96084.6], [1.9022, 35634.1], [1.9021, 67727.9], [1.902, 22532.1], [1.9019, 28645.2], [1.9018, 34505.2], [1.9017, 85040.1]], "asks": [[1.9037, 5625.0], [1.9038, 6661.1], [1.9039, 25219.3], [1.904, 27551.7], [1.9041, 33434.1], [1.9042, 45760.7], [1.9043, 47692.0], [1.9044, 74925.6], [1.9045, 75151.0], [1.9046, 68130.9], [1.9047, 39091.2], [1.9048, 85802.2], [1.9049, 36399.7], [1.905, 54621.4], [1.9051, 60662.4], [1.9052, 145211.6], [1.9053, 20166.8], [1.9054, 18509.6], [1.9055, 19367.1], [1.9056, 55328.6]], "timestamp": "2025-12-16T10:45:42.898190+00:00"}, {"symbol": "XRPUSDT", "bids": [[1.9095, 5352.2], [1.9094, 23734.2], [1.9093, 15514.5], [1.9092, 23261.2], [1.9091, 34078.9], [1.909, 38712.6], [1.9089, 72817.4], [1.9088, 81390.9], [1.9087, 40621.0], [1.9086, 32411.6], [1.9085, 45829.8], [1.9084, 67654.1], [1.9083, 26276.7], [1.9082, 50727.1], [1.9081, 110795.3], [1.908, 52803.5], [1.9079, 21877.5], [1.9078, 62615.9], [1.9077, 35907.0], [1.9076, 63495.0]], "asks": [[1.9096, 12192.4], [1.9097, 11978.8], [1.9098, 17095.4], [1.9099, 26928.0], [1.91, 71823.7], [1.9101, 16793.0], [1.9102, 34579.5], [1.9103, 60212.3], [1.9104, 101143.4], [1.9105, 62320.8], [1.9106, 48029.6], [1.9107, 31607.5], [1.9108, 36077.7], [1.9109, 55798.3], [1.911, 60230.2], [1.9111, 59780.6], [1.9112, 118780.3], [1.9113, 35886.9], [1.9114, 20190.8], [1.9115, 49031.5]], "timestamp": "2025-12-16T10:46:35.562901+00:00"}, {"symbol": "XRPUSDT", "bids": [[1.9082, 30730.9], [1.9081, 28708.5], [1.908, 22990.8], [1.9079, 14452.8], [1.9078, 26727.3], [1.9077, 61825.7], [1.9076, 30075.6], [1.9075, 38032.9], [1.9074, 47107.1], [1.9073, 56327.1], [1.9072, 25760.3], [1.9071, 35405.1], [1.907, 51770.2], [1.9069, 20544.3], [1.9068, 58985.1], [1.9067, 19660.6], [1.9066, 140500.4], [1.9065, 24639.5], [1.9064, 69254.8], [1.9063, 15581.4]], "asks": [[1.9083, 100.5], [1.9084, 9488.7], [1.9085, 20696.5], [1.9086, 13288.9], [1.9087, 14498.3], [1.9088, 24021.3], [1.9089, 28648.0], [1.909, 26652.5], [1.9091, 54998.1], [1.9092, 39030.3], [1.9093, 38433.3], [1.9094, 21102.7], [1.9095, 53166.1], [1.9096, 20464.8], [1.9097, 23251.7], [1.9098, 49217.8], [1.9099, 78685.7], [1.91, 83935.2], [1.9101, 96815.5], [1.9102, 20594.3]], "timestamp": "2025-12-16T10:47:27.519402+00:00"}, {"symbol": "XRPUSDT", "bids": [[1.904, 2857.9], [1.9039, 81.8], [1.9038, 6792.2], [1.9037, 10480.7], [1.9036, 19490.4], [1.9035, 23643.0], [1.9034, 41789.7], [1.9033, 88415.7], [1.9032, 35293.2], [1.9031, 46933.2], [1.903, 35264.1], [1.9029, 60389.4], [1.9028, 26831.6], [1.9027, 50549.2], [1.9026, 41799.0], [1.9025, 130056.9], [1.9024, 18304.9], [1.9023, 16782.4], [1.9022, 41545.8], [1.9021, 69614.7]], "asks": [[1.9041, 18475.8], [1.9042, 8893.4], [1.9043, 20030.5], [1.9044, 43532.7], [1.9045, 25346.6], [1.9046, 37382.2], [1.9047, 24360.5], [1.9048, 60807.4], [1.9049, 34940.8], [1.905, 58438.4], [1.9051, 53165.3], [1.9052, 75931.5], [1.9053, 104982.1], [1.9054, 39463.9], [1.9055, 53005.4], [1.9056, 88153.6], [1.9057, 27336.2], [1.9058, 20266.3], [1.9059, 25280.4], [1.906, 42813.3]], "timestamp": "2025-12-16T10:48:19.845183+00:00"}, {"symbol": "XRPUSDT", "bids": [[1.9056, 14962.1], [1.9055, 23560.9], [1.9054, 28524.0], [1.9053, 27048.3], [1.9052, 37568.2], [1.9051, 47227.4], [1.905, 64725.3], [1.9049, 43712.1], [1.9048, 46702.6], [1.9047, 47394.2], [1.9046, 80671.0], [1.9045, 77222.2], [1.9044, 16493.8], [1.9043, 22874.3], [1.9042, 55908.1], [1.9041, 114398.2], [1.904, 37061.6], [1.9039, 43033.0], [1.9038, 65612.6], [1.9037, 17461.1]], "asks": [[1.9057, 935.2], [1.9058, 3551.6], [1.9059, 15398.8], [1.906, 5909.5], [1.9061, 22713.3], [1.9062, 36926.9], [1.9063, 40476.7], [1.9064, 50020.5], [1.9065, 69557.5], [1.9066, 37044.6], [1.9067, 50741.8], [1.9068, 50544.2], [1.9069, 82107.0], [1.907, 116558.8], [1.9071, 39089.9], [1.9072, 30342.1], [1.9073, 47465.3], [1.9074, 43752.0], [1.9075, 30789.5], [1.9076, 22019.0]], "timestamp": "2025-12-16T10:49:11.824911+00:00"}, {"symbol": "XRPUSDT", "bids": [[1.9053, 20940.6], [1.9052, 5089.4], [1.9051, 10802.1], [1.905, 18060.9], [1.9049, 28585.5], [1.9048, 40057.4], [1.9047, 46610.1], [1.9046, 69594.6], [1.9045, 64280.2], [1.9044, 34542.6], [1.9043, 38061.2], [1.9042, 49487.9], [1.9041, 18629.3], [1.904, 32324.8], [1.9039, 50454.7], [1.9038, 126760.4], [1.9037, 16208.7], [1.9036, 24593.9], [1.9035, 46464.4], [1.9034, 95631.4]], "asks": [[1.9054, 19136.3], [1.9055, 7866.3], [1.9056, 11417.1], [1.9057, 21671.8], [1.9058, 36065.8], [1.9059, 36524.2], [1.906, 42140.3], [1.9061, 101337.5], [1.9062, 47620.3], [1.9063, 50762.4], [1.9064, 30828.1], [1.9065, 78012.5], [1.9066, 23264.3], [1.9067, 45233.9], [1.9068, 138605.0], [1.9069, 69474.2], [1.907, 20184.5], [1.9071, 27502.4], [1.9072, 21973.4], [1.9073, 84051.3]], "timestamp": "2025-12-16T10:50:04.036189+00:00"}, {"symbol": "XRPUSDT", "bids": [[1.9052, 13710.1], [1.9051, 13770.7], [1.905, 30866.6], [1.9049, 24355.3], [1.9048, 35658.9], [1.9047, 65804.3], [1.9046, 63585.7], [1.9045, 69422.0], [1.9044, 56278.7], [1.9043, 79507.8], [1.9042, 42791.6], [1.9041, 20471.3], [1.904, 32729.4], [1.9039, 57499.1], [1.9038, 141800.0], [1.9037, 18613.2], [1.9036, 23991.3], [1.9035, 31784.0], [1.9034, 72277.2], [1.9033, 42156.9]], "asks": [[1.9053, 6576.2], [1.9054, 5525.6], [1.9055, 6260.2], [1.9056, 21610.5], [1.9057, 24139.0], [1.9058, 27621.1], [1.9059, 28684.8], [1.906, 44846.5], [1.9061, 59524.0], [1.9062, 42766.9], [1.9063, 36471.3], [1.9064, 41740.7], [1.9065, 57254.6], [1.9066, 33859.8], [1.9067, 109272.1], [1.9068, 44814.2], [1.9069, 53560.6], [1.907, 23646.0], [1.9071, 24468.8], [1.9072, 25663.4]], "timestamp": "2025-12-16T10:50:57.060926+00:00"}, {"symbol": "XRPUSDT", "bids": [[1.9029, 267.3], [1.9028, 4119.5], [1.9027, 9437.0], [1.9026, 13935.2], [1.9025, 26937.8], [1.9024, 28611.4], [1.9023, 12238.6], [1.9022, 30453.7], [1.9021, 19534.9], [1.902, 20929.3], [1.9019, 14280.9], [1.9018, 39478.2], [1.9017, 67780.7], [1.9016, 34049.2], [1.9015, 31566.2], [1.9014, 39326.7], [1.9013, 58638.7], [1.9012, 39715.9], [1.9011, 40083.0], [1.901, 51787.8]], "asks": [[1.903, 25201.8], [1.9031, 38193.7], [1.9032, 11246.5], [1.9033, 14906.1], [1.9034, 7814.3], [1.9035, 28713.5], [1.9036, 43886.6], [1.9037, 54803.2], [1.9038, 48245.3], [1.9039, 33037.4], [1.904, 79616.3], [1.9041, 26965.7], [1.9042, 134536.1], [1.9043, 41578.6], [1.9044, 78174.5], [1.9045, 18204.7], [1.9046, 16033.3], [1.9047, 25768.5], [1.9048, 50548.5], [1.9049, 41250.6]], "timestamp": "2025-12-16T10:51:49.084435+00:00"}, {"symbol": "XRPUSDT", "bids": [[1.906, 5205.8], [1.9059, 8152.3], [1.9058, 12643.4], [1.9057, 12196.0], [1.9056, 16251.5], [1.9055, 21584.3], [1.9054, 33215.6], [1.9053, 28144.9], [1.9052, 74738.1], [1.9051, 51497.7], [1.905, 35903.9], [1.9049, 20422.4], [1.9048, 64622.1], [1.9047, 22231.0], [1.9046, 121568.2], [1.9045, 56974.4], [1.9044, 56280.0], [1.9043, 54602.7], [1.9042, 31466.9], [1.9041, 37818.5]], "asks": [[1.9061, 9838.6], [1.9062, 14233.9], [1.9063, 30536.8], [1.9064, 31891.1], [1.9065, 50583.4], [1.9066, 43470.1], [1.9067, 85149.8], [1.9068, 82616.9], [1.9069, 55936.6], [1.907, 29121.9], [1.9071, 47877.8], [1.9072, 40908.4], [1.9073, 55497.7], [1.9074, 45978.5], [1.9075, 129495.7], [1.9076, 26409.7], [1.9077, 59343.1], [1.9078, 15936.2], [1.9079, 26525.2], [1.908, 37899.7]], "timestamp": "2025-12-16T10:52:40.707229+00:00"}, {"symbol": "XRPUSDT", "bids": [[1.9064, 23774.2], [1.9063, 17515.4], [1.9062, 27485.8], [1.9061, 49613.7], [1.906, 33276.9], [1.9059, 20110.9], [1.9058, 44040.2], [1.9057, 96107.7], [1.9056, 25330.8], [1.9055, 35651.5], [1.9054, 33288.6], [1.9053, 62505.5], [1.9052, 36593.3], [1.9051, 134781.7], [1.905, 39468.0], [1.9049, 56663.3], [1.9048, 30420.6], [1.9047, 76594.7], [1.9046, 46637.1], [1.9045, 54532.5]], "asks": [[1.9065, 353.2], [1.9066, 9162.1], [1.9067, 23598.4], [1.9068, 19982.7], [1.9069, 38439.4], [1.907, 55616.0], [1.9071, 56292.4], [1.9072, 45039.8], [1.9073, 39671.4], [1.9074, 84282.7], [1.9075, 57608.1], [1.9076, 29943.1], [1.9077, 51787.8], [1.9078, 147314.7], [1.9079, 29463.3], [1.908, 41205.5], [1.9081, 29467.9], [1.9082, 49969.9], [1.9083, 29831.1], [1.9084, 18746.5]], "timestamp": "2025-12-16T10:53:33.061077+00:00"}, {"symbol": "XRPUSDT", "bids": [[1.9095, 8368.9], [1.9094, 9108.8], [1.9093, 26018.2], [1.9092, 29287.0], [1.9091, 27930.5], [1.909, 36110.3], [1.9089, 63368.0], [1.9088, 53763.8], [1.9087, 27147.3], [1.9086, 73179.4], [1.9085, 21176.8], [1.9084, 27908.8], [1.9083, 46170.0], [1.9082, 77166.2], [1.9081, 119669.0], [1.908, 27193.4], [1.9079, 22020.6], [1.9078, 48739.7], [1.9077, 46098.2], [1.9076, 89051.6]], "asks": [[1.9096, 17613.1], [1.9097, 7169.9], [1.9098, 8392.9], [1.9099, 46820.9], [1.91, 88622.9], [1.9101, 52781.2], [1.9102, 48788.9], [1.9103, 55372.8], [1.9104, 71820.8], [1.9105, 105730.8], [1.9106, 47961.5], [1.9107, 54026.3], [1.9108, 45443.7], [1.9109, 58956.3], [1.911, 52874.9], [1.9111, 53391.0], [1.9112, 58511.5], [1.9113, 155184.2], [1.9114, 48157.0], [1.9115, 86749.5]], "timestamp": "2025-12-16T10:54:24.860982+00:00"}, {"symbol": "XRPUSDT", "bids": [[1.9097, 10685.9], [1.9096, 15980.8], [1.9095, 16516.7], [1.9094, 26989.4], [1.9093, 42816.6], [1.9092, 49556.2], [1.9091, 21582.8], [1.909, 33553.0], [1.9089, 45528.2], [1.9088, 89723.9], [1.9087, 47307.9], [1.9086, 38824.6], [1.9085, 40553.0], [1.9084, 138028.6], [1.9083, 18290.1], [1.9082, 27671.9], [1.9081, 45693.2], [1.908, 71482.4], [1.9079, 46172.9], [1.9078, 30960.1]], "asks": [[1.9098, 34714.0], [1.9099, 13229.7], [1.91, 80200.7], [1.9101, 15362.5], [1.9102, 27174.8], [1.9103, 32103.8], [1.9104, 64424.0], [1.9105, 85276.3], [1.9106, 38904.1], [1.9107, 55774.9], [1.9108, 57470.9], [1.9109, 79835.2], [1.911, 60537.4], [1.9111, 60632.1], [1.9112, 59216.5], [1.9113, 150192.9], [1.9114, 29063.3], [1.9115, 55975.0], [1.9116, 31098.3], [1.9117, 34094.3]], "timestamp": "2025-12-16T10:55:16.992391+00:00"}, {"symbol": "XRPUSDT", "bids": [[1.9091, 28688.8], [1.909, 16655.6], [1.9089, 16751.6], [1.9088, 19539.1], [1.9087, 38223.5], [1.9086, 51559.2], [1.9085, 30246.4], [1.9084, 56700.1], [1.9083, 58653.5], [1.9082, 73369.8], [1.9081, 56525.6], [1.908, 33935.8], [1.9079, 113107.6], [1.9078, 48798.0], [1.9077, 26761.7], [1.9076, 34711.3], [1.9075, 44605.5], [1.9074, 50820.7], [1.9073, 19068.0], [1.9072, 42663.3]], "asks": [[1.9092, 4005.0], [1.9093, 7178.4], [1.9094, 25224.1], [1.9095, 29847.0], [1.9096, 28604.2], [1.9097, 47715.3], [1.9098, 45747.3], [1.9099, 25834.8], [1.91, 42251.4], [1.9101, 66769.6], [1.9102, 29916.6], [1.9103, 36403.8], [1.9104, 67319.8], [1.9105, 62225.1], [1.9106, 108710.6], [1.9107, 25728.7], [1.9108, 28965.5], [1.9109, 65588.6], [1.911, 84179.7], [1.9111, 38238.5]], "timestamp": "2025-12-16T10:56:08.366477+00:00"}, {"symbol": "XRPUSDT", "bids": [[1.9089, 587.2], [1.9088, 9349.5], [1.9087, 21502.3], [1.9086, 41437.5], [1.9085, 26453.1], [1.9084, 20168.4], [1.9083, 54062.2], [1.9082, 106405.0], [1.9081, 97092.3], [1.908, 84480.1], [1.9079, 31615.4], [1.9078, 51265.9], [1.9077, 16100.3], [1.9076, 133058.9], [1.9075, 45319.7], [1.9074, 47390.7], [1.9073, 29732.0], [1.9072, 30987.5], [1.9071, 22833.5], [1.907, 76989.1]], "asks": [[1.909, 25828.9], [1.9091, 17892.3], [1.9092, 24061.2], [1.9093, 25767.3], [1.9094, 38689.6], [1.9095, 37185.0], [1.9096, 40855.8], [1.9097, 61085.2], [1.9098, 51448.0], [1.9099, 28353.0], [1.91, 27857.3], [1.9101, 53434.8], [1.9102, 43587.1], [1.9103, 38172.4], [1.9104, 74654.6], [1.9105, 143479.2], [1.9106, 23714.3], [1.9107, 24036.9], [1.9108, 22267.5], [1.9109, 65839.0]], "timestamp": "2025-12-16T10:57:00.682592+00:00"}, {"symbol": "XRPUSDT", "bids": [[1.9084, 11206.5], [1.9083, 2288.1], [1.9082, 16930.0], [1.9081, 21513.2], [1.908, 39985.8], [1.9079, 71785.0], [1.9078, 41046.1], [1.9077, 69366.2], [1.9076, 54627.2], [1.9075, 64293.7], [1.9074, 72123.0], [1.9073, 31706.3], [1.9072, 32919.0], [1.9071, 55719.3], [1.907, 176003.5], [1.9069, 47968.0], [1.9068, 31419.9], [1.9067, 24340.3], [1.9066, 72088.0], [1.9065, 65662.5]], "asks": [[1.9085, 35574.1], [1.9086, 9034.7], [1.9087, 28198.2], [1.9088, 33799.4], [1.9089, 60140.5], [1.909, 22282.3], [1.9091, 31871.5], [1.9092, 60022.5], [1.9093, 61983.7], [1.9094, 26742.8], [1.9095, 34157.0], [1.9096, 28826.4], [1.9097, 71299.4], [1.9098, 84223.9], [1.9099, 114688.4], [1.91, 25783.6], [1.9101, 55374.8], [1.9102, 31836.3], [1.9103, 34138.7], [1.9104, 60884.7]], "timestamp": "2025-12-16T10:57:53.805050+00:00"}, {"symbol": "XRPUSDT", "bids": [[1.9053, 14974.8], [1.9052, 9654.5], [1.9051, 28064.8], [1.905, 29471.3], [1.9049, 57885.1], [1.9048, 27093.6], [1.9047, 65405.2], [1.9046, 75284.4], [1.9045, 73555.0], [1.9044, 61608.5], [1.9043, 42495.3], [1.9042, 28317.6], [1.9041, 30945.8], [1.904, 104186.5], [1.9039, 145093.4], [1.9038, 40376.6], [1.9037, 34190.5], [1.9036, 105281.9], [1.9035, 18276.3], [1.9034, 19222.6]], "asks": [[1.9054, 12855.1], [1.9055, 14882.9], [1.9056, 26042.5], [1.9057, 38178.0], [1.9058, 32260.9], [1.9059, 43573.1], [1.906, 54910.7], [1.9061, 63856.4], [1.9062, 30247.7], [1.9063, 26272.9], [1.9064, 36566.6], [1.9065, 58824.0], [1.9066, 25855.7], [1.9067, 47520.7], [1.9068, 130874.6], [1.9069, 51700.0], [1.907, 19963.1], [1.9071, 17855.1], [1.9072, 41997.6], [1.9073, 62219.2]], "timestamp": "2025-12-16T10:58:46.656344+00:00"}, {"symbol": "XRPUSDT", "bids": [[1.9063, 9895.7], [1.9062, 10709.5], [1.9061, 24634.7], [1.906, 31878.7], [1.9059, 56146.4], [1.9058, 44415.5], [1.9057, 87400.6], [1.9056, 50530.2], [1.9055, 28882.0], [1.9054, 39193.3], [1.9053, 67848.1], [1.9052, 67537.5], [1.9051, 23130.6], [1.905, 24426.6], [1.9049, 136781.1], [1.9048, 65766.0], [1.9047, 53740.6], [1.9046, 40464.5], [1.9045, 55691.4], [1.9044, 52563.3]], "asks": [[1.9064, 9068.5], [1.9065, 22347.5], [1.9066, 43143.5], [1.9067, 42829.9], [1.9068, 31892.7], [1.9069, 16440.0], [1.907, 29277.3], [1.9071, 55527.0], [1.9072, 46861.7], [1.9073, 72464.6], [1.9074, 67809.8], [1.9075, 27915.2], [1.9076, 38251.1], [1.9077, 74409.0], [1.9078, 125351.8], [1.9079, 44682.6], [1.908, 57997.6], [1.9081, 45013.2], [1.9082, 22036.0], [1.9083, 24164.6]], "timestamp": "2025-12-16T10:59:38.942156+00:00"}, {"symbol": "XRPUSDT", "bids": [[1.9059, 15152.1], [1.9058, 24580.2], [1.9057, 14858.6], [1.9056, 26720.0], [1.9055, 18761.7], [1.9054, 34518.8], [1.9053, 31547.8], [1.9052, 65936.1], [1.9051, 69649.6], [1.905, 37557.9], [1.9049, 56219.2], [1.9048, 36717.6], [1.9047, 25750.4], [1.9046, 45263.1], [1.9045, 154177.6], [1.9044, 55543.8], [1.9043, 31222.4], [1.9042, 22859.0], [1.9041, 50539.3], [1.904, 105510.0]], "asks": [[1.906, 9171.3], [1.9061, 21322.3], [1.9062, 34738.2], [1.9063, 32711.1], [1.9064, 44987.5], [1.9065, 38710.9], [1.9066, 47056.5], [1.9067, 46982.4], [1.9068, 62701.5], [1.9069, 73089.7], [1.907, 37063.7], [1.9071, 16516.6], [1.9072, 45893.3], [1.9073, 146837.5], [1.9074, 56692.2], [1.9075, 20328.3], [1.9076, 28380.2], [1.9077, 53797.3], [1.9078, 35327.4], [1.9079, 30795.0]], "timestamp": "2025-12-16T11:00:30.771920+00:00"}, {"symbol": "XRPUSDT", "bids": [[1.9054, 4770.1], [1.9053, 11331.7], [1.9052, 16424.3], [1.9051, 20526.4], [1.905, 20918.1], [1.9049, 17147.4], [1.9048, 22100.6], [1.9047, 44023.0], [1.9046, 41472.8], [1.9045, 75007.3], [1.9044, 69246.7], [1.9043, 29907.0], [1.9042, 33400.0], [1.9041, 50126.7], [1.904, 43007.7], [1.9039, 123957.2], [1.9038, 48507.9], [1.9037, 53150.0], [1.9036, 26474.9], [1.9035, 24135.4]], "asks": [[1.9055, 17995.7], [1.9056, 50906.0], [1.9057, 28963.3], [1.9058, 46059.7], [1.9059, 31108.2], [1.906, 46211.3], [1.9061, 50811.4], [1.9062, 58389.4], [1.9063, 76693.6], [1.9064, 160704.9], [1.9065, 39390.3], [1.9066, 36382.7], [1.9067, 39530.9], [1.9068, 60012.4], [1.9069, 55857.3], [1.907, 23658.6], [1.9071, 21634.7], [1.9072, 35901.7], [1.9073, 60880.7], [1.9074, 50856.6]], "timestamp": "2025-12-16T11:01:22.331043+00:00"}, {"symbol": "XRPUSDT", "bids": [[1.9069, 2256.4], [1.9068, 5919.3], [1.9067, 23851.2], [1.9066, 30657.1], [1.9065, 15084.1], [1.9064, 25116.8], [1.9063, 73109.2], [1.9062, 86994.4], [1.9061, 35214.6], [1.906, 37694.5], [1.9059, 24232.7], [1.9058, 27394.5], [1.9057, 51262.2], [1.9056, 47136.2], [1.9055, 43849.1], [1.9054, 125792.7], [1.9053, 54152.4], [1.9052, 30638.7], [1.9051, 70624.2], [1.905, 68915.1]], "asks": [[1.907, 15181.7], [1.9071, 38077.2], [1.9072, 36453.6], [1.9073, 71206.3], [1.9074, 37058.8], [1.9075, 31391.6], [1.9076, 53275.6], [1.9077, 78054.3], [1.9078, 56840.7], [1.9079, 77146.1], [1.908, 28778.5], [1.9081, 65024.6], [1.9082, 32528.9], [1.9083, 34656.9], [1.9084, 123608.8], [1.9085, 68140.1], [1.9086, 44553.6], [1.9087, 27514.1], [1.9088, 23476.9], [1.9089, 57049.5]], "timestamp": "2025-12-16T11:02:14.624931+00:00"}, {"symbol": "XRPUSDT", "bids": [[1.9051, 5929.9], [1.905, 7201.6], [1.9049, 16770.4], [1.9048, 12443.0], [1.9047, 17410.1], [1.9046, 29814.3], [1.9045, 43693.4], [1.9044, 56197.1], [1.9043, 73630.1], [1.9042, 45168.9], [1.9041, 59666.0], [1.904, 73340.1], [1.9039, 71732.2], [1.9038, 47609.4], [1.9037, 124527.8], [1.9036, 36709.3], [1.9035, 68399.3], [1.9034, 23603.3], [1.9033, 68404.6], [1.9032, 40030.3]], "asks": [[1.9052, 21674.6], [1.9053, 17413.4], [1.9054, 30731.0], [1.9055, 26786.7], [1.9056, 30124.9], [1.9057, 50134.6], [1.9058, 64349.6], [1.9059, 70602.2], [1.906, 44266.9], [1.9061, 54947.7], [1.9062, 20278.1], [1.9063, 23395.8], [1.9064, 40011.2], [1.9065, 87447.5], [1.9066, 117014.6], [1.9067, 37610.9], [1.9068, 33213.6], [1.9069, 60333.4], [1.907, 35974.2], [1.9071, 30010.0]], "timestamp": "2025-12-16T11:03:07.052649+00:00"}, {"symbol": "XRPUSDT", "bids": [[1.9048, 11278.2], [1.9047, 8173.5], [1.9046, 16447.3], [1.9045, 21128.6], [1.9044, 30489.1], [1.9043, 38420.6], [1.9042, 39310.6], [1.9041, 52729.7], [1.904, 74468.3], [1.9039, 74595.8], [1.9038, 36246.8], [1.9037, 28357.0], [1.9036, 39397.1], [1.9035, 80840.4], [1.9034, 43438.1], [1.9033, 135983.9], [1.9032, 31716.0], [1.9031, 50688.6], [1.903, 34916.7], [1.9029, 53694.9]], "asks": [[1.9049, 14691.6], [1.905, 11503.6], [1.9051, 16831.4], [1.9052, 33060.8], [1.9053, 62876.9], [1.9054, 33507.4], [1.9055, 30492.6], [1.9056, 36915.0], [1.9057, 90627.4], [1.9058, 50787.8], [1.9059, 63062.4], [1.906, 44484.2], [1.9061, 168814.3], [1.9062, 20720.1], [1.9063, 17896.8], [1.9064, 38699.4], [1.9065, 71693.1], [1.9066, 22996.7], [1.9067, 24464.5], [1.9068, 32003.1]], "timestamp": "2025-12-16T11:03:59.551131+00:00"}, {"symbol": "XRPUSDT", "bids": [[1.9083, 23364.7], [1.9082, 38706.3], [1.9081, 34555.6], [1.908, 37943.3], [1.9079, 17250.3], [1.9078, 29802.2], [1.9077, 35059.4], [1.9076, 88548.7], [1.9075, 65769.5], [1.9074, 33530.2], [1.9073, 28832.0], [1.9072, 49689.5], [1.9071, 137779.5], [1.907, 27515.5], [1.9069, 38401.2], [1.9068, 21956.1], [1.9067, 45331.8], [1.9066, 18358.0], [1.9065, 32681.0], [1.9064, 29231.8]], "asks": [[1.9084, 1341.4], [1.9085, 4723.0], [1.9086, 6672.9], [1.9087, 19710.0], [1.9088, 36469.0], [1.9089, 49325.2], [1.909, 101191.3], [1.9091, 53547.8], [1.9092, 43971.8], [1.9093, 61332.7], [1.9094, 28435.6], [1.9095, 32079.3], [1.9096, 65354.6], [1.9097, 83697.2], [1.9098, 137198.4], [1.9099, 32609.4], [1.91, 68185.1], [1.9101, 55473.3], [1.9102, 25571.6], [1.9103, 27218.2]], "timestamp": "2025-12-16T11:04:52.906744+00:00"}, {"symbol": "XRPUSDT", "bids": [[1.9075, 541.5], [1.9074, 3737.2], [1.9073, 11899.7], [1.9072, 14629.2], [1.9071, 7098.1], [1.907, 13062.4], [1.9069, 40766.1], [1.9068, 45158.7], [1.9067, 51125.3], [1.9066, 22731.4], [1.9065, 26535.3], [1.9064, 36683.9], [1.9063, 65705.0], [1.9062, 47283.0], [1.9061, 74251.5], [1.906, 124093.5], [1.9059, 53666.4], [1.9058, 34759.0], [1.9057, 40614.7], [1.9056, 40087.6]], "asks": [[1.9076, 45765.8], [1.9077, 32914.9], [1.9078, 45861.2], [1.9079, 30537.3], [1.908, 35333.1], [1.9081, 34904.0], [1.9082, 37286.8], [1.9083, 87957.3], [1.9084, 101927.6], [1.9085, 73987.9], [1.9086, 52980.0], [1.9087, 39290.7], [1.9088, 69546.1], [1.9089, 43747.8], [1.909, 38518.0], [1.9091, 155444.6], [1.9092, 75717.3], [1.9093, 50012.5], [1.9094, 23948.3], [1.9095, 28841.0]], "timestamp": "2025-12-16T11:05:45.938313+00:00"}, {"symbol": "XRPUSDT", "bids": [[1.9055, 23226.8], [1.9054, 19505.3], [1.9053, 12044.6], [1.9052, 18799.6], [1.9051, 15325.4], [1.905, 29394.3], [1.9049, 21985.2], [1.9048, 32447.2], [1.9047, 76790.5], [1.9046, 66509.2], [1.9045, 47945.2], [1.9044, 42558.2], [1.9043, 53440.5], [1.9042, 34511.7], [1.9041, 108013.4], [1.904, 63314.9], [1.9039, 55741.8], [1.9038, 22883.6], [1.9037, 24804.7], [1.9036, 41779.4]], "asks": [[1.9056, 13373.6], [1.9057, 8736.4], [1.9058, 29994.9], [1.9059, 65541.5], [1.906, 32620.9], [1.9061, 30298.5], [1.9062, 66778.0], [1.9063, 79167.7], [1.9064, 36918.4], [1.9065, 41398.7], [1.9066, 48591.5], [1.9067, 69835.9], [1.9068, 55593.8], [1.9069, 50402.3], [1.907, 137545.3], [1.9071, 51876.2], [1.9072, 17218.6], [1.9073, 36798.2], [1.9074, 53590.5], [1.9075, 68310.8]], "timestamp": "2025-12-16T11:06:38.693940+00:00"}, {"symbol": "XRPUSDT", "bids": [[1.9059, 32086.1], [1.9058, 15928.6], [1.9057, 22838.6], [1.9056, 28851.3], [1.9055, 53138.8], [1.9054, 32302.8], [1.9053, 50231.6], [1.9052, 70660.9], [1.9051, 72402.2], [1.905, 53335.5], [1.9049, 37761.6], [1.9048, 22888.9], [1.9047, 141051.5], [1.9046, 53474.6], [1.9045, 28140.3], [1.9044, 31146.8], [1.9043, 58533.7], [1.9042, 19362.4], [1.9041, 32218.8], [1.904, 64546.5]], "asks": [[1.906, 6730.3], [1.9061, 2255.2], [1.9062, 10416.2], [1.9063, 28253.2], [1.9064, 23304.2], [1.9065, 34431.0], [1.9066, 46323.3], [1.9067, 98032.3], [1.9068, 56270.2], [1.9069, 36095.0], [1.907, 50726.3], [1.9071, 70842.4], [1.9072, 34621.3], [1.9073, 43548.1], [1.9074, 58450.9], [1.9075, 161489.1], [1.9076, 37802.5], [1.9077, 19058.9], [1.9078, 34409.2], [1.9079, 65829.2]], "timestamp": "2025-12-16T11:07:30.404456+00:00"}