[{"id": "707928925", "price": 1.9257, "amount": 82.7, "side": "buy", "timestamp": 1765928569218}, {"id": "707928926", "price": 1.9257, "amount": 56.6, "side": "buy", "timestamp": 1765928570042}, {"id": "707928927", "price": 1.9256, "amount": 12.3, "side": "sell", "timestamp": 1765928571269}, {"id": "707928928", "price": 1.9257, "amount": 25.3, "side": "buy", "timestamp": 1765928572163}, {"id": "707928929", "price": 1.9257, "amount": 12.2, "side": "buy", "timestamp": 1765928572378}, {"id": "707928930", "price": 1.9257, "amount": 5745.2, "side": "buy", "timestamp": 1765928573304}, {"id": "707928931", "price": 1.9257, "amount": 7565.4, "side": "sell", "timestamp": 1765928574052}, {"id": "707928932", "price": 1.9258, "amount": 2205.1, "side": "buy", "timestamp": 1765928574827}, {"id": "707928933", "price": 1.9259, "amount": 240.6, "side": "buy", "timestamp": 1765928574833}, {"id": "707928934", "price": 1.926, "amount": 3.8, "side": "buy", "timestamp": 1765928575047}, {"id": "707928935", "price": 1.926, "amount": 101.2, "side": "buy", "timestamp": 1765928575670}, {"id": "707928936", "price": 1.926, "amount": 16.4, "side": "buy", "timestamp": 1765928576112}, {"id": "707928937", "price": 1.926, "amount": 1078.0, "side": "buy", "timestamp": 1765928576343}, {"id": "707928938", "price": 1.9259, "amount": 50.0, "side": "sell", "timestamp": 1765928576525}, {"id": "707928939", "price": 1.926, "amount": 16.1, "side": "buy", "timestamp": 1765928578015}, {"id": "707928940", "price": 1.9259, "amount": 20.7, "side": "sell", "timestamp": 1765928578126}, {"id": "707928941", "price": 1.926, "amount": 1321.3, "side": "buy", "timestamp": 1765928578604}, {"id": "707928942", "price": 1.9261, "amount": 820.9, "side": "buy", "timestamp": 1765928578604}, {"id": "707928943", "price": 1.9262, "amount": 1898.0, "side": "buy", "timestamp": 1765928578604}, {"id": "707928944", "price": 1.9263, "amount": 1705.0, "side": "buy", "timestamp": 1765928578604}, {"id": "707928945", "price": 1.9263, "amount": 2.6, "side": "buy", "timestamp": 1765928580321}, {"id": "707928946", "price": 1.9262, "amount": 3255.5, "side": "sell", "timestamp": 1765928580508}, {"id": "707928947", "price": 1.9261, "amount": 16.1, "side": "sell", "timestamp": 1765928580560}, {"id": "707928948", "price": 1.9261, "amount": 13061.8, "side": "buy", "timestamp": 1765928580695}, {"id": "707928949", "price": 1.9261, "amount": 142.2, "side": "buy", "timestamp": 1765928581278}, {"id": "707928950", "price": 1.926, "amount": 5.6, "side": "sell", "timestamp": 1765928581304}, {"id": "707928951", "price": 1.9261, "amount": 15.6, "side": "buy", "timestamp": 1765928581439}, {"id": "707928952", "price": 1.9261, "amount": 0.2, "side": "buy", "timestamp": 1765928581702}, {"id": "707928953", "price": 1.926, "amount": 3.7, "side": "sell", "timestamp": 1765928581955}, {"id": "707928954", "price": 1.926, "amount": 2.7, "side": "sell", "timestamp": 1765928582150}, {"id": "707928955", "price": 1.9261, "amount": 17.3, "side": "buy", "timestamp": 1765928583483}, {"id": "707928956", "price": 1.9261, "amount": 0.2, "side": "buy", "timestamp": 1765928583649}, {"id": "707928957", "price": 1.9261, "amount": 5745.2, "side": "buy", "timestamp": 1765928583897}, {"id": "707928958", "price": 1.9261, "amount": 43.1, "side": "buy", "timestamp": 1765928584772}, {"id": "707928959", "price": 1.926, "amount": 40.4, "side": "sell", "timestamp": 1765928585092}, {"id": "707928960", "price": 1.9261, "amount": 10864.8, "side": "buy", "timestamp": 1765928585342}, {"id": "707928961", "price": 1.9262, "amount": 6170.0, "side": "buy", "timestamp": 1765928585342}, {"id": "707928962", "price": 1.9263, "amount": 6831.6, "side": "buy", "timestamp": 1765928585342}, {"id": "707928963", "price": 1.9264, "amount": 7115.9, "side": "buy", "timestamp": 1765928585342}, {"id": "707928964", "price": 1.9263, "amount": 62.5, "side": "sell", "timestamp": 1765928585420}, {"id": "707928965", "price": 1.9264, "amount": 104.7, "side": "buy", "timestamp": 1765928586747}, {"id": "707928966", "price": 1.9264, "amount": 1139.6, "side": "buy", "timestamp": 1765928587019}, {"id": "707928967", "price": 1.9263, "amount": 1954.6, "side": "sell", "timestamp": 1765928588878}, {"id": "707928968", "price": 1.9262, "amount": 19.8, "side": "sell", "timestamp": 1765928588954}, {"id": "707928969", "price": 1.9262, "amount": 5745.2, "side": "buy", "timestamp": 1765928589471}, {"id": "707928970", "price": 1.9262, "amount": 4.0, "side": "buy", "timestamp": 1765928589660}, {"id": "707928971", "price": 1.9262, "amount": 9.8, "side": "buy", "timestamp": 1765928589888}, {"id": "707928972", "price": 1.9262, "amount": 46.1, "side": "buy", "timestamp": 1765928590764}, {"id": "707928973", "price": 1.9262, "amount": 0.2, "side": "buy", "timestamp": 1765928591380}, {"id": "707928974", "price": 1.9261, "amount": 3278.6, "side": "sell", "timestamp": 1765928591675}, {"id": "707929008", "price": 1.9267, "amount": 845.4, "side": "buy", "timestamp": 1765928611487}, {"id": "707929009", "price": 1.9267, "amount": 264.3, "side": "buy", "timestamp": 1765928612164}, {"id": "707929010", "price": 1.9266, "amount": 1189.3, "side": "sell", "timestamp": 1765928612247}, {"id": "707929011", "price": 1.9267, "amount": 567.7, "side": "buy", "timestamp": 1765928612456}, {"id": "707929012", "price": 1.9268, "amount": 365.9, "side": "buy", "timestamp": 1765928612474}, {"id": "707929013", "price": 1.9267, "amount": 1068.4, "side": "sell", "timestamp": 1765928612849}, {"id": "707929014", "price": 1.9268, "amount": 93.7, "side": "buy", "timestamp": 1765928613789}, {"id": "707929015", "price": 1.9268, "amount": 0.1, "side": "buy", "timestamp": 1765928614989}, {"id": "707929016", "price": 1.9268, "amount": 0.1, "side": "buy", "timestamp": 1765928615404}, {"id": "707929017", "price": 1.9268, "amount": 0.1, "side": "buy", "timestamp": 1765928616516}, {"id": "707929018", "price": 1.9268, "amount": 0.2, "side": "buy", "timestamp": 1765928616698}, {"id": "707929019", "price": 1.9267, "amount": 50.0, "side": "sell", "timestamp": 1765928616967}, {"id": "707929020", "price": 1.9267, "amount": 1396.8, "side": "sell", "timestamp": 1765928617256}, {"id": "707929021", "price": 1.9267, "amount": 174.0, "side": "sell", "timestamp": 1765928618185}, {"id": "707929022", "price": 1.9268, "amount": 0.1, "side": "buy", "timestamp": 1765928620416}, {"id": "707929023", "price": 1.9268, "amount": 5692.3, "side": "buy", "timestamp": 1765928621819}, {"id": "707929024", "price": 1.9269, "amount": 387.9, "side": "buy", "timestamp": 1765928621849}, {"id": "707929025", "price": 1.9269, "amount": 64.8, "side": "sell", "timestamp": 1765928623084}, {"id": "707929026", "price": 1.9269, "amount": 9.2, "side": "sell", "timestamp": 1765928623784}, {"id": "707929027", "price": 1.9269, "amount": 152.0, "side": "sell", "timestamp": 1765928624085}, {"id": "707929028", "price": 1.9269, "amount": 50.0, "side": "sell", "timestamp": 1765928626172}, {"id": "707929029", "price": 1.9269, "amount": 22027.0, "side": "sell", "timestamp": 1765928626506}, {"id": "707929030", "price": 1.9269, "amount": 4.8, "side": "buy", "timestamp": 1765928626583}, {"id": "707929031", "price": 1.9268, "amount": 145.0, "side": "sell", "timestamp": 1765928626705}, {"id": "707929032", "price": 1.9268, "amount": 6.2, "side": "sell", "timestamp": 1765928627681}, {"id": "707929033", "price": 1.9269, "amount": 140.4, "side": "buy", "timestamp": 1765928628230}, {"id": "707929034", "price": 1.9269, "amount": 2.9, "side": "buy", "timestamp": 1765928631119}, {"id": "707929035", "price": 1.9269, "amount": 160.2, "side": "buy", "timestamp": 1765928632661}, {"id": "707929036", "price": 1.9269, "amount": 0.1, "side": "buy", "timestamp": 1765928633011}, {"id": "707929037", "price": 1.9269, "amount": 0.1, "side": "buy", "timestamp": 1765928633540}, {"id": "707929038", "price": 1.9268, "amount": 2.9, "side": "sell", "timestamp": 1765928633801}, {"id": "707929039", "price": 1.9269, "amount": 55.3, "side": "buy", "timestamp": 1765928634974}, {"id": "707929040", "price": 1.9269, "amount": 0.2, "side": "buy", "timestamp": 1765928635256}, {"id": "707929041", "price": 1.9268, "amount": 17.9, "side": "sell", "timestamp": 1765928635428}, {"id": "707929042", "price": 1.9269, "amount": 40.8, "side": "buy", "timestamp": 1765928635651}, {"id": "707929043", "price": 1.9269, "amount": 389.3, "side": "buy", "timestamp": 1765928636476}, {"id": "707929044", "price": 1.9269, "amount": 0.1, "side": "buy", "timestamp": 1765928636876}, {"id": "707929045", "price": 1.9269, "amount": 0.1, "side": "buy", "timestamp": 1765928637192}, {"id": "707929046", "price": 1.9268, "amount": 3.6, "side": "sell", "timestamp": 1765928637655}, {"id": "707929047", "price": 1.9268, "amount": 5.9, "side": "sell", "timestamp": 1765928638713}, {"id": "707929048", "price": 1.9269, "amount": 3.4, "side": "buy", "timestamp": 1765928640541}, {"id": "707929049", "price": 1.9269, "amount": 0.1, "side": "buy", "timestamp": 1765928641409}, {"id": "707929050", "price": 1.9268, "amount": 4.4, "side": "sell", "timestamp": 1765928641822}, {"id": "707929051", "price": 1.9268, "amount": 15.6, "side": "sell", "timestamp": 1765928642106}, {"id": "707929052", "price": 1.9268, "amount": 7375.0, "side": "sell", "timestamp": 1765928643049}, {"id": "707929053", "price": 1.9267, "amount": 210.2, "side": "sell", "timestamp": 1765928643093}, {"id": "707929054", "price": 1.9266, "amount": 4611.7, "side": "sell", "timestamp": 1765928643101}, {"id": "707929055", "price": 1.9267, "amount": 0.1, "side": "buy", "timestamp": 1765928643157}, {"id": "707929056", "price": 1.9266, "amount": 345.3, "side": "sell", "timestamp": 1765928643163}, {"id": "707929057", "price": 1.9265, "amount": 6.4, "side": "sell", "timestamp": 1765928643727}, {"id": "707929108", "price": 1.9266, "amount": 39.9, "side": "buy", "timestamp": 1765928667648}, {"id": "707929109", "price": 1.9266, "amount": 81.3, "side": "buy", "timestamp": 1765928667769}, {"id": "707929110", "price": 1.9266, "amount": 274.2, "side": "buy", "timestamp": 1765928668010}, {"id": "707929111", "price": 1.9266, "amount": 7358.8, "side": "buy", "timestamp": 1765928668285}, {"id": "707929112", "price": 1.9266, "amount": 23.5, "side": "buy", "timestamp": 1765928669333}, {"id": "707929113", "price": 1.9266, "amount": 64.8, "side": "buy", "timestamp": 1765928671034}, {"id": "707929114", "price": 1.9266, "amount": 15.3, "side": "buy", "timestamp": 1765928671233}, {"id": "707929115", "price": 1.9266, "amount": 4955.1, "side": "buy", "timestamp": 1765928671334}, {"id": "707929116", "price": 1.9267, "amount": 47.7, "side": "buy", "timestamp": 1765928671351}, {"id": "707929117", "price": 1.9267, "amount": 80.3, "side": "buy", "timestamp": 1765928671872}, {"id": "707929118", "price": 1.9267, "amount": 4.4, "side": "buy", "timestamp": 1765928672751}, {"id": "707929119", "price": 1.9267, "amount": 0.1, "side": "buy", "timestamp": 1765928672962}, {"id": "707929120", "price": 1.9266, "amount": 33.4, "side": "sell", "timestamp": 1765928674160}, {"id": "707929121", "price": 1.9266, "amount": 363.3, "side": "sell", "timestamp": 1765928674947}, {"id": "707929122", "price": 1.9267, "amount": 0.1, "side": "buy", "timestamp": 1765928676315}, {"id": "707929123", "price": 1.9266, "amount": 519.1, "side": "sell", "timestamp": 1765928681113}, {"id": "707929124", "price": 1.9267, "amount": 0.1, "side": "buy", "timestamp": 1765928683701}, {"id": "707929125", "price": 1.9267, "amount": 202.1, "side": "buy", "timestamp": 1765928684490}, {"id": "707929126", "price": 1.9266, "amount": 98.1, "side": "sell", "timestamp": 1765928684686}, {"id": "707929127", "price": 1.9266, "amount": 31.3, "side": "sell", "timestamp": 1765928684836}, {"id": "707929128", "price": 1.9266, "amount": 105.3, "side": "sell", "timestamp": 1765928684968}, {"id": "707929129", "price": 1.9267, "amount": 6.4, "side": "buy", "timestamp": 1765928685270}, {"id": "707929130", "price": 1.9267, "amount": 109.4, "side": "buy", "timestamp": 1765928685404}, {"id": "707929131", "price": 1.9267, "amount": 28.9, "side": "buy", "timestamp": 1765928685531}, {"id": "707929132", "price": 1.9267, "amount": 4412.9, "side": "buy", "timestamp": 1765928685866}, {"id": "707929133", "price": 1.9266, "amount": 2.9, "side": "sell", "timestamp": 1765928686828}, {"id": "707929134", "price": 1.9267, "amount": 0.4, "side": "buy", "timestamp": 1765928687433}, {"id": "707929135", "price": 1.9267, "amount": 52.2, "side": "buy", "timestamp": 1765928688084}, {"id": "707929136", "price": 1.9267, "amount": 3.6, "side": "buy", "timestamp": 1765928688641}, {"id": "707929137", "price": 1.9267, "amount": 5502.0, "side": "buy", "timestamp": 1765928689042}, {"id": "707929138", "price": 1.9267, "amount": 52.1, "side": "sell", "timestamp": 1765928689151}, {"id": "707929139", "price": 1.9268, "amount": 0.2, "side": "buy", "timestamp": 1765928689224}, {"id": "707929140", "price": 1.9267, "amount": 2164.3, "side": "sell", "timestamp": 1765928689405}, {"id": "707929141", "price": 1.9268, "amount": 108.2, "side": "buy", "timestamp": 1765928689902}, {"id": "707929142", "price": 1.9268, "amount": 0.2, "side": "buy", "timestamp": 1765928690230}, {"id": "707929143", "price": 1.9268, "amount": 103.9, "side": "buy", "timestamp": 1765928690402}, {"id": "707929144", "price": 1.9268, "amount": 4400.5, "side": "buy", "timestamp": 1765928691250}, {"id": "707929145", "price": 1.9268, "amount": 381.7, "side": "buy", "timestamp": 1765928691353}, {"id": "707929146", "price": 1.9269, "amount": 238.5, "side": "buy", "timestamp": 1765928691367}, {"id": "707929147", "price": 1.9269, "amount": 486.7, "side": "buy", "timestamp": 1765928692344}, {"id": "707929148", "price": 1.9269, "amount": 11.8, "side": "buy", "timestamp": 1765928692629}, {"id": "707929149", "price": 1.9269, "amount": 13.2, "side": "buy", "timestamp": 1765928693470}, {"id": "707929150", "price": 1.9269, "amount": 78.8, "side": "buy", "timestamp": 1765928693856}, {"id": "707929151", "price": 1.9269, "amount": 28.0, "side": "buy", "timestamp": 1765928693994}, {"id": "707929152", "price": 1.9269, "amount": 66.0, "side": "buy", "timestamp": 1765928694111}, {"id": "707929153", "price": 1.9269, "amount": 0.1, "side": "buy", "timestamp": 1765928694629}, {"id": "707929154", "price": 1.9269, "amount": 135.2, "side": "buy", "timestamp": 1765928694920}, {"id": "707929155", "price": 1.9269, "amount": 0.2, "side": "buy", "timestamp": 1765928695093}, {"id": "707929156", "price": 1.9269, "amount": 61.5, "side": "buy", "timestamp": 1765928695341}, {"id": "707929157", "price": 1.9268, "amount": 297.9, "side": "sell", "timestamp": 1765928696226}, {"id": "707929284", "price": 1.9281, "amount": 346.7, "side": "buy", "timestamp": 1765928738959}, {"id": "707929285", "price": 1.9281, "amount": 691.1, "side": "buy", "timestamp": 1765928739326}, {"id": "707929286", "price": 1.9282, "amount": 1315.3, "side": "buy", "timestamp": 1765928739326}, {"id": "707929287", "price": 1.9281, "amount": 13.9, "side": "sell", "timestamp": 1765928739336}, {"id": "707929288", "price": 1.9282, "amount": 1961.5, "side": "buy", "timestamp": 1765928739353}, {"id": "707929289", "price": 1.9283, "amount": 0.1, "side": "buy", "timestamp": 1765928739358}, {"id": "707929290", "price": 1.9283, "amount": 103.8, "side": "buy", "timestamp": 1765928739459}, {"id": "707929291", "price": 1.9282, "amount": 2176.0, "side": "sell", "timestamp": 1765928739964}, {"id": "707929292", "price": 1.9283, "amount": 701.4, "side": "buy", "timestamp": 1765928739977}, {"id": "707929293", "price": 1.9283, "amount": 105.0, "side": "buy", "timestamp": 1765928740177}, {"id": "707929294", "price": 1.9283, "amount": 108.0, "side": "buy", "timestamp": 1765928740330}, {"id": "707929295", "price": 1.9283, "amount": 49.8, "side": "buy", "timestamp": 1765928740443}, {"id": "707929296", "price": 1.9283, "amount": 97.2, "side": "buy", "timestamp": 1765928740614}, {"id": "707929297", "price": 1.9282, "amount": 193.6, "side": "sell", "timestamp": 1765928740702}, {"id": "707929298", "price": 1.9283, "amount": 30.0, "side": "buy", "timestamp": 1765928740784}, {"id": "707929299", "price": 1.9283, "amount": 17.7, "side": "buy", "timestamp": 1765928741122}, {"id": "707929300", "price": 1.9283, "amount": 6.5, "side": "buy", "timestamp": 1765928741323}, {"id": "707929301", "price": 1.9283, "amount": 10134.9, "side": "buy", "timestamp": 1765928741517}, {"id": "707929302", "price": 1.9284, "amount": 4294.2, "side": "buy", "timestamp": 1765928741518}, {"id": "707929303", "price": 1.9285, "amount": 152.9, "side": "buy", "timestamp": 1765928741605}, {"id": "707929304", "price": 1.9286, "amount": 103.3, "side": "buy", "timestamp": 1765928742108}, {"id": "707929305", "price": 1.9286, "amount": 53.5, "side": "buy", "timestamp": 1765928742283}, {"id": "707929306", "price": 1.9286, "amount": 3630.7, "side": "buy", "timestamp": 1765928742390}, {"id": "707929307", "price": 1.9287, "amount": 41.0, "side": "buy", "timestamp": 1765928742392}, {"id": "707929308", "price": 1.9288, "amount": 360.0, "side": "buy", "timestamp": 1765928743108}, {"id": "707929309", "price": 1.9288, "amount": 483.2, "side": "buy", "timestamp": 1765928743267}, {"id": "707929310", "price": 1.9288, "amount": 4810.0, "side": "buy", "timestamp": 1765928743423}, {"id": "707929311", "price": 1.9287, "amount": 50.0, "side": "sell", "timestamp": 1765928743624}, {"id": "707929312", "price": 1.9287, "amount": 174.0, "side": "sell", "timestamp": 1765928744155}, {"id": "707929313", "price": 1.9288, "amount": 638.1, "side": "buy", "timestamp": 1765928744420}, {"id": "707929314", "price": 1.9288, "amount": 107.9, "side": "buy", "timestamp": 1765928744902}, {"id": "707929315", "price": 1.9288, "amount": 80.9, "side": "buy", "timestamp": 1765928745079}, {"id": "707929316", "price": 1.9287, "amount": 3629.3, "side": "sell", "timestamp": 1765928745427}, {"id": "707929317", "price": 1.9288, "amount": 24.0, "side": "buy", "timestamp": 1765928746130}, {"id": "707929318", "price": 1.9287, "amount": 174.0, "side": "sell", "timestamp": 1765928746163}, {"id": "707929319", "price": 1.9288, "amount": 400.0, "side": "buy", "timestamp": 1765928746236}, {"id": "707929320", "price": 1.9288, "amount": 10.0, "side": "buy", "timestamp": 1765928746413}, {"id": "707929321", "price": 1.9287, "amount": 50.0, "side": "sell", "timestamp": 1765928746818}, {"id": "707929322", "price": 1.9288, "amount": 42.2, "side": "buy", "timestamp": 1765928747122}, {"id": "707929323", "price": 1.9287, "amount": 18757.4, "side": "sell", "timestamp": 1765928747948}, {"id": "707929324", "price": 1.9286, "amount": 1715.5, "side": "sell", "timestamp": 1765928748004}, {"id": "707929325", "price": 1.9285, "amount": 6445.8, "side": "sell", "timestamp": 1765928748006}, {"id": "707929326", "price": 1.9284, "amount": 1037.2, "side": "sell", "timestamp": 1765928748015}, {"id": "707929327", "price": 1.9285, "amount": 347.3, "side": "buy", "timestamp": 1765928748018}, {"id": "707929328", "price": 1.9284, "amount": 400.0, "side": "sell", "timestamp": 1765928748053}, {"id": "707929329", "price": 1.9284, "amount": 174.0, "side": "sell", "timestamp": 1765928748159}, {"id": "707929330", "price": 1.9285, "amount": 11.8, "side": "buy", "timestamp": 1765928748341}, {"id": "707929331", "price": 1.9284, "amount": 1936.4, "side": "sell", "timestamp": 1765928748439}, {"id": "707929332", "price": 1.9283, "amount": 182.5, "side": "sell", "timestamp": 1765928748492}, {"id": "707929333", "price": 1.9283, "amount": 2.7, "side": "buy", "timestamp": 1765928748694}, {"id": "707929425", "price": 1.9286, "amount": 735.6, "side": "sell", "timestamp": 1765928781466}, {"id": "707929426", "price": 1.9285, "amount": 374.3, "side": "sell", "timestamp": 1765928781669}, {"id": "707929427", "price": 1.9284, "amount": 44.4, "side": "sell", "timestamp": 1765928781965}, {"id": "707929428", "price": 1.9284, "amount": 1829.1, "side": "sell", "timestamp": 1765928782146}, {"id": "707929429", "price": 1.9283, "amount": 1477.6, "side": "sell", "timestamp": 1765928782146}, {"id": "707929430", "price": 1.9283, "amount": 260.6, "side": "sell", "timestamp": 1765928782252}, {"id": "707929431", "price": 1.9283, "amount": 5.0, "side": "buy", "timestamp": 1765928782629}, {"id": "707929432", "price": 1.9282, "amount": 2532.6, "side": "sell", "timestamp": 1765928783971}, {"id": "707929433", "price": 1.9281, "amount": 12.4, "side": "sell", "timestamp": 1765928784738}, {"id": "707929434", "price": 1.9281, "amount": 61.4, "side": "sell", "timestamp": 1765928784965}, {"id": "707929435", "price": 1.9282, "amount": 0.1, "side": "buy", "timestamp": 1765928787393}, {"id": "707929436", "price": 1.9282, "amount": 3.9, "side": "buy", "timestamp": 1765928788101}, {"id": "707929437", "price": 1.9282, "amount": 3.6, "side": "buy", "timestamp": 1765928788521}, {"id": "707929438", "price": 1.9282, "amount": 3.9, "side": "buy", "timestamp": 1765928789407}, {"id": "707929439", "price": 1.9282, "amount": 140.1, "side": "buy", "timestamp": 1765928789764}, {"id": "707929440", "price": 1.9281, "amount": 20.2, "side": "sell", "timestamp": 1765928789810}, {"id": "707929441", "price": 1.9281, "amount": 26.5, "side": "sell", "timestamp": 1765928789966}, {"id": "707929442", "price": 1.9281, "amount": 33.0, "side": "sell", "timestamp": 1765928790072}, {"id": "707929443", "price": 1.9282, "amount": 3.2, "side": "buy", "timestamp": 1765928790213}, {"id": "707929444", "price": 1.9281, "amount": 6319.5, "side": "sell", "timestamp": 1765928790237}, {"id": "707929445", "price": 1.9281, "amount": 3.6, "side": "buy", "timestamp": 1765928790681}, {"id": "707929446", "price": 1.928, "amount": 2494.5, "side": "sell", "timestamp": 1765928790698}, {"id": "707929447", "price": 1.928, "amount": 3.0, "side": "buy", "timestamp": 1765928791012}, {"id": "707929448", "price": 1.928, "amount": 0.1, "side": "buy", "timestamp": 1765928791437}, {"id": "707929449", "price": 1.9279, "amount": 1316.6, "side": "sell", "timestamp": 1765928791687}, {"id": "707929450", "price": 1.9278, "amount": 1768.1, "side": "sell", "timestamp": 1765928791733}, {"id": "707929451", "price": 1.9279, "amount": 0.1, "side": "buy", "timestamp": 1765928791784}, {"id": "707929452", "price": 1.9279, "amount": 140.1, "side": "buy", "timestamp": 1765928793002}, {"id": "707929453", "price": 1.9278, "amount": 6.2, "side": "sell", "timestamp": 1765928793119}, {"id": "707929454", "price": 1.9279, "amount": 124.8, "side": "buy", "timestamp": 1765928793404}, {"id": "707929455", "price": 1.9278, "amount": 25.3, "side": "sell", "timestamp": 1765928794803}, {"id": "707929456", "price": 1.9278, "amount": 53.8, "side": "sell", "timestamp": 1765928795026}, {"id": "707929457", "price": 1.9279, "amount": 140.1, "side": "buy", "timestamp": 1765928795210}, {"id": "707929458", "price": 1.9278, "amount": 7.9, "side": "sell", "timestamp": 1765928795378}, {"id": "707929459", "price": 1.9279, "amount": 0.1, "side": "buy", "timestamp": 1765928795420}, {"id": "707929460", "price": 1.9279, "amount": 11404.4, "side": "buy", "timestamp": 1765928795577}, {"id": "707929461", "price": 1.9279, "amount": 2.7, "side": "sell", "timestamp": 1765928796785}, {"id": "707929462", "price": 1.928, "amount": 138.8, "side": "buy", "timestamp": 1765928797192}, {"id": "707929463", "price": 1.928, "amount": 50.0, "side": "buy", "timestamp": 1765928798358}, {"id": "707929464", "price": 1.928, "amount": 32.3, "side": "buy", "timestamp": 1765928799082}, {"id": "707929465", "price": 1.928, "amount": 3.8, "side": "buy", "timestamp": 1765928799207}, {"id": "707929466", "price": 1.9279, "amount": 558.0, "side": "sell", "timestamp": 1765928799472}, {"id": "707929467", "price": 1.9279, "amount": 4.7, "side": "sell", "timestamp": 1765928799702}, {"id": "707929468", "price": 1.9279, "amount": 67.1, "side": "sell", "timestamp": 1765928799893}, {"id": "707929469", "price": 1.928, "amount": 3.6, "side": "buy", "timestamp": 1765928800512}, {"id": "707929470", "price": 1.9279, "amount": 123.1, "side": "sell", "timestamp": 1765928800759}, {"id": "707929471", "price": 1.9279, "amount": 2992.4, "side": "sell", "timestamp": 1765928800924}, {"id": "707929472", "price": 1.9279, "amount": 4.7, "side": "sell", "timestamp": 1765928801674}, {"id": "707929473", "price": 1.9279, "amount": 713.6, "side": "sell", "timestamp": 1765928801864}, {"id": "707929474", "price": 1.928, "amount": 29.6, "side": "buy", "timestamp": 1765928801985}, {"id": "707929591", "price": 1.9296, "amount": 17173.9, "side": "buy", "timestamp": 1765928842817}, {"id": "707929592", "price": 1.9297, "amount": 1836.9, "side": "buy", "timestamp": 1765928842830}, {"id": "707929593", "price": 1.9298, "amount": 1822.1, "side": "buy", "timestamp": 1765928842912}, {"id": "707929594", "price": 1.9299, "amount": 201.7, "side": "buy", "timestamp": 1765928842932}, {"id": "707929595", "price": 1.9298, "amount": 900.0, "side": "sell", "timestamp": 1765928843011}, {"id": "707929596", "price": 1.9299, "amount": 10.4, "side": "buy", "timestamp": 1765928843152}, {"id": "707929597", "price": 1.9299, "amount": 88.0, "side": "buy", "timestamp": 1765928843477}, {"id": "707929598", "price": 1.9299, "amount": 183.7, "side": "buy", "timestamp": 1765928843613}, {"id": "707929599", "price": 1.9298, "amount": 18.4, "side": "sell", "timestamp": 1765928843680}, {"id": "707929600", "price": 1.9299, "amount": 40.0, "side": "buy", "timestamp": 1765928844045}, {"id": "707929601", "price": 1.9299, "amount": 6977.4, "side": "buy", "timestamp": 1765928844332}, {"id": "707929602", "price": 1.93, "amount": 38739.5, "side": "buy", "timestamp": 1765928844332}, {"id": "707929603", "price": 1.9301, "amount": 655.1, "side": "buy", "timestamp": 1765928844381}, {"id": "707929604", "price": 1.9302, "amount": 6735.4, "side": "buy", "timestamp": 1765928844381}, {"id": "707929605", "price": 1.9302, "amount": 34437.8, "side": "sell", "timestamp": 1765928844386}, {"id": "707929606", "price": 1.9301, "amount": 6720.2, "side": "sell", "timestamp": 1765928844403}, {"id": "707929607", "price": 1.93, "amount": 996.0, "side": "sell", "timestamp": 1765928844420}, {"id": "707929608", "price": 1.93, "amount": 13588.6, "side": "buy", "timestamp": 1765928844443}, {"id": "707929609", "price": 1.9299, "amount": 2869.9, "side": "sell", "timestamp": 1765928844556}, {"id": "707929610", "price": 1.9299, "amount": 11.2, "side": "sell", "timestamp": 1765928844952}, {"id": "707929611", "price": 1.93, "amount": 3.2, "side": "buy", "timestamp": 1765928845249}, {"id": "707929612", "price": 1.9299, "amount": 239.6, "side": "sell", "timestamp": 1765928845320}, {"id": "707929613", "price": 1.93, "amount": 288.5, "side": "buy", "timestamp": 1765928845334}, {"id": "707929614", "price": 1.9299, "amount": 15619.9, "side": "sell", "timestamp": 1765928845428}, {"id": "707929615", "price": 1.9298, "amount": 321.4, "side": "sell", "timestamp": 1765928845483}, {"id": "707929616", "price": 1.9297, "amount": 276.0, "side": "sell", "timestamp": 1765928845684}, {"id": "707929617", "price": 1.9296, "amount": 27.0, "side": "sell", "timestamp": 1765928845684}, {"id": "707929618", "price": 1.9296, "amount": 3.0, "side": "buy", "timestamp": 1765928845738}, {"id": "707929619", "price": 1.9296, "amount": 627.3, "side": "buy", "timestamp": 1765928846425}, {"id": "707929620", "price": 1.9296, "amount": 113.7, "side": "buy", "timestamp": 1765928846620}, {"id": "707929621", "price": 1.9295, "amount": 141.7, "side": "sell", "timestamp": 1765928846666}, {"id": "707929622", "price": 1.9295, "amount": 1918.7, "side": "sell", "timestamp": 1765928847395}, {"id": "707929623", "price": 1.9295, "amount": 15000.0, "side": "buy", "timestamp": 1765928847601}, {"id": "707929624", "price": 1.9295, "amount": 12350.3, "side": "buy", "timestamp": 1765928847715}, {"id": "707929625", "price": 1.9296, "amount": 377.1, "side": "buy", "timestamp": 1765928847766}, {"id": "707929626", "price": 1.9297, "amount": 250.3, "side": "buy", "timestamp": 1765928848345}, {"id": "707929627", "price": 1.9297, "amount": 9223.0, "side": "buy", "timestamp": 1765928848920}, {"id": "707929628", "price": 1.9296, "amount": 1072.7, "side": "sell", "timestamp": 1765928848979}, {"id": "707929629", "price": 1.9297, "amount": 7091.5, "side": "buy", "timestamp": 1765928849034}, {"id": "707929630", "price": 1.9298, "amount": 4831.2, "side": "buy", "timestamp": 1765928849034}, {"id": "707929631", "price": 1.9298, "amount": 752.1, "side": "buy", "timestamp": 1765928849146}, {"id": "707929632", "price": 1.9298, "amount": 52.9, "side": "buy", "timestamp": 1765928849347}, {"id": "707929633", "price": 1.9298, "amount": 12.4, "side": "buy", "timestamp": 1765928849817}, {"id": "707929634", "price": 1.9298, "amount": 13.6, "side": "buy", "timestamp": 1765928850169}, {"id": "707929635", "price": 1.9297, "amount": 2437.3, "side": "sell", "timestamp": 1765928851085}, {"id": "707929636", "price": 1.9296, "amount": 441.5, "side": "sell", "timestamp": 1765928851102}, {"id": "707929637", "price": 1.9295, "amount": 509.5, "side": "sell", "timestamp": 1765928851136}, {"id": "707929638", "price": 1.9295, "amount": 1500.0, "side": "buy", "timestamp": 1765928851233}, {"id": "707929639", "price": 1.9294, "amount": 276.3, "side": "sell", "timestamp": 1765928851288}, {"id": "707929640", "price": 1.9294, "amount": 10.6, "side": "buy", "timestamp": 1765928853408}, {"id": "707929693", "price": 1.9289, "amount": 19.4, "side": "sell", "timestamp": 1765928880918}, {"id": "707929694", "price": 1.9289, "amount": 219.8, "side": "sell", "timestamp": 1765928882719}, {"id": "707929695", "price": 1.9289, "amount": 1901.2, "side": "sell", "timestamp": 1765928883106}, {"id": "707929696", "price": 1.929, "amount": 782.6, "side": "buy", "timestamp": 1765928883633}, {"id": "707929697", "price": 1.9289, "amount": 10.3, "side": "sell", "timestamp": 1765928883962}, {"id": "707929698", "price": 1.929, "amount": 70.9, "side": "buy", "timestamp": 1765928884289}, {"id": "707929699", "price": 1.929, "amount": 15.5, "side": "buy", "timestamp": 1765928884410}, {"id": "707929700", "price": 1.9289, "amount": 1134.8, "side": "sell", "timestamp": 1765928885175}, {"id": "707929701", "price": 1.929, "amount": 4.2, "side": "buy", "timestamp": 1765928885296}, {"id": "707929702", "price": 1.929, "amount": 3.3, "side": "buy", "timestamp": 1765928885408}, {"id": "707929703", "price": 1.929, "amount": 2107.3, "side": "buy", "timestamp": 1765928885942}, {"id": "707929704", "price": 1.929, "amount": 41.3, "side": "buy", "timestamp": 1765928887132}, {"id": "707929705", "price": 1.9289, "amount": 319.5, "side": "sell", "timestamp": 1765928887379}, {"id": "707929706", "price": 1.929, "amount": 5.7, "side": "buy", "timestamp": 1765928889445}, {"id": "707929707", "price": 1.9289, "amount": 36.0, "side": "sell", "timestamp": 1765928889775}, {"id": "707929708", "price": 1.9289, "amount": 8.3, "side": "sell", "timestamp": 1765928889902}, {"id": "707929709", "price": 1.9289, "amount": 21.5, "side": "sell", "timestamp": 1765928890105}, {"id": "707929710", "price": 1.929, "amount": 8.6, "side": "buy", "timestamp": 1765928890537}, {"id": "707929711", "price": 1.9289, "amount": 185.0, "side": "sell", "timestamp": 1765928891189}, {"id": "707929712", "price": 1.929, "amount": 5.9, "side": "buy", "timestamp": 1765928891539}, {"id": "707929713", "price": 1.929, "amount": 1152.0, "side": "buy", "timestamp": 1765928892766}, {"id": "707929714", "price": 1.929, "amount": 20.8, "side": "buy", "timestamp": 1765928892888}, {"id": "707929715", "price": 1.929, "amount": 51.3, "side": "buy", "timestamp": 1765928893683}, {"id": "707929716", "price": 1.929, "amount": 21.4, "side": "buy", "timestamp": 1765928894320}, {"id": "707929717", "price": 1.929, "amount": 25.7, "side": "buy", "timestamp": 1765928894551}, {"id": "707929718", "price": 1.929, "amount": 500.0, "side": "buy", "timestamp": 1765928894966}, {"id": "707929719", "price": 1.929, "amount": 2072.7, "side": "buy", "timestamp": 1765928895584}, {"id": "707929720", "price": 1.9289, "amount": 5.1, "side": "sell", "timestamp": 1765928896423}, {"id": "707929721", "price": 1.929, "amount": 2.7, "side": "buy", "timestamp": 1765928897188}, {"id": "707929722", "price": 1.9289, "amount": 65.3, "side": "sell", "timestamp": 1765928897565}, {"id": "707929723", "price": 1.9289, "amount": 3.0, "side": "sell", "timestamp": 1765928898753}, {"id": "707929724", "price": 1.9289, "amount": 129.7, "side": "sell", "timestamp": 1765928900345}, {"id": "707929725", "price": 1.9289, "amount": 21.1, "side": "sell", "timestamp": 1765928900995}, {"id": "707929726", "price": 1.9289, "amount": 5.2, "side": "sell", "timestamp": 1765928901171}, {"id": "707929727", "price": 1.929, "amount": 266.9, "side": "buy", "timestamp": 1765928901208}, {"id": "707929728", "price": 1.929, "amount": 266.9, "side": "buy", "timestamp": 1765928901587}, {"id": "707929729", "price": 1.929, "amount": 6450.1, "side": "buy", "timestamp": 1765928902133}, {"id": "707929730", "price": 1.9291, "amount": 2864.6, "side": "buy", "timestamp": 1765928902137}, {"id": "707929731", "price": 1.9291, "amount": 256.5, "side": "sell", "timestamp": 1765928902177}, {"id": "707929732", "price": 1.9292, "amount": 3739.5, "side": "buy", "timestamp": 1765928902235}, {"id": "707929733", "price": 1.9293, "amount": 1060.6, "side": "buy", "timestamp": 1765928902235}, {"id": "707929734", "price": 1.9292, "amount": 5501.0, "side": "sell", "timestamp": 1765928902324}, {"id": "707929735", "price": 1.9292, "amount": 501.5, "side": "sell", "timestamp": 1765928902437}, {"id": "707929736", "price": 1.9292, "amount": 407.3, "side": "sell", "timestamp": 1765928902546}, {"id": "707929737", "price": 1.9291, "amount": 556.6, "side": "sell", "timestamp": 1765928902580}, {"id": "707929738", "price": 1.9291, "amount": 5922.2, "side": "sell", "timestamp": 1765928905302}, {"id": "707929739", "price": 1.929, "amount": 426.0, "side": "sell", "timestamp": 1765928905345}, {"id": "707929740", "price": 1.929, "amount": 77.8, "side": "buy", "timestamp": 1765928906259}, {"id": "707929741", "price": 1.929, "amount": 15.5, "side": "buy", "timestamp": 1765928906423}, {"id": "707929742", "price": 1.929, "amount": 11.6, "side": "buy", "timestamp": 1765928907164}, {"id": "707929766", "price": 1.929, "amount": 110.8, "side": "buy", "timestamp": 1765928922948}, {"id": "707929767", "price": 1.9289, "amount": 22.8, "side": "sell", "timestamp": 1765928924803}, {"id": "707929768", "price": 1.9289, "amount": 23.6, "side": "sell", "timestamp": 1765928924963}, {"id": "707929769", "price": 1.9289, "amount": 8.0, "side": "sell", "timestamp": 1765928925099}, {"id": "707929770", "price": 1.9289, "amount": 8026.4, "side": "sell", "timestamp": 1765928925781}, {"id": "707929771", "price": 1.9288, "amount": 689.7, "side": "sell", "timestamp": 1765928925806}, {"id": "707929772", "price": 1.9287, "amount": 677.8, "side": "sell", "timestamp": 1765928925831}, {"id": "707929773", "price": 1.9286, "amount": 989.4, "side": "sell", "timestamp": 1765928925939}, {"id": "707929774", "price": 1.9286, "amount": 73.1, "side": "buy", "timestamp": 1765928926259}, {"id": "707929775", "price": 1.9286, "amount": 82.9, "side": "buy", "timestamp": 1765928926419}, {"id": "707929776", "price": 1.9285, "amount": 590.1, "side": "sell", "timestamp": 1765928926684}, {"id": "707929777", "price": 1.9286, "amount": 8.5, "side": "buy", "timestamp": 1765928927296}, {"id": "707929778", "price": 1.9285, "amount": 2.9, "side": "sell", "timestamp": 1765928927668}, {"id": "707929779", "price": 1.9286, "amount": 162.2, "side": "buy", "timestamp": 1765928928781}, {"id": "707929780", "price": 1.9285, "amount": 28.6, "side": "sell", "timestamp": 1765928929733}, {"id": "707929781", "price": 1.9285, "amount": 27.0, "side": "sell", "timestamp": 1765928930021}, {"id": "707929782", "price": 1.9285, "amount": 11467.1, "side": "sell", "timestamp": 1765928931047}, {"id": "707929783", "price": 1.9285, "amount": 42.4, "side": "sell", "timestamp": 1765928931243}, {"id": "707929784", "price": 1.9284, "amount": 794.4, "side": "sell", "timestamp": 1765928933040}, {"id": "707929785", "price": 1.9284, "amount": 4.1, "side": "sell", "timestamp": 1765928933837}, {"id": "707929786", "price": 1.9285, "amount": 7.1, "side": "buy", "timestamp": 1765928934388}, {"id": "707929787", "price": 1.9284, "amount": 4.0, "side": "sell", "timestamp": 1765928935831}, {"id": "707929788", "price": 1.9285, "amount": 90.5, "side": "buy", "timestamp": 1765928936469}, {"id": "707929789", "price": 1.9284, "amount": 3.6, "side": "sell", "timestamp": 1765928936726}, {"id": "707929790", "price": 1.9284, "amount": 272.2, "side": "sell", "timestamp": 1765928936844}, {"id": "707929791", "price": 1.9285, "amount": 518.5, "side": "buy", "timestamp": 1765928937354}, {"id": "707929792", "price": 1.9284, "amount": 32.8, "side": "sell", "timestamp": 1765928937953}, {"id": "707929793", "price": 1.9284, "amount": 3.2, "side": "sell", "timestamp": 1765928938164}, {"id": "707929794", "price": 1.9284, "amount": 15.4, "side": "sell", "timestamp": 1765928941331}, {"id": "707929795", "price": 1.9284, "amount": 3529.3, "side": "sell", "timestamp": 1765928941706}, {"id": "707929796", "price": 1.9283, "amount": 167.1, "side": "sell", "timestamp": 1765928941903}, {"id": "707929797", "price": 1.9282, "amount": 2020.1, "side": "sell", "timestamp": 1765928941903}, {"id": "707929798", "price": 1.9281, "amount": 1955.0, "side": "sell", "timestamp": 1765928941903}, {"id": "707929799", "price": 1.9282, "amount": 8.8, "side": "buy", "timestamp": 1765928941924}, {"id": "707929800", "price": 1.9281, "amount": 4.9, "side": "sell", "timestamp": 1765928942790}, {"id": "707929801", "price": 1.9282, "amount": 10.4, "side": "buy", "timestamp": 1765928942862}, {"id": "707929802", "price": 1.9281, "amount": 3.6, "side": "sell", "timestamp": 1765928943490}, {"id": "707929803", "price": 1.9282, "amount": 3.8, "side": "buy", "timestamp": 1765928944299}, {"id": "707929804", "price": 1.9282, "amount": 15.5, "side": "buy", "timestamp": 1765928945049}, {"id": "707929805", "price": 1.9282, "amount": 2.7, "side": "buy", "timestamp": 1765928946751}, {"id": "707929806", "price": 1.9281, "amount": 1539.2, "side": "sell", "timestamp": 1765928948360}, {"id": "707929807", "price": 1.928, "amount": 6.2, "side": "sell", "timestamp": 1765928951676}, {"id": "707929808", "price": 1.928, "amount": 8.0, "side": "sell", "timestamp": 1765928954523}, {"id": "707929809", "price": 1.9281, "amount": 4.0, "side": "buy", "timestamp": 1765928957075}, {"id": "707929810", "price": 1.9281, "amount": 3.2, "side": "buy", "timestamp": 1765928957180}, {"id": "707929811", "price": 1.928, "amount": 6324.7, "side": "sell", "timestamp": 1765928957938}, {"id": "707929812", "price": 1.9279, "amount": 983.3, "side": "sell", "timestamp": 1765928958060}, {"id": "707929813", "price": 1.9278, "amount": 3.9, "side": "sell", "timestamp": 1765928958523}, {"id": "707929814", "price": 1.9279, "amount": 5.4, "side": "buy", "timestamp": 1765928958581}, {"id": "707929815", "price": 1.9278, "amount": 5.1, "side": "sell", "timestamp": 1765928959482}, {"id": "707929837", "price": 1.9274, "amount": 2.7, "side": "sell", "timestamp": 1765928976643}, {"id": "707929838", "price": 1.9274, "amount": 2.9, "side": "sell", "timestamp": 1765928977684}, {"id": "707929839", "price": 1.9274, "amount": 788.5, "side": "sell", "timestamp": 1765928978126}, {"id": "707929840", "price": 1.9275, "amount": 140.7, "side": "buy", "timestamp": 1765928979036}, {"id": "707929841", "price": 1.9275, "amount": 139.0, "side": "buy", "timestamp": 1765928979898}, {"id": "707929842", "price": 1.9275, "amount": 5.9, "side": "buy", "timestamp": 1765928980097}, {"id": "707929843", "price": 1.9274, "amount": 3.6, "side": "sell", "timestamp": 1765928982796}, {"id": "707929844", "price": 1.9274, "amount": 7388.4, "side": "sell", "timestamp": 1765928983140}, {"id": "707929845", "price": 1.9273, "amount": 2987.7, "side": "sell", "timestamp": 1765928983140}, {"id": "707929846", "price": 1.9274, "amount": 130.4, "side": "buy", "timestamp": 1765928983252}, {"id": "707929847", "price": 1.9273, "amount": 313.1, "side": "sell", "timestamp": 1765928984765}, {"id": "707929848", "price": 1.9273, "amount": 377.6, "side": "sell", "timestamp": 1765928985010}, {"id": "707929849", "price": 1.9273, "amount": 1047.5, "side": "sell", "timestamp": 1765928985294}, {"id": "707929850", "price": 1.9274, "amount": 2.7, "side": "buy", "timestamp": 1765928985619}, {"id": "707929851", "price": 1.9274, "amount": 49.8, "side": "buy", "timestamp": 1765928987138}, {"id": "707929852", "price": 1.9273, "amount": 4655.6, "side": "sell", "timestamp": 1765928987679}, {"id": "707929853", "price": 1.9273, "amount": 8.1, "side": "sell", "timestamp": 1765928988788}, {"id": "707929854", "price": 1.9273, "amount": 4246.2, "side": "sell", "timestamp": 1765928990363}, {"id": "707929855", "price": 1.9272, "amount": 203.7, "side": "sell", "timestamp": 1765928990415}, {"id": "707929856", "price": 1.9271, "amount": 352.2, "side": "sell", "timestamp": 1765928990573}, {"id": "707929857", "price": 1.927, "amount": 5082.4, "side": "sell", "timestamp": 1765928990837}, {"id": "707929858", "price": 1.9269, "amount": 6.0, "side": "sell", "timestamp": 1765928991426}, {"id": "707929859", "price": 1.9269, "amount": 4.9, "side": "sell", "timestamp": 1765928993842}, {"id": "707929860", "price": 1.927, "amount": 2.8, "side": "buy", "timestamp": 1765928994408}, {"id": "707929861", "price": 1.9269, "amount": 4.5, "side": "sell", "timestamp": 1765928994441}, {"id": "707929862", "price": 1.927, "amount": 6.1, "side": "buy", "timestamp": 1765928994759}, {"id": "707929863", "price": 1.9269, "amount": 6.4, "side": "sell", "timestamp": 1765928994772}, {"id": "707929864", "price": 1.9269, "amount": 6.3, "side": "sell", "timestamp": 1765928994876}, {"id": "707929865", "price": 1.9269, "amount": 4.3, "side": "sell", "timestamp": 1765928995731}, {"id": "707929866", "price": 1.9269, "amount": 15.8, "side": "sell", "timestamp": 1765928995874}, {"id": "707929867", "price": 1.9269, "amount": 2.8, "side": "sell", "timestamp": 1765928996857}, {"id": "707929868", "price": 1.927, "amount": 6688.7, "side": "buy", "timestamp": 1765928998571}, {"id": "707929869", "price": 1.9271, "amount": 7.7, "side": "buy", "timestamp": 1765928998968}, {"id": "707929870", "price": 1.927, "amount": 15.6, "side": "sell", "timestamp": 1765929000751}, {"id": "707929871", "price": 1.9271, "amount": 6037.1, "side": "buy", "timestamp": 1765929001616}, {"id": "707929872", "price": 1.9272, "amount": 3691.5, "side": "buy", "timestamp": 1765929001699}, {"id": "707929873", "price": 1.9273, "amount": 0.1, "side": "buy", "timestamp": 1765929003415}, {"id": "707929874", "price": 1.9272, "amount": 3.1, "side": "sell", "timestamp": 1765929004276}, {"id": "707929875", "price": 1.9273, "amount": 7.8, "side": "buy", "timestamp": 1765929004615}, {"id": "707929876", "price": 1.9272, "amount": 15.6, "side": "sell", "timestamp": 1765929005348}, {"id": "707929877", "price": 1.9273, "amount": 7.7, "side": "buy", "timestamp": 1765929005820}, {"id": "707929878", "price": 1.9272, "amount": 22.5, "side": "sell", "timestamp": 1765929006841}, {"id": "707929879", "price": 1.9273, "amount": 41.6, "side": "buy", "timestamp": 1765929006881}, {"id": "707929880", "price": 1.9272, "amount": 207.4, "side": "sell", "timestamp": 1765929007169}, {"id": "707929881", "price": 1.9273, "amount": 2299.8, "side": "buy", "timestamp": 1765929007600}, {"id": "707929882", "price": 1.9274, "amount": 282.6, "side": "buy", "timestamp": 1765929007608}, {"id": "707929883", "price": 1.9275, "amount": 1778.9, "side": "buy", "timestamp": 1765929007713}, {"id": "707929884", "price": 1.9276, "amount": 1977.7, "side": "buy", "timestamp": 1765929008646}, {"id": "707929885", "price": 1.9277, "amount": 228.3, "side": "buy", "timestamp": 1765929008646}, {"id": "707929886", "price": 1.9277, "amount": 3.2, "side": "sell", "timestamp": 1765929011411}, {"id": "707929917", "price": 1.9273, "amount": 6.3, "side": "buy", "timestamp": 1765929035442}, {"id": "707929918", "price": 1.9272, "amount": 180.5, "side": "sell", "timestamp": 1765929039366}, {"id": "707929919", "price": 1.9273, "amount": 0.4, "side": "buy", "timestamp": 1765929039489}, {"id": "707929920", "price": 1.9272, "amount": 20.6, "side": "sell", "timestamp": 1765929040029}, {"id": "707929921", "price": 1.9273, "amount": 0.7, "side": "buy", "timestamp": 1765929040968}, {"id": "707929922", "price": 1.9272, "amount": 91.7, "side": "sell", "timestamp": 1765929041002}, {"id": "707929923", "price": 1.9272, "amount": 5.7, "side": "sell", "timestamp": 1765929041649}, {"id": "707929924", "price": 1.9273, "amount": 3.0, "side": "buy", "timestamp": 1765929042123}, {"id": "707929925", "price": 1.9272, "amount": 1861.2, "side": "sell", "timestamp": 1765929043104}, {"id": "707929926", "price": 1.9272, "amount": 0.7, "side": "buy", "timestamp": 1765929043277}, {"id": "707929927", "price": 1.9271, "amount": 8.4, "side": "sell", "timestamp": 1765929044240}, {"id": "707929928", "price": 1.9271, "amount": 42.1, "side": "sell", "timestamp": 1765929046589}, {"id": "707929929", "price": 1.9272, "amount": 0.2, "side": "buy", "timestamp": 1765929049672}, {"id": "707929930", "price": 1.9272, "amount": 28.6, "side": "buy", "timestamp": 1765929050586}, {"id": "707929931", "price": 1.9272, "amount": 12.7, "side": "buy", "timestamp": 1765929050970}, {"id": "707929932", "price": 1.9271, "amount": 10.4, "side": "sell", "timestamp": 1765929052307}, {"id": "707929933", "price": 1.9272, "amount": 5.2, "side": "buy", "timestamp": 1765929053303}, {"id": "707929934", "price": 1.9272, "amount": 40.0, "side": "buy", "timestamp": 1765929053413}, {"id": "707929935", "price": 1.9272, "amount": 18.3, "side": "buy", "timestamp": 1765929053611}, {"id": "707929936", "price": 1.9271, "amount": 2767.3, "side": "sell", "timestamp": 1765929053733}, {"id": "707929937", "price": 1.9272, "amount": 1.7, "side": "buy", "timestamp": 1765929053789}, {"id": "707929938", "price": 1.9272, "amount": 28.6, "side": "buy", "timestamp": 1765929054008}, {"id": "707929939", "price": 1.9271, "amount": 1974.7, "side": "sell", "timestamp": 1765929055161}, {"id": "707929940", "price": 1.9271, "amount": 3.3, "side": "buy", "timestamp": 1765929055402}, {"id": "707929941", "price": 1.927, "amount": 103.7, "side": "sell", "timestamp": 1765929055437}, {"id": "707929942", "price": 1.9271, "amount": 3.1, "side": "buy", "timestamp": 1765929055439}, {"id": "707929943", "price": 1.927, "amount": 3205.5, "side": "sell", "timestamp": 1765929056412}, {"id": "707929944", "price": 1.927, "amount": 872.0, "side": "buy", "timestamp": 1765929056419}, {"id": "707929945", "price": 1.927, "amount": 25.9, "side": "buy", "timestamp": 1765929056935}, {"id": "707929946", "price": 1.9269, "amount": 4.0, "side": "sell", "timestamp": 1765929057463}, {"id": "707929947", "price": 1.927, "amount": 23.1, "side": "buy", "timestamp": 1765929057721}, {"id": "707929948", "price": 1.927, "amount": 7.6, "side": "buy", "timestamp": 1765929058662}, {"id": "707929949", "price": 1.927, "amount": 12.7, "side": "buy", "timestamp": 1765929058818}, {"id": "707929950", "price": 1.927, "amount": 0.8, "side": "buy", "timestamp": 1765929059381}, {"id": "707929951", "price": 1.9269, "amount": 109.9, "side": "sell", "timestamp": 1765929059678}, {"id": "707929952", "price": 1.927, "amount": 28.6, "side": "buy", "timestamp": 1765929059923}, {"id": "707929953", "price": 1.9269, "amount": 12.8, "side": "sell", "timestamp": 1765929060538}, {"id": "707929954", "price": 1.9269, "amount": 21.5, "side": "sell", "timestamp": 1765929061005}, {"id": "707929955", "price": 1.927, "amount": 20.7, "side": "buy", "timestamp": 1765929061112}, {"id": "707929956", "price": 1.927, "amount": 14.9, "side": "buy", "timestamp": 1765929061226}, {"id": "707929957", "price": 1.927, "amount": 15.0, "side": "buy", "timestamp": 1765929061343}, {"id": "707929958", "price": 1.927, "amount": 6.5, "side": "buy", "timestamp": 1765929061550}, {"id": "707929959", "price": 1.927, "amount": 8.6, "side": "buy", "timestamp": 1765929062194}, {"id": "707929960", "price": 1.9269, "amount": 3.4, "side": "sell", "timestamp": 1765929062319}, {"id": "707929961", "price": 1.9269, "amount": 202.7, "side": "sell", "timestamp": 1765929063653}, {"id": "707929962", "price": 1.927, "amount": 97.5, "side": "buy", "timestamp": 1765929063689}, {"id": "707929963", "price": 1.9269, "amount": 7.8, "side": "sell", "timestamp": 1765929063772}, {"id": "707929964", "price": 1.9269, "amount": 4.3, "side": "sell", "timestamp": 1765929064480}, {"id": "707929965", "price": 1.927, "amount": 14.6, "side": "buy", "timestamp": 1765929064521}, {"id": "707929966", "price": 1.927, "amount": 24.4, "side": "buy", "timestamp": 1765929064743}, {"id": "707930036", "price": 1.9275, "amount": 41.4, "side": "buy", "timestamp": 1765929098286}, {"id": "707930037", "price": 1.9274, "amount": 5.5, "side": "sell", "timestamp": 1765929098535}, {"id": "707930038", "price": 1.9275, "amount": 3.4, "side": "buy", "timestamp": 1765929099186}, {"id": "707930039", "price": 1.9274, "amount": 5.4, "side": "sell", "timestamp": 1765929099502}, {"id": "707930040", "price": 1.9274, "amount": 6.7, "side": "sell", "timestamp": 1765929100553}, {"id": "707930041", "price": 1.9275, "amount": 13.6, "side": "buy", "timestamp": 1765929101483}, {"id": "707930042", "price": 1.9274, "amount": 5.7, "side": "sell", "timestamp": 1765929101695}, {"id": "707930043", "price": 1.9274, "amount": 4.9, "side": "sell", "timestamp": 1765929102836}, {"id": "707930044", "price": 1.9274, "amount": 9.7, "side": "sell", "timestamp": 1765929103857}, {"id": "707930045", "price": 1.9275, "amount": 500.1, "side": "buy", "timestamp": 1765929103892}, {"id": "707930046", "price": 1.9275, "amount": 500.0, "side": "buy", "timestamp": 1765929104233}, {"id": "707930047", "price": 1.9275, "amount": 4.6, "side": "buy", "timestamp": 1765929104452}, {"id": "707930048", "price": 1.9275, "amount": 380.8, "side": "buy", "timestamp": 1765929104569}, {"id": "707930049", "price": 1.9274, "amount": 7.6, "side": "sell", "timestamp": 1765929104881}, {"id": "707930050", "price": 1.9275, "amount": 266.9, "side": "buy", "timestamp": 1765929104997}, {"id": "707930051", "price": 1.9275, "amount": 266.9, "side": "buy", "timestamp": 1765929105336}, {"id": "707930052", "price": 1.9275, "amount": 4.1, "side": "buy", "timestamp": 1765929105521}, {"id": "707930053", "price": 1.9274, "amount": 7.8, "side": "sell", "timestamp": 1765929105919}, {"id": "707930054", "price": 1.9275, "amount": 1269.4, "side": "buy", "timestamp": 1765929106396}, {"id": "707930055", "price": 1.9276, "amount": 1125.8, "side": "buy", "timestamp": 1765929106403}, {"id": "707930056", "price": 1.9276, "amount": 4.7, "side": "sell", "timestamp": 1765929106927}, {"id": "707930057", "price": 1.9277, "amount": 1.6, "side": "buy", "timestamp": 1765929107009}, {"id": "707930058", "price": 1.9277, "amount": 1556.4, "side": "buy", "timestamp": 1765929107134}, {"id": "707930059", "price": 1.9278, "amount": 218.3, "side": "buy", "timestamp": 1765929107344}, {"id": "707930060", "price": 1.9278, "amount": 8.1, "side": "sell", "timestamp": 1765929108027}, {"id": "707930061", "price": 1.9279, "amount": 3.8, "side": "buy", "timestamp": 1765929108329}, {"id": "707930062", "price": 1.9278, "amount": 8.7, "side": "sell", "timestamp": 1765929109082}, {"id": "707930063", "price": 1.9279, "amount": 14.9, "side": "buy", "timestamp": 1765929109083}, {"id": "707930064", "price": 1.9279, "amount": 3203.5, "side": "buy", "timestamp": 1765929109656}, {"id": "707930065", "price": 1.928, "amount": 6201.4, "side": "buy", "timestamp": 1765929109656}, {"id": "707930066", "price": 1.9281, "amount": 10037.0, "side": "buy", "timestamp": 1765929109656}, {"id": "707930067", "price": 1.9282, "amount": 13727.9, "side": "buy", "timestamp": 1765929109657}, {"id": "707930068", "price": 1.9283, "amount": 28965.1, "side": "buy", "timestamp": 1765929109657}, {"id": "707930069", "price": 1.9284, "amount": 15669.9, "side": "buy", "timestamp": 1765929109657}, {"id": "707930070", "price": 1.9283, "amount": 51.8, "side": "sell", "timestamp": 1765929109661}, {"id": "707930071", "price": 1.9283, "amount": 4.1, "side": "sell", "timestamp": 1765929110138}, {"id": "707930072", "price": 1.9283, "amount": 1259.1, "side": "sell", "timestamp": 1765929110786}, {"id": "707930073", "price": 1.9282, "amount": 11.3, "side": "sell", "timestamp": 1765929110893}, {"id": "707930074", "price": 1.9283, "amount": 539.1, "side": "buy", "timestamp": 1765929111196}, {"id": "707930075", "price": 1.9282, "amount": 10.4, "side": "sell", "timestamp": 1765929111199}, {"id": "707930076", "price": 1.9282, "amount": 4.4, "side": "sell", "timestamp": 1765929112358}, {"id": "707930077", "price": 1.9282, "amount": 5.3, "side": "sell", "timestamp": 1765929112486}, {"id": "707930078", "price": 1.9283, "amount": 35.0, "side": "buy", "timestamp": 1765929113070}, {"id": "707930079", "price": 1.9282, "amount": 12.0, "side": "sell", "timestamp": 1765929113557}, {"id": "707930080", "price": 1.9282, "amount": 7.4, "side": "sell", "timestamp": 1765929114527}, {"id": "707930081", "price": 1.9283, "amount": 61.0, "side": "buy", "timestamp": 1765929114704}, {"id": "707930082", "price": 1.9283, "amount": 3.4, "side": "buy", "timestamp": 1765929114962}, {"id": "707930083", "price": 1.9282, "amount": 0.4, "side": "sell", "timestamp": 1765929115543}, {"id": "707930084", "price": 1.9282, "amount": 21.2, "side": "sell", "timestamp": 1765929116485}, {"id": "707930085", "price": 1.9282, "amount": 0.5, "side": "sell", "timestamp": 1765929116772}, {"id": "707930142", "price": 1.9285, "amount": 204.1, "side": "sell", "timestamp": 1765929146352}, {"id": "707930143", "price": 1.9285, "amount": 21297.8, "side": "sell", "timestamp": 1765929146761}, {"id": "707930144", "price": 1.9285, "amount": 22.6, "side": "buy", "timestamp": 1765929147563}, {"id": "707930145", "price": 1.9284, "amount": 88.6, "side": "sell", "timestamp": 1765929147730}, {"id": "707930146", "price": 1.9285, "amount": 689.4, "side": "buy", "timestamp": 1765929148303}, {"id": "707930147", "price": 1.9285, "amount": 0.1, "side": "buy", "timestamp": 1765929148834}, {"id": "707930148", "price": 1.9285, "amount": 2.0, "side": "buy", "timestamp": 1765929149340}, {"id": "707930149", "price": 1.9285, "amount": 3.4, "side": "buy", "timestamp": 1765929151729}, {"id": "707930150", "price": 1.9285, "amount": 11.6, "side": "buy", "timestamp": 1765929152665}, {"id": "707930151", "price": 1.9284, "amount": 7.8, "side": "sell", "timestamp": 1765929152744}, {"id": "707930152", "price": 1.9285, "amount": 14.9, "side": "buy", "timestamp": 1765929154150}, {"id": "707930153", "price": 1.9285, "amount": 3.8, "side": "buy", "timestamp": 1765929154517}, {"id": "707930154", "price": 1.9285, "amount": 4.3, "side": "buy", "timestamp": 1765929154765}, {"id": "707930155", "price": 1.9284, "amount": 3.2, "side": "sell", "timestamp": 1765929155077}, {"id": "707930156", "price": 1.9284, "amount": 58.6, "side": "sell", "timestamp": 1765929155229}, {"id": "707930157", "price": 1.9284, "amount": 139.3, "side": "sell", "timestamp": 1765929155399}, {"id": "707930158", "price": 1.9285, "amount": 2.0, "side": "buy", "timestamp": 1765929156004}, {"id": "707930159", "price": 1.9284, "amount": 103.7, "side": "sell", "timestamp": 1765929156031}, {"id": "707930160", "price": 1.9285, "amount": 7.4, "side": "buy", "timestamp": 1765929156284}, {"id": "707930161", "price": 1.9285, "amount": 0.5, "side": "buy", "timestamp": 1765929156451}, {"id": "707930162", "price": 1.9284, "amount": 2228.5, "side": "sell", "timestamp": 1765929156784}, {"id": "707930163", "price": 1.9284, "amount": 3.2, "side": "buy", "timestamp": 1765929157583}, {"id": "707930164", "price": 1.9283, "amount": 3.2, "side": "sell", "timestamp": 1765929157722}, {"id": "707930165", "price": 1.9283, "amount": 10.3, "side": "sell", "timestamp": 1765929159405}, {"id": "707930166", "price": 1.9283, "amount": 6857.1, "side": "sell", "timestamp": 1765929159872}, {"id": "707930167", "price": 1.9282, "amount": 1403.5, "side": "sell", "timestamp": 1765929159951}, {"id": "707930168", "price": 1.9281, "amount": 3139.2, "side": "sell", "timestamp": 1765929159956}, {"id": "707930169", "price": 1.928, "amount": 2.4, "side": "sell", "timestamp": 1765929160042}, {"id": "707930170", "price": 1.9281, "amount": 4.7, "side": "buy", "timestamp": 1765929160052}, {"id": "707930171", "price": 1.928, "amount": 4143.0, "side": "sell", "timestamp": 1765929160132}, {"id": "707930172", "price": 1.9279, "amount": 2338.3, "side": "sell", "timestamp": 1765929160132}, {"id": "707930173", "price": 1.9279, "amount": 322.7, "side": "sell", "timestamp": 1765929160355}, {"id": "707930174", "price": 1.9278, "amount": 36.1, "side": "sell", "timestamp": 1765929160387}, {"id": "707930175", "price": 1.9278, "amount": 1.4, "side": "buy", "timestamp": 1765929160662}, {"id": "707930176", "price": 1.9278, "amount": 10658.9, "side": "buy", "timestamp": 1765929161250}, {"id": "707930177", "price": 1.9278, "amount": 41.5, "side": "buy", "timestamp": 1765929161419}, {"id": "707930178", "price": 1.9278, "amount": 15.5, "side": "buy", "timestamp": 1765929162417}, {"id": "707930179", "price": 1.9277, "amount": 162.4, "side": "sell", "timestamp": 1765929162986}, {"id": "707930180", "price": 1.9278, "amount": 2.2, "side": "buy", "timestamp": 1765929162992}, {"id": "707930181", "price": 1.9278, "amount": 42.5, "side": "buy", "timestamp": 1765929164316}, {"id": "707930182", "price": 1.9278, "amount": 7.7, "side": "buy", "timestamp": 1765929164972}, {"id": "707930183", "price": 1.9278, "amount": 3.0, "side": "buy", "timestamp": 1765929165220}, {"id": "707930184", "price": 1.9278, "amount": 6.5, "side": "buy", "timestamp": 1765929165329}, {"id": "707930185", "price": 1.9277, "amount": 6.2, "side": "sell", "timestamp": 1765929167707}, {"id": "707930186", "price": 1.9278, "amount": 21.7, "side": "buy", "timestamp": 1765929167863}, {"id": "707930187", "price": 1.9278, "amount": 3.1, "side": "buy", "timestamp": 1765929168669}, {"id": "707930188", "price": 1.9278, "amount": 3753.0, "side": "buy", "timestamp": 1765929168831}, {"id": "707930189", "price": 1.9278, "amount": 4.6, "side": "sell", "timestamp": 1765929169823}, {"id": "707930190", "price": 1.9279, "amount": 50.0, "side": "buy", "timestamp": 1765929170256}, {"id": "707930191", "price": 1.9278, "amount": 103.7, "side": "sell", "timestamp": 1765929170305}, {"id": "707930260", "price": 1.9284, "amount": 131.3, "side": "buy", "timestamp": 1765929205897}, {"id": "707930261", "price": 1.9284, "amount": 227.7, "side": "buy", "timestamp": 1765929206000}, {"id": "707930262", "price": 1.9284, "amount": 64.3, "side": "buy", "timestamp": 1765929206373}, {"id": "707930263", "price": 1.9284, "amount": 16.0, "side": "buy", "timestamp": 1765929206819}, {"id": "707930264", "price": 1.9284, "amount": 27.3, "side": "buy", "timestamp": 1765929209641}, {"id": "707930265", "price": 1.9283, "amount": 5.3, "side": "sell", "timestamp": 1765929209770}, {"id": "707930266", "price": 1.9283, "amount": 3.9, "side": "sell", "timestamp": 1765929210004}, {"id": "707930267", "price": 1.9284, "amount": 4.6, "side": "buy", "timestamp": 1765929210670}, {"id": "707930268", "price": 1.9283, "amount": 3.6, "side": "sell", "timestamp": 1765929210726}, {"id": "707930269", "price": 1.9283, "amount": 52.0, "side": "sell", "timestamp": 1765929211864}, {"id": "707930270", "price": 1.9284, "amount": 50.9, "side": "buy", "timestamp": 1765929211979}, {"id": "707930271", "price": 1.9283, "amount": 21.7, "side": "sell", "timestamp": 1765929212180}, {"id": "707930272", "price": 1.9284, "amount": 3.4, "side": "buy", "timestamp": 1765929212851}, {"id": "707930273", "price": 1.9284, "amount": 3.0, "side": "buy", "timestamp": 1765929214056}, {"id": "707930274", "price": 1.9284, "amount": 25.0, "side": "buy", "timestamp": 1765929214252}, {"id": "707930275", "price": 1.9283, "amount": 4.2, "side": "sell", "timestamp": 1765929214729}, {"id": "707930276", "price": 1.9283, "amount": 5.0, "side": "sell", "timestamp": 1765929215036}, {"id": "707930277", "price": 1.9284, "amount": 41.7, "side": "buy", "timestamp": 1765929215194}, {"id": "707930278", "price": 1.9284, "amount": 4.3, "side": "buy", "timestamp": 1765929215930}, {"id": "707930279", "price": 1.9283, "amount": 14.6, "side": "sell", "timestamp": 1765929216343}, {"id": "707930280", "price": 1.9284, "amount": 10.1, "side": "buy", "timestamp": 1765929216460}, {"id": "707930281", "price": 1.9284, "amount": 7272.5, "side": "buy", "timestamp": 1765929216973}, {"id": "707930282", "price": 1.9285, "amount": 1268.0, "side": "buy", "timestamp": 1765929216987}, {"id": "707930283", "price": 1.9286, "amount": 2176.4, "side": "buy", "timestamp": 1765929217016}, {"id": "707930284", "price": 1.9287, "amount": 6963.1, "side": "buy", "timestamp": 1765929217069}, {"id": "707930285", "price": 1.9288, "amount": 2609.2, "side": "buy", "timestamp": 1765929217146}, {"id": "707930286", "price": 1.9289, "amount": 1871.6, "side": "buy", "timestamp": 1765929217192}, {"id": "707930287", "price": 1.929, "amount": 2630.2, "side": "buy", "timestamp": 1765929217268}, {"id": "707930288", "price": 1.9291, "amount": 627.7, "side": "buy", "timestamp": 1765929217268}, {"id": "707930289", "price": 1.9292, "amount": 5186.2, "side": "buy", "timestamp": 1765929217270}, {"id": "707930290", "price": 1.9293, "amount": 1921.5, "side": "buy", "timestamp": 1765929217723}, {"id": "707930291", "price": 1.9294, "amount": 1878.0, "side": "buy", "timestamp": 1765929217905}, {"id": "707930292", "price": 1.9295, "amount": 357.3, "side": "buy", "timestamp": 1765929218021}, {"id": "707930293", "price": 1.9296, "amount": 459.8, "side": "buy", "timestamp": 1765929218021}, {"id": "707930294", "price": 1.9295, "amount": 703.1, "side": "sell", "timestamp": 1765929218245}, {"id": "707930295", "price": 1.9296, "amount": 19.8, "side": "buy", "timestamp": 1765929218599}, {"id": "707930296", "price": 1.9296, "amount": 36.2, "side": "buy", "timestamp": 1765929218886}, {"id": "707930297", "price": 1.9296, "amount": 8.1, "side": "buy", "timestamp": 1765929219016}, {"id": "707930298", "price": 1.9296, "amount": 2091.5, "side": "buy", "timestamp": 1765929219314}, {"id": "707930299", "price": 1.9297, "amount": 9133.9, "side": "buy", "timestamp": 1765929219329}, {"id": "707930300", "price": 1.9298, "amount": 1317.2, "side": "buy", "timestamp": 1765929219403}, {"id": "707930301", "price": 1.9298, "amount": 923.0, "side": "sell", "timestamp": 1765929219594}, {"id": "707930302", "price": 1.9299, "amount": 10.7, "side": "buy", "timestamp": 1765929219943}, {"id": "707930303", "price": 1.9299, "amount": 2.9, "side": "buy", "timestamp": 1765929220408}, {"id": "707930304", "price": 1.9298, "amount": 238.6, "side": "sell", "timestamp": 1765929220544}, {"id": "707930305", "price": 1.9297, "amount": 318.0, "side": "sell", "timestamp": 1765929220592}, {"id": "707930306", "price": 1.9296, "amount": 705.4, "side": "sell", "timestamp": 1765929220604}, {"id": "707930307", "price": 1.9296, "amount": 3.0, "side": "buy", "timestamp": 1765929220844}, {"id": "707930308", "price": 1.9296, "amount": 1.5, "side": "buy", "timestamp": 1765929221065}, {"id": "707930309", "price": 1.9296, "amount": 132.7, "side": "buy", "timestamp": 1765929222045}, {"id": "707930383", "price": 1.9299, "amount": 8806.5, "side": "sell", "timestamp": 1765929259040}, {"id": "707930384", "price": 1.93, "amount": 2320.0, "side": "buy", "timestamp": 1765929259040}, {"id": "707930385", "price": 1.9299, "amount": 1181.7, "side": "sell", "timestamp": 1765929259040}, {"id": "707930386", "price": 1.93, "amount": 6878.5, "side": "buy", "timestamp": 1765929259040}, {"id": "707930387", "price": 1.9301, "amount": 1890.2, "side": "buy", "timestamp": 1765929259040}, {"id": "707930388", "price": 1.9302, "amount": 2123.1, "side": "buy", "timestamp": 1765929259040}, {"id": "707930389", "price": 1.9299, "amount": 56.4, "side": "sell", "timestamp": 1765929259040}, {"id": "707930390", "price": 1.9301, "amount": 53.4, "side": "sell", "timestamp": 1765929259044}, {"id": "707930391", "price": 1.9302, "amount": 20.1, "side": "buy", "timestamp": 1765929259045}, {"id": "707930392", "price": 1.9301, "amount": 77.7, "side": "sell", "timestamp": 1765929259046}, {"id": "707930393", "price": 1.9302, "amount": 251.2, "side": "buy", "timestamp": 1765929259220}, {"id": "707930394", "price": 1.9302, "amount": 45.2, "side": "buy", "timestamp": 1765929259489}, {"id": "707930395", "price": 1.9302, "amount": 2.0, "side": "buy", "timestamp": 1765929259933}, {"id": "707930396", "price": 1.9302, "amount": 511.6, "side": "buy", "timestamp": 1765929260043}, {"id": "707930397", "price": 1.9301, "amount": 174.0, "side": "sell", "timestamp": 1765929260163}, {"id": "707930398", "price": 1.9301, "amount": 8.8, "side": "sell", "timestamp": 1765929260514}, {"id": "707930399", "price": 1.9302, "amount": 4.6, "side": "buy", "timestamp": 1765929260867}, {"id": "707930400", "price": 1.9302, "amount": 344.5, "side": "buy", "timestamp": 1765929261382}, {"id": "707930401", "price": 1.9301, "amount": 100.0, "side": "sell", "timestamp": 1765929261791}, {"id": "707930402", "price": 1.9301, "amount": 241.9, "side": "sell", "timestamp": 1765929262022}, {"id": "707930403", "price": 1.9301, "amount": 174.0, "side": "sell", "timestamp": 1765929262161}, {"id": "707930404", "price": 1.9302, "amount": 365.1, "side": "buy", "timestamp": 1765929262538}, {"id": "707930405", "price": 1.9302, "amount": 100.3, "side": "buy", "timestamp": 1765929263096}, {"id": "707930406", "price": 1.9301, "amount": 32.1, "side": "sell", "timestamp": 1765929263124}, {"id": "707930407", "price": 1.9301, "amount": 660.0, "side": "sell", "timestamp": 1765929263299}, {"id": "707930408", "price": 1.9301, "amount": 223.7, "side": "sell", "timestamp": 1765929264120}, {"id": "707930409", "price": 1.9301, "amount": 9034.0, "side": "sell", "timestamp": 1765929264267}, {"id": "707930410", "price": 1.93, "amount": 4930.8, "side": "sell", "timestamp": 1765929264551}, {"id": "707930411", "price": 1.93, "amount": 342.9, "side": "buy", "timestamp": 1765929265509}, {"id": "707930412", "price": 1.9299, "amount": 1240.0, "side": "sell", "timestamp": 1765929265890}, {"id": "707930413", "price": 1.9298, "amount": 148.5, "side": "sell", "timestamp": 1765929266000}, {"id": "707930414", "price": 1.9297, "amount": 174.0, "side": "sell", "timestamp": 1765929266165}, {"id": "707930415", "price": 1.9298, "amount": 51.8, "side": "buy", "timestamp": 1765929266502}, {"id": "707930416", "price": 1.9297, "amount": 3.2, "side": "sell", "timestamp": 1765929266598}, {"id": "707930417", "price": 1.9298, "amount": 82.4, "side": "buy", "timestamp": 1765929266695}, {"id": "707930418", "price": 1.9297, "amount": 5.8, "side": "sell", "timestamp": 1765929266767}, {"id": "707930419", "price": 1.9298, "amount": 50.0, "side": "buy", "timestamp": 1765929268188}, {"id": "707930420", "price": 1.9298, "amount": 6.5, "side": "buy", "timestamp": 1765929269188}, {"id": "707930421", "price": 1.9297, "amount": 77.6, "side": "sell", "timestamp": 1765929269812}, {"id": "707930422", "price": 1.9297, "amount": 29.9, "side": "sell", "timestamp": 1765929269923}, {"id": "707930423", "price": 1.9297, "amount": 52.1, "side": "sell", "timestamp": 1765929270051}, {"id": "707930424", "price": 1.9298, "amount": 2.6, "side": "buy", "timestamp": 1765929271287}, {"id": "707930425", "price": 1.9297, "amount": 25.9, "side": "sell", "timestamp": 1765929271441}, {"id": "707930426", "price": 1.9297, "amount": 371.4, "side": "sell", "timestamp": 1765929271706}, {"id": "707930427", "price": 1.9297, "amount": 7.3, "side": "sell", "timestamp": 1765929271867}, {"id": "707930428", "price": 1.9298, "amount": 3.4, "side": "buy", "timestamp": 1765929273988}, {"id": "707930429", "price": 1.9298, "amount": 804.0, "side": "buy", "timestamp": 1765929274524}, {"id": "707930430", "price": 1.9297, "amount": 21.6, "side": "sell", "timestamp": 1765929274646}, {"id": "707930431", "price": 1.9297, "amount": 58.0, "side": "sell", "timestamp": 1765929274844}, {"id": "707930432", "price": 1.9297, "amount": 94.7, "side": "sell", "timestamp": 1765929275024}, {"id": "707930544", "price": 1.9297, "amount": 2087.1, "side": "sell", "timestamp": 1765929314840}, {"id": "707930545", "price": 1.9297, "amount": 21.9, "side": "sell", "timestamp": 1765929315098}, {"id": "707930546", "price": 1.9298, "amount": 40.4, "side": "buy", "timestamp": 1765929315252}, {"id": "707930547", "price": 1.9298, "amount": 26.0, "side": "buy", "timestamp": 1765929316074}, {"id": "707930548", "price": 1.9297, "amount": 0.1, "side": "sell", "timestamp": 1765929316128}, {"id": "707930549", "price": 1.9298, "amount": 0.7, "side": "buy", "timestamp": 1765929316581}, {"id": "707930550", "price": 1.9297, "amount": 2.7, "side": "sell", "timestamp": 1765929316691}, {"id": "707930551", "price": 1.9297, "amount": 105.7, "side": "sell", "timestamp": 1765929316940}, {"id": "707930552", "price": 1.9297, "amount": 0.2, "side": "sell", "timestamp": 1765929317312}, {"id": "707930553", "price": 1.9298, "amount": 20.2, "side": "buy", "timestamp": 1765929318148}, {"id": "707930554", "price": 1.9297, "amount": 0.5, "side": "sell", "timestamp": 1765929318250}, {"id": "707930555", "price": 1.9298, "amount": 1.1, "side": "buy", "timestamp": 1765929318950}, {"id": "707930556", "price": 1.9298, "amount": 45.4, "side": "buy", "timestamp": 1765929319255}, {"id": "707930557", "price": 1.9297, "amount": 17.2, "side": "sell", "timestamp": 1765929319578}, {"id": "707930558", "price": 1.9298, "amount": 26.3, "side": "buy", "timestamp": 1765929319712}, {"id": "707930559", "price": 1.9297, "amount": 8.9, "side": "sell", "timestamp": 1765929319717}, {"id": "707930560", "price": 1.9298, "amount": 3.7, "side": "buy", "timestamp": 1765929319804}, {"id": "707930561", "price": 1.9297, "amount": 25.0, "side": "sell", "timestamp": 1765929319935}, {"id": "707930562", "price": 1.9297, "amount": 26.1, "side": "sell", "timestamp": 1765929320044}, {"id": "707930563", "price": 1.9297, "amount": 1.0, "side": "sell", "timestamp": 1765929320593}, {"id": "707930564", "price": 1.9298, "amount": 6.6, "side": "buy", "timestamp": 1765929320744}, {"id": "707930565", "price": 1.9297, "amount": 4.4, "side": "sell", "timestamp": 1765929320885}, {"id": "707930566", "price": 1.9297, "amount": 1.2, "side": "sell", "timestamp": 1765929321590}, {"id": "707930567", "price": 1.9298, "amount": 1425.9, "side": "buy", "timestamp": 1765929321778}, {"id": "707930568", "price": 1.9298, "amount": 3.7, "side": "buy", "timestamp": 1765929322167}, {"id": "707930569", "price": 1.9298, "amount": 0.5, "side": "buy", "timestamp": 1765929322583}, {"id": "707930570", "price": 1.9298, "amount": 1.5, "side": "buy", "timestamp": 1765929322737}, {"id": "707930571", "price": 1.9297, "amount": 2.0, "side": "sell", "timestamp": 1765929322789}, {"id": "707930572", "price": 1.9297, "amount": 39.8, "side": "sell", "timestamp": 1765929323059}, {"id": "707930573", "price": 1.9298, "amount": 3.0, "side": "buy", "timestamp": 1765929323788}, {"id": "707930574", "price": 1.9297, "amount": 1.2, "side": "sell", "timestamp": 1765929323799}, {"id": "707930575", "price": 1.9298, "amount": 30.8, "side": "buy", "timestamp": 1765929323835}, {"id": "707930576", "price": 1.9297, "amount": 35.9, "side": "sell", "timestamp": 1765929324889}, {"id": "707930577", "price": 1.9297, "amount": 24.0, "side": "sell", "timestamp": 1765929325004}, {"id": "707930578", "price": 1.9297, "amount": 3957.6, "side": "sell", "timestamp": 1765929325209}, {"id": "707930579", "price": 1.9296, "amount": 21111.1, "side": "sell", "timestamp": 1765929325211}, {"id": "707930580", "price": 1.9295, "amount": 2495.0, "side": "sell", "timestamp": 1765929325223}, {"id": "707930581", "price": 1.9294, "amount": 4560.4, "side": "sell", "timestamp": 1765929325227}, {"id": "707930582", "price": 1.9293, "amount": 1631.7, "side": "sell", "timestamp": 1765929325232}, {"id": "707930583", "price": 1.9292, "amount": 113.5, "side": "sell", "timestamp": 1765929325268}, {"id": "707930584", "price": 1.9291, "amount": 9593.1, "side": "sell", "timestamp": 1765929325271}, {"id": "707930585", "price": 1.9291, "amount": 18.3, "side": "buy", "timestamp": 1765929325315}, {"id": "707930586", "price": 1.9291, "amount": 4493.7, "side": "buy", "timestamp": 1765929325858}, {"id": "707930587", "price": 1.929, "amount": 1.8, "side": "sell", "timestamp": 1765929326139}, {"id": "707930588", "price": 1.9291, "amount": 3875.7, "side": "buy", "timestamp": 1765929326142}, {"id": "707930589", "price": 1.9292, "amount": 81.5, "side": "buy", "timestamp": 1765929326144}, {"id": "707930590", "price": 1.9293, "amount": 780.0, "side": "buy", "timestamp": 1765929326188}, {"id": "707930591", "price": 1.9293, "amount": 15.0, "side": "sell", "timestamp": 1765929326294}, {"id": "707930592", "price": 1.9293, "amount": 207.4, "side": "sell", "timestamp": 1765929326849}, {"id": "707930593", "price": 1.9293, "amount": 417.6, "side": "sell", "timestamp": 1765929327188}, {"id": "707930661", "price": 1.9293, "amount": 2.8, "side": "buy", "timestamp": 1765929359403}, {"id": "707930662", "price": 1.9293, "amount": 5.4, "side": "buy", "timestamp": 1765929359719}, {"id": "707930663", "price": 1.9293, "amount": 1.5, "side": "buy", "timestamp": 1765929360504}, {"id": "707930664", "price": 1.9292, "amount": 2900.2, "side": "sell", "timestamp": 1765929361057}, {"id": "707930665", "price": 1.9291, "amount": 1133.1, "side": "sell", "timestamp": 1765929361200}, {"id": "707930666", "price": 1.929, "amount": 318.7, "side": "sell", "timestamp": 1765929361257}, {"id": "707930667", "price": 1.9289, "amount": 2812.1, "side": "sell", "timestamp": 1765929361304}, {"id": "707930668", "price": 1.9289, "amount": 18.3, "side": "sell", "timestamp": 1765929361553}, {"id": "707930669", "price": 1.929, "amount": 25.5, "side": "buy", "timestamp": 1765929361631}, {"id": "707930670", "price": 1.9289, "amount": 2411.1, "side": "sell", "timestamp": 1765929361835}, {"id": "707930671", "price": 1.9289, "amount": 0.1, "side": "buy", "timestamp": 1765929362066}, {"id": "707930672", "price": 1.9289, "amount": 103.8, "side": "buy", "timestamp": 1765929362179}, {"id": "707930673", "price": 1.9288, "amount": 6011.3, "side": "sell", "timestamp": 1765929363052}, {"id": "707930674", "price": 1.9287, "amount": 3612.2, "side": "sell", "timestamp": 1765929363127}, {"id": "707930675", "price": 1.9286, "amount": 1557.9, "side": "sell", "timestamp": 1765929363223}, {"id": "707930676", "price": 1.9285, "amount": 2197.1, "side": "sell", "timestamp": 1765929363330}, {"id": "707930677", "price": 1.9285, "amount": 7.0, "side": "buy", "timestamp": 1765929363548}, {"id": "707930678", "price": 1.9284, "amount": 41.3, "side": "sell", "timestamp": 1765929364038}, {"id": "707930679", "price": 1.9285, "amount": 3.5, "side": "buy", "timestamp": 1765929364051}, {"id": "707930680", "price": 1.9285, "amount": 8.3, "side": "buy", "timestamp": 1765929364550}, {"id": "707930681", "price": 1.9284, "amount": 14.9, "side": "sell", "timestamp": 1765929364726}, {"id": "707930682", "price": 1.9285, "amount": 12.1, "side": "buy", "timestamp": 1765929364728}, {"id": "707930683", "price": 1.9285, "amount": 182.0, "side": "buy", "timestamp": 1765929364869}, {"id": "707930684", "price": 1.9285, "amount": 3130.2, "side": "buy", "timestamp": 1765929365374}, {"id": "707930685", "price": 1.9286, "amount": 1024.9, "side": "buy", "timestamp": 1765929365375}, {"id": "707930686", "price": 1.9287, "amount": 4993.4, "side": "buy", "timestamp": 1765929365378}, {"id": "707930687", "price": 1.9288, "amount": 5056.3, "side": "buy", "timestamp": 1765929365397}, {"id": "707930688", "price": 1.9289, "amount": 6.7, "side": "buy", "timestamp": 1765929365446}, {"id": "707930689", "price": 1.9288, "amount": 95.1, "side": "sell", "timestamp": 1765929365498}, {"id": "707930690", "price": 1.9289, "amount": 0.3, "side": "buy", "timestamp": 1765929365705}, {"id": "707930691", "price": 1.9288, "amount": 60.9, "side": "sell", "timestamp": 1765929365972}, {"id": "707930692", "price": 1.9288, "amount": 6805.9, "side": "sell", "timestamp": 1765929367693}, {"id": "707930693", "price": 1.9287, "amount": 313.3, "side": "sell", "timestamp": 1765929367693}, {"id": "707930694", "price": 1.9288, "amount": 0.2, "side": "buy", "timestamp": 1765929368082}, {"id": "707930695", "price": 1.9287, "amount": 120.5, "side": "sell", "timestamp": 1765929368310}, {"id": "707930696", "price": 1.9288, "amount": 175.3, "side": "buy", "timestamp": 1765929368365}, {"id": "707930697", "price": 1.9288, "amount": 2.8, "side": "buy", "timestamp": 1765929369959}, {"id": "707930698", "price": 1.9288, "amount": 3.8, "side": "buy", "timestamp": 1765929370461}, {"id": "707930699", "price": 1.9288, "amount": 2512.0, "side": "buy", "timestamp": 1765929370720}, {"id": "707930700", "price": 1.9289, "amount": 472.1, "side": "buy", "timestamp": 1765929370787}, {"id": "707930701", "price": 1.929, "amount": 2075.0, "side": "buy", "timestamp": 1765929372577}, {"id": "707930702", "price": 1.9291, "amount": 970.4, "side": "buy", "timestamp": 1765929372606}, {"id": "707930703", "price": 1.9292, "amount": 9.2, "side": "buy", "timestamp": 1765929373680}, {"id": "707930704", "price": 1.9292, "amount": 10.3, "side": "buy", "timestamp": 1765929374677}, {"id": "707930705", "price": 1.9291, "amount": 18.9, "side": "sell", "timestamp": 1765929375472}, {"id": "707930706", "price": 1.9291, "amount": 3650.9, "side": "sell", "timestamp": 1765929376980}, {"id": "707930707", "price": 1.9292, "amount": 1901.2, "side": "buy", "timestamp": 1765929377233}, {"id": "707930708", "price": 1.9292, "amount": 3.1, "side": "buy", "timestamp": 1765929378467}, {"id": "707930709", "price": 1.9292, "amount": 8.8, "side": "buy", "timestamp": 1765929378598}, {"id": "707930710", "price": 1.9292, "amount": 13.9, "side": "buy", "timestamp": 1765929380043}, {"id": "707930788", "price": 1.9295, "amount": 1408.7, "side": "buy", "timestamp": 1765929417241}, {"id": "707930789", "price": 1.9294, "amount": 6.9, "side": "sell", "timestamp": 1765929418804}, {"id": "707930790", "price": 1.9294, "amount": 678.7, "side": "sell", "timestamp": 1765929419004}, {"id": "707930791", "price": 1.9295, "amount": 613.0, "side": "buy", "timestamp": 1765929419008}, {"id": "707930792", "price": 1.9294, "amount": 1811.6, "side": "sell", "timestamp": 1765929419097}, {"id": "707930793", "price": 1.9294, "amount": 20.2, "side": "sell", "timestamp": 1765929419309}, {"id": "707930794", "price": 1.9295, "amount": 4.8, "side": "buy", "timestamp": 1765929419395}, {"id": "707930795", "price": 1.9294, "amount": 3211.2, "side": "sell", "timestamp": 1765929419679}, {"id": "707930796", "price": 1.9295, "amount": 107.0, "side": "buy", "timestamp": 1765929419885}, {"id": "707930797", "price": 1.9295, "amount": 4449.9, "side": "buy", "timestamp": 1765929420192}, {"id": "707930798", "price": 1.9296, "amount": 3531.5, "side": "buy", "timestamp": 1765929420193}, {"id": "707930799", "price": 1.9297, "amount": 716.9, "side": "buy", "timestamp": 1765929420193}, {"id": "707930800", "price": 1.9297, "amount": 14.1, "side": "buy", "timestamp": 1765929420434}, {"id": "707930801", "price": 1.9297, "amount": 2.3, "side": "buy", "timestamp": 1765929420551}, {"id": "707930802", "price": 1.9296, "amount": 3457.4, "side": "sell", "timestamp": 1765929420733}, {"id": "707930803", "price": 1.9296, "amount": 16.7, "side": "sell", "timestamp": 1765929421206}, {"id": "707930804", "price": 1.9296, "amount": 18.2, "side": "sell", "timestamp": 1765929421599}, {"id": "707930805", "price": 1.9296, "amount": 62679.9, "side": "sell", "timestamp": 1765929421776}, {"id": "707930806", "price": 1.9295, "amount": 6914.7, "side": "sell", "timestamp": 1765929421796}, {"id": "707930807", "price": 1.9294, "amount": 12099.5, "side": "sell", "timestamp": 1765929421796}, {"id": "707930808", "price": 1.9293, "amount": 1829.2, "side": "sell", "timestamp": 1765929421810}, {"id": "707930809", "price": 1.9294, "amount": 2592.6, "side": "buy", "timestamp": 1765929421839}, {"id": "707930810", "price": 1.9293, "amount": 2480.2, "side": "sell", "timestamp": 1765929421851}, {"id": "707930811", "price": 1.9292, "amount": 2465.2, "side": "sell", "timestamp": 1765929421887}, {"id": "707930812", "price": 1.9292, "amount": 16.9, "side": "buy", "timestamp": 1765929422058}, {"id": "707930813", "price": 1.9291, "amount": 594.7, "side": "sell", "timestamp": 1765929422062}, {"id": "707930814", "price": 1.929, "amount": 19.0, "side": "sell", "timestamp": 1765929422572}, {"id": "707930815", "price": 1.929, "amount": 1722.9, "side": "sell", "timestamp": 1765929422830}, {"id": "707930816", "price": 1.929, "amount": 26.8, "side": "sell", "timestamp": 1765929423003}, {"id": "707930817", "price": 1.9291, "amount": 10.6, "side": "buy", "timestamp": 1765929423382}, {"id": "707930818", "price": 1.9291, "amount": 12.6, "side": "buy", "timestamp": 1765929423598}, {"id": "707930819", "price": 1.9291, "amount": 73.5, "side": "buy", "timestamp": 1765929423758}, {"id": "707930820", "price": 1.929, "amount": 105.3, "side": "sell", "timestamp": 1765929423873}, {"id": "707930821", "price": 1.9291, "amount": 7.8, "side": "buy", "timestamp": 1765929424795}, {"id": "707930822", "price": 1.9291, "amount": 1.4, "side": "buy", "timestamp": 1765929425103}, {"id": "707930823", "price": 1.9291, "amount": 9.0, "side": "buy", "timestamp": 1765929425483}, {"id": "707930824", "price": 1.9291, "amount": 6.4, "side": "buy", "timestamp": 1765929425744}, {"id": "707930825", "price": 1.929, "amount": 25.2, "side": "sell", "timestamp": 1765929425783}, {"id": "707930826", "price": 1.929, "amount": 10.4, "side": "sell", "timestamp": 1765929427304}, {"id": "707930827", "price": 1.929, "amount": 50.9, "side": "sell", "timestamp": 1765929427780}, {"id": "707930828", "price": 1.9291, "amount": 1.2, "side": "buy", "timestamp": 1765929427957}, {"id": "707930829", "price": 1.9291, "amount": 316.5, "side": "buy", "timestamp": 1765929428764}, {"id": "707930830", "price": 1.929, "amount": 15.6, "side": "sell", "timestamp": 1765929429015}, {"id": "707930831", "price": 1.929, "amount": 47.6, "side": "sell", "timestamp": 1765929429842}, {"id": "707930832", "price": 1.929, "amount": 20.8, "side": "sell", "timestamp": 1765929430012}, {"id": "707930833", "price": 1.9291, "amount": 106.9, "side": "buy", "timestamp": 1765929431150}, {"id": "707930834", "price": 1.929, "amount": 3.2, "side": "sell", "timestamp": 1765929432347}, {"id": "707930835", "price": 1.9291, "amount": 4.3, "side": "buy", "timestamp": 1765929433175}, {"id": "707930836", "price": 1.929, "amount": 382.0, "side": "sell", "timestamp": 1765929433379}, {"id": "707930837", "price": 1.9291, "amount": 3.1, "side": "buy", "timestamp": 1765929433450}, {"id": "707930882", "price": 1.9287, "amount": 7.4, "side": "sell", "timestamp": 1765929459265}, {"id": "707930883", "price": 1.9287, "amount": 23.7, "side": "sell", "timestamp": 1765929459749}, {"id": "707930884", "price": 1.9287, "amount": 21.3, "side": "sell", "timestamp": 1765929459961}, {"id": "707930885", "price": 1.9287, "amount": 1091.0, "side": "sell", "timestamp": 1765929460783}, {"id": "707930886", "price": 1.9288, "amount": 2.8, "side": "buy", "timestamp": 1765929460903}, {"id": "707930887", "price": 1.9287, "amount": 103.6, "side": "sell", "timestamp": 1765929461066}, {"id": "707930888", "price": 1.9288, "amount": 16592.2, "side": "buy", "timestamp": 1765929461498}, {"id": "707930889", "price": 1.9289, "amount": 10945.3, "side": "buy", "timestamp": 1765929461498}, {"id": "707930890", "price": 1.9289, "amount": 390.0, "side": "buy", "timestamp": 1765929461676}, {"id": "707930891", "price": 1.929, "amount": 0.7, "side": "buy", "timestamp": 1765929462609}, {"id": "707930892", "price": 1.929, "amount": 1.9, "side": "buy", "timestamp": 1765929464194}, {"id": "707930893", "price": 1.929, "amount": 78.1, "side": "buy", "timestamp": 1765929464640}, {"id": "707930894", "price": 1.929, "amount": 66.7, "side": "buy", "timestamp": 1765929465224}, {"id": "707930895", "price": 1.929, "amount": 51.8, "side": "buy", "timestamp": 1765929465761}, {"id": "707930896", "price": 1.929, "amount": 168.2, "side": "buy", "timestamp": 1765929465941}, {"id": "707930897", "price": 1.929, "amount": 2592.0, "side": "buy", "timestamp": 1765929466944}, {"id": "707930898", "price": 1.929, "amount": 7.6, "side": "buy", "timestamp": 1765929467626}, {"id": "707930899", "price": 1.929, "amount": 26.0, "side": "buy", "timestamp": 1765929468858}, {"id": "707930900", "price": 1.929, "amount": 42.1, "side": "buy", "timestamp": 1765929469781}, {"id": "707930901", "price": 1.929, "amount": 1.1, "side": "buy", "timestamp": 1765929470912}, {"id": "707930902", "price": 1.929, "amount": 4.3, "side": "buy", "timestamp": 1765929471893}, {"id": "707930903", "price": 1.929, "amount": 4.5, "side": "buy", "timestamp": 1765929472155}, {"id": "707930904", "price": 1.929, "amount": 2.7, "side": "buy", "timestamp": 1765929473478}, {"id": "707930905", "price": 1.9289, "amount": 1120.7, "side": "sell", "timestamp": 1765929473529}, {"id": "707930906", "price": 1.9289, "amount": 5.8, "side": "sell", "timestamp": 1765929473648}, {"id": "707930907", "price": 1.929, "amount": 14.9, "side": "buy", "timestamp": 1765929473708}, {"id": "707930908", "price": 1.929, "amount": 30.6, "side": "buy", "timestamp": 1765929473820}, {"id": "707930909", "price": 1.9289, "amount": 11.5, "side": "sell", "timestamp": 1765929474175}, {"id": "707930910", "price": 1.9289, "amount": 5005.0, "side": "sell", "timestamp": 1765929475862}, {"id": "707930911", "price": 1.9288, "amount": 531.2, "side": "sell", "timestamp": 1765929475895}, {"id": "707930912", "price": 1.9287, "amount": 324.5, "side": "sell", "timestamp": 1765929476020}, {"id": "707930913", "price": 1.9286, "amount": 21.0, "side": "sell", "timestamp": 1765929476801}, {"id": "707930914", "price": 1.9286, "amount": 253.8, "side": "sell", "timestamp": 1765929477333}, {"id": "707930915", "price": 1.9285, "amount": 2479.8, "side": "sell", "timestamp": 1765929477343}, {"id": "707930916", "price": 1.9285, "amount": 4.3, "side": "buy", "timestamp": 1765929477999}, {"id": "707930917", "price": 1.9285, "amount": 83.2, "side": "buy", "timestamp": 1765929478776}, {"id": "707930918", "price": 1.9284, "amount": 451.6, "side": "sell", "timestamp": 1765929479193}, {"id": "707930919", "price": 1.9285, "amount": 4.8, "side": "buy", "timestamp": 1765929479624}, {"id": "707930920", "price": 1.9285, "amount": 25.0, "side": "buy", "timestamp": 1765929479930}, {"id": "707930921", "price": 1.9284, "amount": 5.2, "side": "sell", "timestamp": 1765929481122}, {"id": "707930922", "price": 1.9285, "amount": 1.5, "side": "buy", "timestamp": 1765929481859}, {"id": "707930923", "price": 1.9284, "amount": 120.0, "side": "sell", "timestamp": 1765929481950}, {"id": "707930924", "price": 1.9285, "amount": 2.2, "side": "buy", "timestamp": 1765929482180}, {"id": "707930925", "price": 1.9285, "amount": 2076.5, "side": "buy", "timestamp": 1765929482831}, {"id": "707930926", "price": 1.9286, "amount": 24.7, "side": "buy", "timestamp": 1765929482834}, {"id": "707930927", "price": 1.9287, "amount": 28.9, "side": "buy", "timestamp": 1765929483031}, {"id": "707930928", "price": 1.9287, "amount": 2.7, "side": "buy", "timestamp": 1765929483214}, {"id": "707930929", "price": 1.9286, "amount": 7.0, "side": "sell", "timestamp": 1765929483580}, {"id": "707930930", "price": 1.9287, "amount": 24.0, "side": "buy", "timestamp": 1765929484981}, {"id": "707930931", "price": 1.9287, "amount": 19.1, "side": "buy", "timestamp": 1765929485805}, {"id": "707930977", "price": 1.9294, "amount": 10802.1, "side": "sell", "timestamp": 1765929515414}, {"id": "707930978", "price": 1.9295, "amount": 3.4, "side": "buy", "timestamp": 1765929515774}, {"id": "707930979", "price": 1.9295, "amount": 2.2, "side": "buy", "timestamp": 1765929517990}, {"id": "707930980", "price": 1.9295, "amount": 2.3, "side": "buy", "timestamp": 1765929518528}, {"id": "707930981", "price": 1.9294, "amount": 8.2, "side": "sell", "timestamp": 1765929519736}, {"id": "707930982", "price": 1.9294, "amount": 23.1, "side": "sell", "timestamp": 1765929519883}, {"id": "707930983", "price": 1.9294, "amount": 22.3, "side": "sell", "timestamp": 1765929520064}, {"id": "707930984", "price": 1.9295, "amount": 2384.5, "side": "buy", "timestamp": 1765929520173}, {"id": "707930985", "price": 1.9294, "amount": 25.6, "side": "sell", "timestamp": 1765929520419}, {"id": "707930986", "price": 1.9295, "amount": 2.2, "side": "buy", "timestamp": 1765929520497}, {"id": "707930987", "price": 1.9294, "amount": 56.7, "side": "sell", "timestamp": 1765929520860}, {"id": "707930988", "price": 1.9295, "amount": 1.7, "side": "buy", "timestamp": 1765929521949}, {"id": "707930989", "price": 1.9295, "amount": 2.8, "side": "buy", "timestamp": 1765929522517}, {"id": "707930990", "price": 1.9295, "amount": 1307.8, "side": "buy", "timestamp": 1765929524041}, {"id": "707930991", "price": 1.9296, "amount": 106.2, "side": "buy", "timestamp": 1765929524051}, {"id": "707930992", "price": 1.9297, "amount": 3441.5, "side": "buy", "timestamp": 1765929524142}, {"id": "707930993", "price": 1.9298, "amount": 0.9, "side": "buy", "timestamp": 1765929524299}, {"id": "707930994", "price": 1.9298, "amount": 0.6, "side": "buy", "timestamp": 1765929524504}, {"id": "707930995", "price": 1.9297, "amount": 161.8, "side": "sell", "timestamp": 1765929524789}, {"id": "707930996", "price": 1.9298, "amount": 2.5, "side": "buy", "timestamp": 1765929525681}, {"id": "707930997", "price": 1.9298, "amount": 137.8, "side": "buy", "timestamp": 1765929525941}, {"id": "707930998", "price": 1.9298, "amount": 193.9, "side": "buy", "timestamp": 1765929526593}, {"id": "707930999", "price": 1.9298, "amount": 5.0, "side": "sell", "timestamp": 1765929527421}, {"id": "707931000", "price": 1.9298, "amount": 3477.1, "side": "sell", "timestamp": 1765929527681}, {"id": "707931001", "price": 1.9299, "amount": 90.0, "side": "buy", "timestamp": 1765929527804}, {"id": "707931002", "price": 1.9299, "amount": 7.7, "side": "buy", "timestamp": 1765929527968}, {"id": "707931003", "price": 1.9299, "amount": 11.7, "side": "buy", "timestamp": 1765929528288}, {"id": "707931004", "price": 1.9298, "amount": 3009.6, "side": "sell", "timestamp": 1765929528733}, {"id": "707931005", "price": 1.9299, "amount": 1.5, "side": "buy", "timestamp": 1765929528954}, {"id": "707931006", "price": 1.9299, "amount": 4.2, "side": "buy", "timestamp": 1765929529550}, {"id": "707931007", "price": 1.9298, "amount": 3330.2, "side": "sell", "timestamp": 1765929529787}, {"id": "707931008", "price": 1.9298, "amount": 1502.1, "side": "sell", "timestamp": 1765929530217}, {"id": "707931009", "price": 1.9297, "amount": 218.1, "side": "sell", "timestamp": 1765929530722}, {"id": "707931010", "price": 1.9297, "amount": 1221.4, "side": "sell", "timestamp": 1765929530834}, {"id": "707931011", "price": 1.9298, "amount": 1.4, "side": "buy", "timestamp": 1765929530916}, {"id": "707931012", "price": 1.9297, "amount": 332.0, "side": "sell", "timestamp": 1765929530979}, {"id": "707931013", "price": 1.9298, "amount": 3.4, "side": "buy", "timestamp": 1765929531031}, {"id": "707931014", "price": 1.9298, "amount": 6.0, "side": "buy", "timestamp": 1765929531177}, {"id": "707931015", "price": 1.9297, "amount": 309.7, "side": "sell", "timestamp": 1765929531196}, {"id": "707931016", "price": 1.9298, "amount": 25.6, "side": "buy", "timestamp": 1765929531441}, {"id": "707931017", "price": 1.9297, "amount": 139.2, "side": "sell", "timestamp": 1765929532887}, {"id": "707931018", "price": 1.9297, "amount": 8.4, "side": "sell", "timestamp": 1765929533236}, {"id": "707931019", "price": 1.9298, "amount": 103.6, "side": "buy", "timestamp": 1765929533636}, {"id": "707931020", "price": 1.9298, "amount": 33.0, "side": "buy", "timestamp": 1765929533791}, {"id": "707931021", "price": 1.9298, "amount": 39.4, "side": "buy", "timestamp": 1765929535894}, {"id": "707931022", "price": 1.9297, "amount": 7349.2, "side": "sell", "timestamp": 1765929536017}, {"id": "707931023", "price": 1.9296, "amount": 27.2, "side": "sell", "timestamp": 1765929536042}, {"id": "707931024", "price": 1.9295, "amount": 777.7, "side": "sell", "timestamp": 1765929536366}, {"id": "707931025", "price": 1.9295, "amount": 51.8, "side": "buy", "timestamp": 1765929536974}, {"id": "707931026", "price": 1.9295, "amount": 0.3, "side": "buy", "timestamp": 1765929537086}, {"id": "707931071", "price": 1.9288, "amount": 4824.9, "side": "sell", "timestamp": 1765929560677}, {"id": "707931072", "price": 1.9288, "amount": 0.4, "side": "buy", "timestamp": 1765929561461}, {"id": "707931073", "price": 1.9287, "amount": 248.0, "side": "sell", "timestamp": 1765929563386}, {"id": "707931074", "price": 1.9288, "amount": 1.8, "side": "buy", "timestamp": 1765929563558}, {"id": "707931075", "price": 1.9287, "amount": 2697.2, "side": "sell", "timestamp": 1765929563676}, {"id": "707931076", "price": 1.9288, "amount": 96.2, "side": "buy", "timestamp": 1765929563773}, {"id": "707931077", "price": 1.9288, "amount": 2.1, "side": "buy", "timestamp": 1765929564101}, {"id": "707931078", "price": 1.9288, "amount": 2.3, "side": "buy", "timestamp": 1765929564595}, {"id": "707931079", "price": 1.9287, "amount": 2020.4, "side": "sell", "timestamp": 1765929564704}, {"id": "707931080", "price": 1.9287, "amount": 19.2, "side": "sell", "timestamp": 1765929564840}, {"id": "707931081", "price": 1.9287, "amount": 14.3, "side": "sell", "timestamp": 1765929564987}, {"id": "707931082", "price": 1.9288, "amount": 0.4, "side": "buy", "timestamp": 1765929565054}, {"id": "707931083", "price": 1.9287, "amount": 400.0, "side": "sell", "timestamp": 1765929565203}, {"id": "707931084", "price": 1.9287, "amount": 4518.3, "side": "sell", "timestamp": 1765929565957}, {"id": "707931085", "price": 1.9287, "amount": 203.5, "side": "buy", "timestamp": 1765929566004}, {"id": "707931086", "price": 1.9287, "amount": 0.9, "side": "buy", "timestamp": 1765929566483}, {"id": "707931087", "price": 1.9287, "amount": 5.6, "side": "buy", "timestamp": 1765929567186}, {"id": "707931088", "price": 1.9286, "amount": 217.7, "side": "sell", "timestamp": 1765929569717}, {"id": "707931089", "price": 1.9287, "amount": 5.5, "side": "buy", "timestamp": 1765929569961}, {"id": "707931090", "price": 1.9286, "amount": 20.4, "side": "sell", "timestamp": 1765929569981}, {"id": "707931091", "price": 1.9287, "amount": 10.5, "side": "buy", "timestamp": 1765929570809}, {"id": "707931092", "price": 1.9286, "amount": 787.4, "side": "sell", "timestamp": 1765929570813}, {"id": "707931093", "price": 1.9287, "amount": 2.4, "side": "buy", "timestamp": 1765929571812}, {"id": "707931094", "price": 1.9286, "amount": 215.4, "side": "sell", "timestamp": 1765929572106}, {"id": "707931095", "price": 1.9287, "amount": 5.3, "side": "buy", "timestamp": 1765929572411}, {"id": "707931096", "price": 1.9286, "amount": 3.6, "side": "sell", "timestamp": 1765929572663}, {"id": "707931097", "price": 1.9287, "amount": 7.2, "side": "buy", "timestamp": 1765929573613}, {"id": "707931098", "price": 1.9287, "amount": 518.4, "side": "buy", "timestamp": 1765929573844}, {"id": "707931099", "price": 1.9286, "amount": 66.8, "side": "sell", "timestamp": 1765929574821}, {"id": "707931100", "price": 1.9286, "amount": 18.9, "side": "sell", "timestamp": 1765929574936}, {"id": "707931101", "price": 1.9287, "amount": 4.6, "side": "buy", "timestamp": 1765929578280}, {"id": "707931102", "price": 1.9287, "amount": 4.2, "side": "buy", "timestamp": 1765929579736}, {"id": "707931103", "price": 1.9286, "amount": 14.9, "side": "sell", "timestamp": 1765929579742}, {"id": "707931104", "price": 1.9286, "amount": 224.8, "side": "sell", "timestamp": 1765929579851}, {"id": "707931105", "price": 1.9286, "amount": 67.8, "side": "sell", "timestamp": 1765929579985}, {"id": "707931106", "price": 1.9287, "amount": 6.4, "side": "buy", "timestamp": 1765929581625}, {"id": "707931107", "price": 1.9286, "amount": 88.5, "side": "sell", "timestamp": 1765929582140}, {"id": "707931108", "price": 1.9286, "amount": 2.7, "side": "sell", "timestamp": 1765929582657}, {"id": "707931109", "price": 1.9287, "amount": 2840.8, "side": "buy", "timestamp": 1765929583640}, {"id": "707931110", "price": 1.9286, "amount": 7190.1, "side": "sell", "timestamp": 1765929583660}, {"id": "707931111", "price": 1.9286, "amount": 28.2, "side": "sell", "timestamp": 1765929584676}, {"id": "707931112", "price": 1.9286, "amount": 52.4, "side": "sell", "timestamp": 1765929584872}, {"id": "707931113", "price": 1.9286, "amount": 9.4, "side": "sell", "timestamp": 1765929585073}, {"id": "707931114", "price": 1.9287, "amount": 0.7, "side": "buy", "timestamp": 1765929585400}, {"id": "707931115", "price": 1.9287, "amount": 1.3, "side": "buy", "timestamp": 1765929586755}, {"id": "707931116", "price": 1.9286, "amount": 3.0, "side": "sell", "timestamp": 1765929586858}, {"id": "707931117", "price": 1.9287, "amount": 11986.6, "side": "buy", "timestamp": 1765929587005}, {"id": "707931118", "price": 1.9288, "amount": 218.4, "side": "buy", "timestamp": 1765929588815}, {"id": "707931119", "price": 1.9287, "amount": 11.1, "side": "sell", "timestamp": 1765929590462}, {"id": "707931120", "price": 1.9287, "amount": 10.6, "side": "sell", "timestamp": 1765929590635}]