[{"symbol": "SOLUSDT", "bids": [[127.84, 460.52], [127.83, 1381.37], [127.82, 985.21], [127.81, 1282.69], [127.8, 2344.56], [127.79, 2099.02], [127.78, 1319.31], [127.77, 1799.75], [127.76, 1162.88], [127.75, 1361.2], [127.74, 1450.76], [127.73, 1026.41], [127.72, 1217.46], [127.71, 1741.2], [127.7, 3206.46], [127.69, 978.72], [127.68, 1274.79], [127.67, 2918.28], [127.66, 858.09], [127.65, 2087.68]], "asks": [[127.85, 457.54], [127.86, 420.73], [127.87, 857.9], [127.88, 1302.15], [127.89, 1914.87], [127.9, 1787.36], [127.91, 730.45], [127.92, 986.5], [127.93, 903.98], [127.94, 1253.26], [127.95, 666.59], [127.96, 1296.0], [127.97, 1464.69], [127.98, 1446.57], [127.99, 1861.29], [128.0, 5129.5], [128.01, 1202.22], [128.02, 1949.08], [128.03, 715.41], [128.04, 885.86]], "timestamp": "2025-12-17T06:04:58.751956+00:00"}, {"symbol": "SOLUSDT", "bids": [[127.65, 39.68], [127.64, 127.99], [127.63, 1145.52], [127.62, 1267.26], [127.61, 1943.03], [127.6, 1244.97], [127.59, 1129.06], [127.58, 851.68], [127.57, 1018.55], [127.56, 1187.35], [127.55, 1051.49], [127.54, 1043.02], [127.53, 923.68], [127.52, 1616.17], [127.51, 2358.13], [127.5, 1223.94], [127.49, 1400.31], [127.48, 4503.9], [127.47, 625.71], [127.46, 737.64]], "asks": [[127.66, 1716.34], [127.67, 1475.37], [127.68, 1337.93], [127.69, 1942.66], [127.7, 2056.48], [127.71, 935.36], [127.72, 2102.7], [127.73, 1957.79], [127.74, 1782.92], [127.75, 2159.59], [127.76, 1614.74], [127.77, 1071.72], [127.78, 1667.31], [127.79, 1790.62], [127.8, 2527.06], [127.81, 3264.81], [127.82, 1053.8], [127.83, 502.82], [127.84, 1066.05], [127.85, 1044.13]], "timestamp": "2025-12-17T06:05:50.708861+00:00"}, {"symbol": "SOLUSDT", "bids": [[127.52, 881.53], [127.51, 1043.92], [127.5, 1933.42], [127.49, 1662.46], [127.48, 1372.15], [127.47, 783.69], [127.46, 899.56], [127.45, 947.04], [127.44, 1023.91], [127.43, 1187.84], [127.42, 1184.41], [127.41, 1623.52], [127.4, 1317.19], [127.39, 1460.44], [127.38, 3586.45], [127.37, 721.54], [127.36, 1156.6], [127.35, 3941.58], [127.34, 1113.61], [127.33, 1568.17]], "asks": [[127.53, 558.24], [127.54, 958.46], [127.55, 1681.68], [127.56, 1725.82], [127.57, 2698.27], [127.58, 1165.09], [127.59, 1815.06], [127.6, 2135.05], [127.61, 2365.27], [127.62, 1810.7], [127.63, 2141.31], [127.64, 832.19], [127.65, 1327.28], [127.66, 1458.0], [127.67, 1396.38], [127.68, 3558.56], [127.69, 1691.25], [127.7, 987.11], [127.71, 606.35], [127.72, 1180.77]], "timestamp": "2025-12-17T06:06:44.234903+00:00"}, {"symbol": "SOLUSDT", "bids": [[127.55, 1731.66], [127.54, 1400.37], [127.53, 1766.82], [127.52, 1814.74], [127.51, 2239.58], [127.5, 2568.24], [127.49, 934.16], [127.48, 867.52], [127.47, 1012.2], [127.46, 1723.16], [127.45, 1131.67], [127.44, 818.53], [127.43, 1060.95], [127.42, 1312.36], [127.41, 2425.08], [127.4, 3171.47], [127.39, 1096.15], [127.38, 3264.03], [127.37, 880.08], [127.36, 762.13]], "asks": [[127.56, 382.42], [127.57, 280.86], [127.58, 940.28], [127.59, 1035.22], [127.6, 1839.13], [127.61, 1623.68], [127.62, 1778.84], [127.63, 1903.88], [127.64, 2163.93], [127.65, 1067.07], [127.66, 2098.11], [127.67, 1009.44], [127.68, 1829.67], [127.69, 1808.16], [127.7, 1387.74], [127.71, 2883.64], [127.72, 2143.98], [127.73, 2434.93], [127.74, 732.96], [127.75, 1373.67]], "timestamp": "2025-12-17T06:07:36.240072+00:00"}, {"symbol": "SOLUSDT", "bids": [[127.57, 1179.13], [127.56, 738.78], [127.55, 1756.0], [127.54, 1810.98], [127.53, 2699.81], [127.52, 1440.4], [127.51, 1760.11], [127.5, 1730.72], [127.49, 843.08], [127.48, 1076.13], [127.47, 956.37], [127.46, 1195.88], [127.45, 1473.63], [127.44, 1685.53], [127.43, 1387.35], [127.42, 2648.16], [127.41, 1548.39], [127.4, 3910.25], [127.39, 2188.37], [127.38, 1310.04]], "asks": [[127.58, 847.57], [127.59, 508.78], [127.6, 1480.7], [127.61, 1500.73], [127.62, 1215.23], [127.63, 1540.1], [127.64, 1582.62], [127.65, 1746.84], [127.66, 2226.33], [127.67, 880.8], [127.68, 1714.68], [127.69, 1752.69], [127.7, 1791.09], [127.71, 1433.99], [127.72, 1418.33], [127.73, 3147.59], [127.74, 952.89], [127.75, 2588.45], [127.76, 1554.75], [127.77, 691.98]], "timestamp": "2025-12-17T06:08:28.346460+00:00"}, {"symbol": "SOLUSDT", "bids": [[127.64, 388.69], [127.63, 367.8], [127.62, 1295.03], [127.61, 1100.54], [127.6, 2314.32], [127.59, 1559.51], [127.58, 1322.41], [127.57, 760.24], [127.56, 946.65], [127.55, 1221.43], [127.54, 1148.22], [127.53, 738.07], [127.52, 1051.02], [127.51, 1733.64], [127.5, 3133.98], [127.49, 893.65], [127.48, 1849.68], [127.47, 2786.06], [127.46, 1187.59], [127.45, 1682.12]], "asks": [[127.65, 1754.11], [127.66, 1109.88], [127.67, 1295.73], [127.68, 1404.77], [127.69, 2031.44], [127.7, 1386.42], [127.71, 1048.84], [127.72, 1704.33], [127.73, 1596.43], [127.74, 1304.91], [127.75, 1953.11], [127.76, 2132.55], [127.77, 918.21], [127.78, 1681.96], [127.79, 2660.78], [127.8, 3282.85], [127.81, 957.43], [127.82, 2607.29], [127.83, 666.07], [127.84, 894.54]], "timestamp": "2025-12-17T06:09:20.045840+00:00"}, {"symbol": "SOLUSDT", "bids": [[127.79, 625.99], [127.78, 890.23], [127.77, 2085.97], [127.76, 1827.72], [127.75, 1597.46], [127.74, 1303.1], [127.73, 1081.8], [127.72, 1076.73], [127.71, 1150.24], [127.7, 1241.07], [127.69, 907.75], [127.68, 1073.75], [127.67, 927.94], [127.66, 1104.68], [127.65, 1091.45], [127.64, 1378.71], [127.63, 2853.21], [127.62, 3767.71], [127.61, 3193.35], [127.6, 1488.48]], "asks": [[127.8, 535.7], [127.81, 181.18], [127.82, 940.23], [127.83, 2045.76], [127.84, 2158.44], [127.85, 1714.53], [127.86, 1117.03], [127.87, 1204.02], [127.88, 1670.47], [127.89, 1522.72], [127.9, 1034.66], [127.91, 800.25], [127.92, 1221.01], [127.93, 1219.55], [127.94, 1445.68], [127.95, 2351.65], [127.96, 1168.66], [127.97, 1865.93], [127.98, 1924.56], [127.99, 1315.41]], "timestamp": "2025-12-17T06:10:11.681843+00:00"}, {"symbol": "SOLUSDT", "bids": [[127.74, 1674.41], [127.73, 980.3], [127.72, 1402.69], [127.71, 1137.93], [127.7, 2136.67], [127.69, 1076.17], [127.68, 2182.44], [127.67, 1416.01], [127.66, 1332.96], [127.65, 1260.37], [127.64, 1309.78], [127.63, 1214.49], [127.62, 1501.97], [127.61, 1011.29], [127.6, 1395.82], [127.59, 2642.92], [127.58, 2158.73], [127.57, 1058.73], [127.56, 2965.58], [127.55, 1122.22]], "asks": [[127.75, 598.03], [127.76, 418.3], [127.77, 1104.12], [127.78, 1398.98], [127.79, 1607.23], [127.8, 2001.45], [127.81, 1757.49], [127.82, 1739.21], [127.83, 1194.91], [127.84, 855.74], [127.85, 1466.23], [127.86, 979.0], [127.87, 2066.08], [127.88, 1183.34], [127.89, 1161.76], [127.9, 2432.43], [127.91, 786.71], [127.92, 2382.47], [127.93, 739.24], [127.94, 1105.18]], "timestamp": "2025-12-17T06:11:03.836228+00:00"}, {"symbol": "SOLUSDT", "bids": [[127.87, 5.76], [127.86, 54.99], [127.85, 825.66], [127.84, 2034.29], [127.83, 1938.39], [127.82, 1677.18], [127.81, 1448.09], [127.8, 1214.79], [127.79, 1387.18], [127.78, 909.5], [127.77, 1408.55], [127.76, 1095.38], [127.75, 1020.91], [127.74, 2004.5], [127.73, 738.16], [127.72, 1372.25], [127.71, 1532.86], [127.7, 3493.43], [127.69, 2605.51], [127.68, 1555.85]], "asks": [[127.88, 1274.86], [127.89, 937.37], [127.9, 1162.9], [127.91, 881.66], [127.92, 2014.74], [127.93, 873.9], [127.94, 1132.11], [127.95, 1098.58], [127.96, 1076.09], [127.97, 1061.63], [127.98, 1329.45], [127.99, 2154.44], [128.0, 2621.17], [128.01, 1324.11], [128.02, 968.91], [128.03, 2217.08], [128.04, 1662.58], [128.05, 762.61], [128.06, 883.17], [128.07, 846.48]], "timestamp": "2025-12-17T06:11:55.327956+00:00"}, {"symbol": "SOLUSDT", "bids": [[127.85, 956.43], [127.84, 623.87], [127.83, 969.15], [127.82, 1043.93], [127.81, 2434.28], [127.8, 1294.14], [127.79, 980.37], [127.78, 1048.46], [127.77, 1088.37], [127.76, 1592.67], [127.75, 1278.66], [127.74, 1192.44], [127.73, 900.71], [127.72, 1199.01], [127.71, 1326.84], [127.7, 2201.31], [127.69, 1612.33], [127.68, 4419.68], [127.67, 686.01], [127.66, 1060.03]], "asks": [[127.86, 387.0], [127.87, 954.69], [127.88, 1770.26], [127.89, 2841.16], [127.9, 4321.16], [127.91, 3224.6], [127.92, 1596.47], [127.93, 1473.63], [127.94, 1255.31], [127.95, 1029.25], [127.96, 1194.73], [127.97, 1027.63], [127.98, 1282.61], [127.99, 1329.24], [128.0, 3899.89], [128.01, 3785.99], [128.02, 2122.04], [128.03, 560.0], [128.04, 1038.48], [128.05, 1547.18]], "timestamp": "2025-12-17T06:12:46.874919+00:00"}, {"symbol": "SOLUSDT", "bids": [[127.75, 712.9], [127.74, 948.93], [127.73, 1746.56], [127.72, 1247.28], [127.71, 1610.45], [127.7, 1236.52], [127.69, 1076.3], [127.68, 1329.92], [127.67, 1109.13], [127.66, 1207.62], [127.65, 1581.05], [127.64, 1379.18], [127.63, 1136.71], [127.62, 1423.13], [127.61, 1468.76], [127.6, 3818.28], [127.59, 1435.86], [127.58, 2619.38], [127.57, 854.85], [127.56, 2475.53]], "asks": [[127.76, 444.85], [127.77, 508.47], [127.78, 932.68], [127.79, 1923.27], [127.8, 1322.74], [127.81, 1718.65], [127.82, 2961.87], [127.83, 2219.34], [127.84, 1204.94], [127.85, 1123.93], [127.86, 1141.16], [127.87, 1231.51], [127.88, 1144.05], [127.89, 1454.17], [127.9, 1967.35], [127.91, 3031.72], [127.92, 2902.19], [127.93, 732.23], [127.94, 1190.72], [127.95, 1096.54]], "timestamp": "2025-12-17T06:13:38.253986+00:00"}, {"symbol": "SOLUSDT", "bids": [[127.76, 569.91], [127.75, 563.99], [127.74, 1177.58], [127.73, 1684.87], [127.72, 1508.63], [127.71, 1157.35], [127.7, 1163.94], [127.69, 1057.07], [127.68, 1262.0], [127.67, 1122.94], [127.66, 1379.0], [127.65, 1631.97], [127.64, 1720.01], [127.63, 3541.63], [127.62, 1239.52], [127.61, 1368.27], [127.6, 3158.07], [127.59, 2862.8], [127.58, 759.08], [127.57, 816.78]], "asks": [[127.77, 1195.34], [127.78, 1283.7], [127.79, 1404.17], [127.8, 1061.73], [127.81, 745.85], [127.82, 1587.54], [127.83, 1275.61], [127.84, 1517.62], [127.85, 1855.86], [127.86, 1592.56], [127.87, 1135.46], [127.88, 1589.07], [127.89, 1422.98], [127.9, 1585.04], [127.91, 1205.07], [127.92, 3653.33], [127.93, 679.12], [127.94, 1120.61], [127.95, 1306.22], [127.96, 1965.98]], "timestamp": "2025-12-17T06:14:29.712881+00:00"}, {"symbol": "SOLUSDT", "bids": [[127.82, 656.56], [127.81, 1286.37], [127.8, 1255.8], [127.79, 1271.47], [127.78, 2968.03], [127.77, 1491.99], [127.76, 1326.58], [127.75, 632.76], [127.74, 955.17], [127.73, 1098.75], [127.72, 1257.09], [127.71, 1562.61], [127.7, 1589.57], [127.69, 2144.94], [127.68, 1126.39], [127.67, 1189.98], [127.66, 1518.92], [127.65, 4894.02], [127.64, 3457.19], [127.63, 1255.72]], "asks": [[127.83, 325.78], [127.84, 324.37], [127.85, 956.42], [127.86, 1330.08], [127.87, 1857.64], [127.88, 1594.53], [127.89, 1026.68], [127.9, 1645.51], [127.91, 875.19], [127.92, 1066.05], [127.93, 1421.22], [127.94, 1138.15], [127.95, 1338.99], [127.96, 1431.17], [127.97, 1354.62], [127.98, 3442.84], [127.99, 1001.74], [128.0, 2326.91], [128.01, 2468.59], [128.02, 795.71]], "timestamp": "2025-12-17T06:15:21.933708+00:00"}, {"symbol": "SOLUSDT", "bids": [[127.8, 525.26], [127.79, 96.15], [127.78, 422.05], [127.77, 925.03], [127.76, 1921.52], [127.75, 1296.67], [127.74, 1203.0], [127.73, 812.75], [127.72, 994.12], [127.71, 1225.32], [127.7, 1335.13], [127.69, 1289.64], [127.68, 1532.98], [127.67, 1853.87], [127.66, 1056.21], [127.65, 1800.75], [127.64, 1696.51], [127.63, 4604.76], [127.62, 2629.99], [127.61, 953.36]], "asks": [[127.81, 2700.51], [127.82, 984.26], [127.83, 1338.98], [127.84, 2274.67], [127.85, 3288.73], [127.86, 2835.3], [127.87, 1197.79], [127.88, 1114.02], [127.89, 1556.95], [127.9, 1626.05], [127.91, 831.63], [127.92, 1395.87], [127.93, 1199.06], [127.94, 1228.71], [127.95, 1978.84], [127.96, 2646.71], [127.97, 774.83], [127.98, 1117.66], [127.99, 1114.65], [128.0, 2523.13]], "timestamp": "2025-12-17T06:16:13.788508+00:00"}, {"symbol": "SOLUSDT", "bids": [[127.74, 1123.18], [127.73, 864.19], [127.72, 1065.96], [127.71, 1427.28], [127.7, 2372.91], [127.69, 1379.03], [127.68, 1275.99], [127.67, 935.75], [127.66, 762.66], [127.65, 1297.4], [127.64, 1084.99], [127.63, 839.0], [127.62, 1363.79], [127.61, 1513.63], [127.6, 1770.08], [127.59, 2433.96], [127.58, 1313.39], [127.57, 2496.69], [127.56, 2672.28], [127.55, 2612.43]], "asks": [[127.75, 499.7], [127.76, 426.65], [127.77, 1606.13], [127.78, 2261.37], [127.79, 2505.47], [127.8, 4274.31], [127.81, 1181.34], [127.82, 982.77], [127.83, 1195.34], [127.84, 1422.45], [127.85, 1152.7], [127.86, 1694.78], [127.87, 1971.33], [127.88, 2387.22], [127.89, 1636.63], [127.9, 3466.95], [127.91, 767.45], [127.92, 1284.45], [127.93, 1304.88], [127.94, 789.16]], "timestamp": "2025-12-17T06:17:05.487768+00:00"}, {"symbol": "SOLUSDT", "bids": [[127.73, 545.53], [127.72, 681.02], [127.71, 979.31], [127.7, 1569.59], [127.69, 1975.34], [127.68, 997.36], [127.67, 932.4], [127.66, 963.11], [127.65, 1398.2], [127.64, 1147.74], [127.63, 1120.08], [127.62, 1338.18], [127.61, 1382.77], [127.6, 2671.28], [127.59, 778.23], [127.58, 1273.51], [127.57, 2746.43], [127.56, 4069.38], [127.55, 1134.74], [127.54, 1633.26]], "asks": [[127.74, 495.05], [127.75, 818.51], [127.76, 1294.01], [127.77, 1211.96], [127.78, 1752.99], [127.79, 1712.5], [127.8, 2076.95], [127.81, 1378.87], [127.82, 1070.28], [127.83, 1497.15], [127.84, 1713.81], [127.85, 1175.74], [127.86, 1790.86], [127.87, 1541.81], [127.88, 1624.27], [127.89, 5211.29], [127.9, 1329.11], [127.91, 1192.19], [127.92, 1312.89], [127.93, 869.73]], "timestamp": "2025-12-17T06:17:56.817423+00:00"}, {"symbol": "SOLUSDT", "bids": [[127.73, 909.05], [127.72, 449.33], [127.71, 1089.53], [127.7, 1065.16], [127.69, 1356.96], [127.68, 1290.87], [127.67, 2437.34], [127.66, 931.49], [127.65, 1260.22], [127.64, 1042.75], [127.63, 801.9], [127.62, 1206.66], [127.61, 1359.47], [127.6, 1319.61], [127.59, 2003.5], [127.58, 2748.08], [127.57, 1339.21], [127.56, 2426.49], [127.55, 1411.61], [127.54, 1971.72]], "asks": [[127.74, 487.19], [127.75, 753.6], [127.76, 1753.99], [127.77, 1293.04], [127.78, 1971.13], [127.79, 1855.71], [127.8, 2320.98], [127.81, 1414.48], [127.82, 904.14], [127.83, 1260.91], [127.84, 1611.7], [127.85, 1413.03], [127.86, 1550.55], [127.87, 1151.28], [127.88, 1747.36], [127.89, 4001.78], [127.9, 1480.13], [127.91, 2334.95], [127.92, 1240.62], [127.93, 801.2]], "timestamp": "2025-12-17T06:18:48.224358+00:00"}, {"symbol": "SOLUSDT", "bids": [[127.79, 762.19], [127.78, 728.28], [127.77, 654.95], [127.76, 1580.32], [127.75, 2344.39], [127.74, 1387.99], [127.73, 1137.89], [127.72, 961.42], [127.71, 1106.56], [127.7, 727.44], [127.69, 897.15], [127.68, 1348.89], [127.67, 1099.91], [127.66, 1423.26], [127.65, 1482.95], [127.64, 1400.91], [127.63, 2191.22], [127.62, 3531.17], [127.61, 1449.61], [127.6, 1365.98]], "asks": [[127.8, 912.47], [127.81, 584.72], [127.82, 1030.91], [127.83, 968.08], [127.84, 1474.71], [127.85, 2010.88], [127.86, 1723.83], [127.87, 1354.25], [127.88, 1384.59], [127.89, 1448.12], [127.9, 2340.74], [127.91, 1464.29], [127.92, 1427.76], [127.93, 1211.37], [127.94, 1241.41], [127.95, 2936.43], [127.96, 1779.39], [127.97, 694.6], [127.98, 2208.15], [127.99, 875.85]], "timestamp": "2025-12-17T06:19:39.881363+00:00"}, {"symbol": "SOLUSDT", "bids": [[127.87, 694.09], [127.86, 608.98], [127.85, 1310.31], [127.84, 792.78], [127.83, 1044.62], [127.82, 1482.39], [127.81, 1610.39], [127.8, 2066.91], [127.79, 875.88], [127.78, 1499.84], [127.77, 1146.07], [127.76, 1312.4], [127.75, 958.76], [127.74, 1143.79], [127.73, 1908.88], [127.72, 1242.44], [127.71, 1510.75], [127.7, 2979.62], [127.69, 2316.71], [127.68, 1248.78]], "asks": [[127.88, 536.24], [127.89, 891.49], [127.9, 1388.99], [127.91, 1619.71], [127.92, 2521.12], [127.93, 1179.62], [127.94, 1248.08], [127.95, 1436.37], [127.96, 1643.35], [127.97, 1713.29], [127.98, 1915.32], [127.99, 1721.46], [128.0, 2576.67], [128.01, 2070.19], [128.02, 2063.8], [128.03, 2767.2], [128.04, 873.53], [128.05, 951.88], [128.06, 764.79], [128.07, 841.17]], "timestamp": "2025-12-17T06:20:31.165311+00:00"}, {"symbol": "SOLUSDT", "bids": [[127.77, 463.52], [127.76, 330.04], [127.75, 648.95], [127.74, 956.77], [127.73, 1821.66], [127.72, 1503.21], [127.71, 1012.78], [127.7, 806.52], [127.69, 936.69], [127.68, 1271.35], [127.67, 1481.43], [127.66, 1125.51], [127.65, 1328.92], [127.64, 1415.92], [127.63, 2421.81], [127.62, 2656.93], [127.61, 1518.21], [127.6, 2758.27], [127.59, 737.45], [127.58, 1471.55]], "asks": [[127.78, 948.9], [127.79, 1309.3], [127.8, 1191.42], [127.81, 1643.91], [127.82, 2854.23], [127.83, 1420.02], [127.84, 1480.09], [127.85, 1348.48], [127.86, 1520.46], [127.87, 1490.76], [127.88, 1501.77], [127.89, 1826.95], [127.9, 1447.12], [127.91, 1462.8], [127.92, 1484.34], [127.93, 3508.0], [127.94, 844.96], [127.95, 1026.62], [127.96, 1227.63], [127.97, 1823.49]], "timestamp": "2025-12-17T06:21:22.665872+00:00"}, {"symbol": "SOLUSDT", "bids": [[127.7, 519.6], [127.69, 616.61], [127.68, 944.39], [127.67, 862.45], [127.66, 1283.11], [127.65, 1442.5], [127.64, 1957.6], [127.63, 890.92], [127.62, 1195.81], [127.61, 1371.74], [127.6, 1143.95], [127.59, 1128.44], [127.58, 2527.27], [127.57, 897.56], [127.56, 1581.34], [127.55, 2118.81], [127.54, 1696.37], [127.53, 2736.83], [127.52, 928.96], [127.51, 1699.57]], "asks": [[127.71, 636.41], [127.72, 687.1], [127.73, 1240.56], [127.74, 1721.11], [127.75, 2062.9], [127.76, 937.29], [127.77, 1309.36], [127.78, 1884.54], [127.79, 1308.85], [127.8, 1863.68], [127.81, 987.9], [127.82, 953.58], [127.83, 1229.18], [127.84, 1456.71], [127.85, 2037.94], [127.86, 3005.74], [127.87, 1059.7], [127.88, 1229.92], [127.89, 2276.84], [127.9, 1036.93]], "timestamp": "2025-12-17T06:22:14.075733+00:00"}, {"symbol": "SOLUSDT", "bids": [[127.73, 338.85], [127.72, 578.53], [127.71, 1350.7], [127.7, 826.76], [127.69, 2095.66], [127.68, 1407.56], [127.67, 741.65], [127.66, 1195.14], [127.65, 1385.27], [127.64, 868.82], [127.63, 762.48], [127.62, 1064.36], [127.61, 1225.25], [127.6, 1816.24], [127.59, 1085.94], [127.58, 2044.27], [127.57, 984.63], [127.56, 2773.57], [127.55, 1496.14], [127.54, 1848.63]], "asks": [[127.74, 708.69], [127.75, 786.8], [127.76, 709.89], [127.77, 1284.46], [127.78, 1757.51], [127.79, 1544.25], [127.8, 1020.35], [127.81, 862.77], [127.82, 1140.97], [127.83, 1446.68], [127.84, 1425.2], [127.85, 3004.73], [127.86, 1293.58], [127.87, 1061.34], [127.88, 1606.35], [127.89, 2773.05], [127.9, 1322.72], [127.91, 1378.78], [127.92, 1320.22], [127.93, 2494.16]], "timestamp": "2025-12-17T06:23:05.336124+00:00"}, {"symbol": "SOLUSDT", "bids": [[127.81, 364.25], [127.8, 608.18], [127.79, 892.19], [127.78, 1609.97], [127.77, 1987.56], [127.76, 1530.71], [127.75, 1589.75], [127.74, 1385.5], [127.73, 1331.06], [127.72, 1295.52], [127.71, 882.17], [127.7, 716.07], [127.69, 1371.48], [127.68, 583.61], [127.67, 1050.17], [127.66, 1418.47], [127.65, 2642.58], [127.64, 2809.46], [127.63, 1552.64], [127.62, 3088.12]], "asks": [[127.82, 927.13], [127.83, 887.68], [127.84, 1447.24], [127.85, 1542.38], [127.86, 1290.79], [127.87, 1127.28], [127.88, 1440.31], [127.89, 1394.36], [127.9, 1812.07], [127.91, 1524.63], [127.92, 2469.7], [127.93, 959.34], [127.94, 1495.15], [127.95, 1842.76], [127.96, 1619.27], [127.97, 2455.84], [127.98, 1232.43], [127.99, 1490.42], [128.0, 2199.86], [128.01, 1020.21]], "timestamp": "2025-12-17T06:23:56.908083+00:00"}, {"symbol": "SOLUSDT", "bids": [[127.94, 726.22], [127.93, 643.91], [127.92, 977.41], [127.91, 1043.07], [127.9, 1439.46], [127.89, 1585.33], [127.88, 1944.68], [127.87, 1472.56], [127.86, 941.38], [127.85, 754.08], [127.84, 1017.82], [127.83, 777.11], [127.82, 722.62], [127.81, 1282.7], [127.8, 2607.19], [127.79, 1042.39], [127.78, 3071.21], [127.77, 3080.05], [127.76, 918.41], [127.75, 1659.18]], "asks": [[127.95, 542.0], [127.96, 639.68], [127.97, 974.5], [127.98, 1587.6], [127.99, 2624.31], [128.0, 2114.7], [128.01, 1477.94], [128.02, 909.79], [128.03, 760.52], [128.04, 1193.94], [128.05, 969.93], [128.06, 709.18], [128.07, 1310.21], [128.08, 1538.21], [128.09, 1515.25], [128.1, 3117.47], [128.11, 870.22], [128.12, 2056.48], [128.13, 835.61], [128.14, 922.55]], "timestamp": "2025-12-17T06:24:48.394440+00:00"}, {"symbol": "SOLUSDT", "bids": [[127.89, 210.86], [127.88, 671.68], [127.87, 689.82], [127.86, 1010.83], [127.85, 1199.13], [127.84, 1394.89], [127.83, 1265.04], [127.82, 1170.16], [127.81, 1290.93], [127.8, 1261.71], [127.79, 2861.16], [127.78, 1002.61], [127.77, 1520.17], [127.76, 2017.99], [127.75, 1241.77], [127.74, 1173.43], [127.73, 2663.61], [127.72, 1453.29], [127.71, 827.03], [127.7, 1638.39]], "asks": [[127.9, 843.5], [127.91, 723.93], [127.92, 1378.89], [127.93, 1592.05], [127.94, 1655.25], [127.95, 1839.39], [127.96, 1705.83], [127.97, 914.46], [127.98, 1190.8], [127.99, 1714.1], [128.0, 4312.93], [128.01, 1720.23], [128.02, 1048.13], [128.03, 639.4], [128.04, 1992.98], [128.05, 1204.19], [128.06, 2065.7], [128.07, 1186.76], [128.08, 1397.63], [128.09, 854.19]], "timestamp": "2025-12-17T06:25:40.142620+00:00"}, {"symbol": "SOLUSDT", "bids": [[127.8, 1234.55], [127.79, 774.82], [127.78, 1402.48], [127.77, 1645.92], [127.76, 1456.13], [127.75, 1415.39], [127.74, 992.48], [127.73, 837.8], [127.72, 1092.08], [127.71, 1241.1], [127.7, 2441.56], [127.69, 1103.04], [127.68, 795.56], [127.67, 1307.52], [127.66, 3805.06], [127.65, 1490.23], [127.64, 1626.32], [127.63, 676.47], [127.62, 1578.42], [127.61, 2701.98]], "asks": [[127.81, 511.78], [127.82, 467.49], [127.83, 840.65], [127.84, 1730.6], [127.85, 2374.03], [127.86, 2339.73], [127.87, 2629.0], [127.88, 1706.31], [127.89, 1435.74], [127.9, 1422.53], [127.91, 3502.92], [127.92, 1442.16], [127.93, 1780.73], [127.94, 681.23], [127.95, 1203.29], [127.96, 2027.51], [127.97, 1905.03], [127.98, 846.44], [127.99, 1253.98], [128.0, 2073.59]], "timestamp": "2025-12-17T06:26:31.609387+00:00"}, {"symbol": "SOLUSDT", "bids": [[127.8, 1227.08], [127.79, 1051.2], [127.78, 1180.21], [127.77, 829.27], [127.76, 1050.02], [127.75, 1904.55], [127.74, 1358.23], [127.73, 1308.94], [127.72, 813.97], [127.71, 1001.53], [127.7, 2966.06], [127.69, 816.01], [127.68, 824.32], [127.67, 1192.58], [127.66, 1123.41], [127.65, 1433.24], [127.64, 1909.74], [127.63, 895.93], [127.62, 1690.95], [127.61, 2644.69]], "asks": [[127.81, 735.1], [127.82, 253.96], [127.83, 610.73], [127.84, 1089.33], [127.85, 2004.37], [127.86, 2108.87], [127.87, 1217.46], [127.88, 1181.71], [127.89, 992.65], [127.9, 1186.23], [127.91, 1938.9], [127.92, 4200.57], [127.93, 1730.89], [127.94, 676.25], [127.95, 1319.09], [127.96, 1537.83], [127.97, 600.13], [127.98, 995.0], [127.99, 1489.52], [128.0, 3837.82]], "timestamp": "2025-12-17T06:27:22.999316+00:00"}, {"symbol": "SOLUSDT", "bids": [[127.79, 547.47], [127.78, 746.68], [127.77, 951.78], [127.76, 1185.46], [127.75, 2257.89], [127.74, 1404.44], [127.73, 1193.35], [127.72, 868.18], [127.71, 777.95], [127.7, 1597.94], [127.69, 2617.99], [127.68, 781.5], [127.67, 780.61], [127.66, 1101.35], [127.65, 1969.15], [127.64, 1976.71], [127.63, 964.48], [127.62, 2660.94], [127.61, 1140.48], [127.6, 2400.62]], "asks": [[127.8, 232.5], [127.81, 433.57], [127.82, 872.64], [127.83, 1072.61], [127.84, 1974.99], [127.85, 2085.72], [127.86, 2342.82], [127.87, 1259.0], [127.88, 1348.21], [127.89, 1457.65], [127.9, 3312.43], [127.91, 940.54], [127.92, 1237.79], [127.93, 1536.02], [127.94, 731.72], [127.95, 2140.1], [127.96, 1569.44], [127.97, 803.01], [127.98, 776.63], [127.99, 1360.1]], "timestamp": "2025-12-17T06:28:14.421092+00:00"}, {"symbol": "SOLUSDT", "bids": [[127.84, 730.83], [127.83, 906.45], [127.82, 1143.09], [127.81, 1648.63], [127.8, 2459.27], [127.79, 1796.71], [127.78, 1222.88], [127.77, 739.58], [127.76, 1134.1], [127.75, 1470.15], [127.74, 2376.1], [127.73, 1027.17], [127.72, 1454.87], [127.71, 1398.76], [127.7, 2612.72], [127.69, 2877.8], [127.68, 912.72], [127.67, 2379.51], [127.66, 1196.99], [127.65, 1874.9]], "asks": [[127.85, 601.67], [127.86, 489.4], [127.87, 1199.11], [127.88, 1005.33], [127.89, 1391.48], [127.9, 1533.17], [127.91, 2194.89], [127.92, 907.49], [127.93, 1375.63], [127.94, 1218.96], [127.95, 3319.05], [127.96, 1177.18], [127.97, 1190.0], [127.98, 888.47], [127.99, 1434.49], [128.0, 2630.5], [128.01, 1905.97], [128.02, 1031.35], [128.03, 2027.65], [128.04, 1319.2]], "timestamp": "2025-12-17T06:29:05.853520+00:00"}, {"symbol": "SOLUSDT", "bids": [[127.8, 623.66], [127.79, 629.45], [127.78, 1125.92], [127.77, 839.35], [127.76, 1891.0], [127.75, 1160.03], [127.74, 855.95], [127.73, 923.18], [127.72, 1193.48], [127.71, 1420.44], [127.7, 2655.18], [127.69, 948.84], [127.68, 832.51], [127.67, 685.36], [127.66, 1366.05], [127.65, 1860.89], [127.64, 1952.67], [127.63, 1444.08], [127.62, 2815.02], [127.61, 2537.31]], "asks": [[127.81, 754.89], [127.82, 662.41], [127.83, 1351.97], [127.84, 1860.23], [127.85, 1940.55], [127.86, 1993.99], [127.87, 1550.76], [127.88, 1251.84], [127.89, 1542.51], [127.9, 1433.99], [127.91, 3015.91], [127.92, 1616.9], [127.93, 1517.03], [127.94, 683.71], [127.95, 896.31], [127.96, 1173.07], [127.97, 1838.78], [127.98, 1374.56], [127.99, 1801.64], [128.0, 3561.49]], "timestamp": "2025-12-17T06:29:57.463844+00:00"}, {"symbol": "SOLUSDT", "bids": [[127.81, 503.0], [127.8, 935.47], [127.79, 1015.64], [127.78, 982.3], [127.77, 1407.72], [127.76, 1820.09], [127.75, 1018.19], [127.74, 640.55], [127.73, 1386.86], [127.72, 1605.62], [127.71, 2839.74], [127.7, 1368.72], [127.69, 1080.27], [127.68, 937.21], [127.67, 2090.03], [127.66, 1581.75], [127.65, 5236.18], [127.64, 1081.8], [127.63, 1239.68], [127.62, 1177.37]], "asks": [[127.82, 814.2], [127.83, 547.82], [127.84, 948.11], [127.85, 1111.2], [127.86, 1393.12], [127.87, 1804.02], [127.88, 919.73], [127.89, 1290.27], [127.9, 1968.87], [127.91, 1510.5], [127.92, 2983.85], [127.93, 1449.8], [127.94, 1271.97], [127.95, 972.69], [127.96, 1220.25], [127.97, 786.72], [127.98, 2099.27], [127.99, 1482.95], [128.0, 3716.38], [128.01, 980.0]], "timestamp": "2025-12-17T06:30:49.226186+00:00"}, {"symbol": "SOLUSDT", "bids": [[127.92, 810.36], [127.91, 558.81], [127.9, 1227.71], [127.89, 1700.82], [127.88, 1341.08], [127.87, 1923.83], [127.86, 2195.9], [127.85, 2691.72], [127.84, 1295.94], [127.83, 1484.82], [127.82, 1253.2], [127.81, 2530.77], [127.8, 1057.11], [127.79, 1024.79], [127.78, 1965.5], [127.77, 927.6], [127.76, 1280.62], [127.75, 957.32], [127.74, 1317.4], [127.73, 3167.15]], "asks": [[127.93, 527.46], [127.94, 448.23], [127.95, 852.28], [127.96, 1990.91], [127.97, 1225.29], [127.98, 921.36], [127.99, 1435.89], [128.0, 1942.16], [128.01, 1072.58], [128.02, 1674.41], [128.03, 3079.18], [128.04, 1424.14], [128.05, 2184.25], [128.06, 857.23], [128.07, 1410.81], [128.08, 2083.47], [128.09, 835.81], [128.1, 1181.98], [128.11, 984.31], [128.12, 1269.02]], "timestamp": "2025-12-17T06:31:40.574154+00:00"}, {"symbol": "SOLUSDT", "bids": [[127.89, 676.49], [127.88, 402.97], [127.87, 1187.72], [127.86, 1232.96], [127.85, 1831.54], [127.84, 1843.44], [127.83, 1293.59], [127.82, 992.17], [127.81, 1220.23], [127.8, 1476.49], [127.79, 2408.6], [127.78, 1104.31], [127.77, 1153.76], [127.76, 2186.94], [127.75, 1367.64], [127.74, 2202.27], [127.73, 1083.31], [127.72, 1303.29], [127.71, 1157.97], [127.7, 1302.84]], "asks": [[127.9, 1492.31], [127.91, 904.85], [127.92, 1222.08], [127.93, 1795.14], [127.94, 2650.67], [127.95, 1718.83], [127.96, 2126.04], [127.97, 885.88], [127.98, 1158.56], [127.99, 1983.69], [128.0, 3162.84], [128.01, 3584.8], [128.02, 1330.89], [128.03, 753.42], [128.04, 1710.66], [128.05, 820.38], [128.06, 1285.33], [128.07, 2499.25], [128.08, 1547.61], [128.09, 953.43]], "timestamp": "2025-12-17T06:32:31.881582+00:00"}, {"symbol": "SOLUSDT", "bids": [[127.86, 1059.03], [127.85, 1910.72], [127.84, 1149.33], [127.83, 785.34], [127.82, 1044.05], [127.81, 1065.68], [127.8, 1340.43], [127.79, 770.03], [127.78, 1183.27], [127.77, 1423.68], [127.76, 2718.92], [127.75, 888.41], [127.74, 909.95], [127.73, 1370.41], [127.72, 3020.12], [127.71, 968.35], [127.7, 1412.76], [127.69, 1247.04], [127.68, 2856.68], [127.67, 846.24]], "asks": [[127.87, 674.03], [127.88, 1008.95], [127.89, 969.39], [127.9, 1519.29], [127.91, 1640.0], [127.92, 1770.88], [127.93, 2275.3], [127.94, 2349.76], [127.95, 1928.03], [127.96, 1186.26], [127.97, 1390.15], [127.98, 3672.23], [127.99, 1560.4], [128.0, 2579.23], [128.01, 1250.69], [128.02, 1166.16], [128.03, 1908.55], [128.04, 1847.9], [128.05, 820.22], [128.06, 920.79]], "timestamp": "2025-12-17T06:33:23.164302+00:00"}, {"symbol": "SOLUSDT", "bids": [[127.83, 603.58], [127.82, 526.97], [127.81, 1497.47], [127.8, 572.24], [127.79, 991.03], [127.78, 1239.76], [127.77, 2269.42], [127.76, 1236.05], [127.75, 902.4], [127.74, 891.35], [127.73, 2730.93], [127.72, 1154.13], [127.71, 957.67], [127.7, 1247.57], [127.69, 864.86], [127.68, 1101.43], [127.67, 1622.2], [127.66, 1421.35], [127.65, 3591.64], [127.64, 901.86]], "asks": [[127.84, 822.04], [127.85, 1440.25], [127.86, 1263.38], [127.87, 2128.24], [127.88, 2652.86], [127.89, 1280.07], [127.9, 1234.83], [127.91, 921.45], [127.92, 1342.58], [127.93, 1705.69], [127.94, 3043.34], [127.95, 1045.43], [127.96, 1500.82], [127.97, 1110.42], [127.98, 2177.29], [127.99, 1463.07], [128.0, 3202.95], [128.01, 1600.91], [128.02, 1202.39], [128.03, 1686.11]], "timestamp": "2025-12-17T06:34:14.692257+00:00"}, {"symbol": "SOLUSDT", "bids": [[127.79, 448.23], [127.78, 205.34], [127.77, 1684.3], [127.76, 1333.79], [127.75, 983.03], [127.74, 992.35], [127.73, 1009.12], [127.72, 1296.65], [127.71, 1036.92], [127.7, 1419.3], [127.69, 2847.12], [127.68, 775.48], [127.67, 803.67], [127.66, 1466.68], [127.65, 3592.43], [127.64, 2168.62], [127.63, 1026.01], [127.62, 3371.17], [127.61, 912.13], [127.6, 2151.59]], "asks": [[127.8, 936.72], [127.81, 1290.19], [127.82, 1596.33], [127.83, 1707.89], [127.84, 2535.67], [127.85, 1880.97], [127.86, 1527.73], [127.87, 2283.35], [127.88, 2438.47], [127.89, 4028.14], [127.9, 1697.2], [127.91, 668.21], [127.92, 897.13], [127.93, 1240.9], [127.94, 857.58], [127.95, 1163.77], [127.96, 2015.98], [127.97, 994.72], [127.98, 2262.97], [127.99, 1490.38]], "timestamp": "2025-12-17T06:35:07.360069+00:00"}, {"symbol": "SOLUSDT", "bids": [[127.76, 518.94], [127.75, 1366.3], [127.74, 678.3], [127.73, 1094.28], [127.72, 1941.66], [127.71, 1516.84], [127.7, 979.19], [127.69, 1021.5], [127.68, 1029.12], [127.67, 1565.06], [127.66, 2810.37], [127.65, 1226.11], [127.64, 916.85], [127.63, 1045.05], [127.62, 3771.47], [127.61, 914.98], [127.6, 2616.34], [127.59, 542.05], [127.58, 1106.09], [127.57, 697.15]], "asks": [[127.77, 767.84], [127.78, 691.16], [127.79, 1123.53], [127.8, 1963.52], [127.81, 1718.89], [127.82, 1914.42], [127.83, 1951.1], [127.84, 2044.53], [127.85, 1592.77], [127.86, 3552.71], [127.87, 1135.44], [127.88, 1163.44], [127.89, 1577.32], [127.9, 1417.99], [127.91, 1284.05], [127.92, 1109.78], [127.93, 2029.05], [127.94, 848.67], [127.95, 1119.02], [127.96, 1490.72]], "timestamp": "2025-12-17T06:35:58.772217+00:00"}, {"symbol": "SOLUSDT", "bids": [[127.8, 705.39], [127.79, 474.31], [127.78, 1821.91], [127.77, 2162.42], [127.76, 2375.85], [127.75, 2271.13], [127.74, 754.67], [127.73, 952.0], [127.72, 1104.6], [127.71, 1130.92], [127.7, 2868.56], [127.69, 1616.24], [127.68, 1804.46], [127.67, 1046.78], [127.66, 1798.39], [127.65, 3290.88], [127.64, 1156.38], [127.63, 668.07], [127.62, 1192.43], [127.61, 1219.71]], "asks": [[127.81, 1012.94], [127.82, 727.16], [127.83, 1331.96], [127.84, 1517.66], [127.85, 1509.99], [127.86, 2772.79], [127.87, 1103.52], [127.88, 837.42], [127.89, 1056.34], [127.9, 1710.36], [127.91, 2935.88], [127.92, 1273.47], [127.93, 1095.2], [127.94, 791.69], [127.95, 1221.36], [127.96, 2097.73], [127.97, 813.61], [127.98, 1041.04], [127.99, 1171.83], [128.0, 2735.24]], "timestamp": "2025-12-17T06:36:50.179917+00:00"}, {"symbol": "SOLUSDT", "bids": [[127.8, 1485.28], [127.79, 1129.99], [127.78, 1477.29], [127.77, 1778.55], [127.76, 2244.05], [127.75, 2084.78], [127.74, 644.45], [127.73, 2741.25], [127.72, 1194.28], [127.71, 808.46], [127.7, 914.62], [127.69, 1229.11], [127.68, 1041.7], [127.67, 2103.51], [127.66, 3195.41], [127.65, 1303.73], [127.64, 957.23], [127.63, 921.62], [127.62, 1671.22], [127.61, 960.14]], "asks": [[127.81, 124.93], [127.82, 415.54], [127.83, 844.7], [127.84, 1404.18], [127.85, 1911.97], [127.86, 1678.16], [127.87, 1562.2], [127.88, 1050.87], [127.89, 1121.76], [127.9, 1640.27], [127.91, 2830.06], [127.92, 1664.07], [127.93, 1097.67], [127.94, 1123.56], [127.95, 1320.7], [127.96, 3088.5], [127.97, 720.39], [127.98, 904.51], [127.99, 1400.68], [128.0, 3501.24]], "timestamp": "2025-12-17T06:37:41.772491+00:00"}, {"symbol": "SOLUSDT", "bids": [[127.89, 864.9], [127.88, 1189.68], [127.87, 1680.36], [127.86, 1295.79], [127.85, 1369.04], [127.84, 1147.6], [127.83, 925.15], [127.82, 1614.74], [127.81, 4031.39], [127.8, 829.29], [127.79, 1214.35], [127.78, 838.44], [127.77, 754.49], [127.76, 1064.81], [127.75, 1180.22], [127.74, 2216.12], [127.73, 2710.34], [127.72, 1728.54], [127.71, 724.83], [127.7, 1295.82]], "asks": [[127.9, 496.65], [127.91, 758.31], [127.92, 1429.62], [127.93, 1433.87], [127.94, 1509.0], [127.95, 1586.54], [127.96, 1801.98], [127.97, 1504.03], [127.98, 1607.24], [127.99, 3795.03], [128.0, 2466.76], [128.01, 1287.44], [128.02, 1220.22], [128.03, 1897.02], [128.04, 1594.5], [128.05, 817.31], [128.06, 1045.25], [128.07, 1881.29], [128.08, 2109.64], [128.09, 672.97]], "timestamp": "2025-12-17T06:38:33.243308+00:00"}, {"symbol": "SOLUSDT", "bids": [[127.74, 35.08], [127.73, 297.75], [127.72, 700.39], [127.71, 1650.93], [127.7, 1321.44], [127.69, 1080.54], [127.68, 1018.86], [127.67, 1499.02], [127.66, 1127.26], [127.65, 3338.28], [127.64, 1186.04], [127.63, 952.63], [127.62, 1313.52], [127.61, 2547.25], [127.6, 1345.9], [127.59, 1036.49], [127.58, 1173.69], [127.57, 757.58], [127.56, 1327.7], [127.55, 827.07]], "asks": [[127.75, 1840.26], [127.76, 1355.36], [127.77, 1547.76], [127.78, 2003.59], [127.79, 1363.89], [127.8, 2185.9], [127.81, 2309.97], [127.82, 2156.36], [127.83, 1385.18], [127.84, 3523.08], [127.85, 982.05], [127.86, 1542.61], [127.87, 1243.9], [127.88, 950.22], [127.89, 1318.04], [127.9, 1533.08], [127.91, 1653.28], [127.92, 1371.75], [127.93, 1218.33], [127.94, 990.34]], "timestamp": "2025-12-17T06:39:24.670408+00:00"}, {"symbol": "SOLUSDT", "bids": [[127.69, 574.72], [127.68, 292.38], [127.67, 806.39], [127.66, 1270.27], [127.65, 2000.91], [127.64, 1259.38], [127.63, 533.11], [127.62, 1423.48], [127.61, 3027.98], [127.6, 2837.71], [127.59, 614.95], [127.58, 1047.44], [127.57, 833.06], [127.56, 1245.37], [127.55, 1235.1], [127.54, 2477.73], [127.53, 2053.75], [127.52, 830.38], [127.51, 1369.58], [127.5, 1616.8]], "asks": [[127.7, 1558.46], [127.71, 1870.95], [127.72, 2000.9], [127.73, 1114.29], [127.74, 1603.86], [127.75, 1567.02], [127.76, 1669.96], [127.77, 1976.75], [127.78, 1691.72], [127.79, 3681.57], [127.8, 1605.01], [127.81, 1681.91], [127.82, 1657.22], [127.83, 836.84], [127.84, 1217.83], [127.85, 1943.66], [127.86, 1147.18], [127.87, 1070.16], [127.88, 1075.93], [127.89, 1596.49]], "timestamp": "2025-12-17T06:40:16.387374+00:00"}, {"symbol": "SOLUSDT", "bids": [[127.6, 1166.43], [127.59, 675.7], [127.58, 813.23], [127.57, 826.69], [127.56, 1513.75], [127.55, 1740.74], [127.54, 2398.82], [127.53, 1506.07], [127.52, 3637.05], [127.51, 1483.93], [127.5, 1902.12], [127.49, 1084.96], [127.48, 1456.86], [127.47, 1886.23], [127.46, 1268.4], [127.45, 2793.01], [127.44, 697.69], [127.43, 694.95], [127.42, 1071.94], [127.41, 2008.14]], "asks": [[127.61, 679.13], [127.62, 707.13], [127.63, 1368.67], [127.64, 2036.86], [127.65, 3253.23], [127.66, 1596.78], [127.67, 1254.62], [127.68, 1625.69], [127.69, 1246.59], [127.7, 1756.33], [127.71, 3874.39], [127.72, 1322.42], [127.73, 711.69], [127.74, 1687.14], [127.75, 1242.59], [127.76, 1273.11], [127.77, 2634.14], [127.78, 1014.93], [127.79, 987.2], [127.8, 1140.02]], "timestamp": "2025-12-17T06:41:07.894656+00:00"}, {"symbol": "SOLUSDT", "bids": [[127.63, 1915.22], [127.62, 1056.88], [127.61, 1179.68], [127.6, 1927.89], [127.59, 1704.74], [127.58, 1660.97], [127.57, 1341.87], [127.56, 1628.69], [127.55, 1530.29], [127.54, 2875.56], [127.53, 866.58], [127.52, 1427.13], [127.51, 1445.35], [127.5, 2459.67], [127.49, 1171.08], [127.48, 2530.56], [127.47, 2549.7], [127.46, 1233.9], [127.45, 1165.73], [127.44, 3115.67]], "asks": [[127.64, 726.6], [127.65, 636.52], [127.66, 1203.49], [127.67, 1539.93], [127.68, 1827.62], [127.69, 1917.64], [127.7, 977.53], [127.71, 1230.28], [127.72, 1669.5], [127.73, 1126.22], [127.74, 3601.92], [127.75, 1112.62], [127.76, 1307.47], [127.77, 1386.85], [127.78, 1130.94], [127.79, 1230.83], [127.8, 2435.11], [127.81, 2101.63], [127.82, 574.25], [127.83, 1034.43]], "timestamp": "2025-12-17T06:41:59.814639+00:00"}, {"symbol": "SOLUSDT", "bids": [[127.64, 538.18], [127.63, 256.99], [127.62, 947.58], [127.61, 1228.65], [127.6, 1326.28], [127.59, 1478.06], [127.58, 4136.25], [127.57, 808.47], [127.56, 1030.78], [127.55, 1206.95], [127.54, 944.41], [127.53, 1006.26], [127.52, 1203.27], [127.51, 1493.86], [127.5, 2169.78], [127.49, 2186.85], [127.48, 1451.71], [127.47, 2287.98], [127.46, 1135.34], [127.45, 1083.76]], "asks": [[127.65, 979.22], [127.66, 1246.68], [127.67, 1906.73], [127.68, 2493.44], [127.69, 2540.72], [127.7, 993.68], [127.71, 900.44], [127.72, 1595.14], [127.73, 1290.2], [127.74, 1382.88], [127.75, 3202.66], [127.76, 1313.32], [127.77, 1906.81], [127.78, 905.21], [127.79, 1100.93], [127.8, 2062.99], [127.81, 2080.94], [127.82, 627.29], [127.83, 1070.2], [127.84, 870.99]], "timestamp": "2025-12-17T06:42:51.151040+00:00"}, {"symbol": "SOLUSDT", "bids": [[127.63, 1086.41], [127.62, 739.19], [127.61, 1204.43], [127.6, 1803.34], [127.59, 1299.45], [127.58, 1302.98], [127.57, 1500.71], [127.56, 2775.28], [127.55, 1492.15], [127.54, 943.25], [127.53, 681.46], [127.52, 1686.28], [127.51, 1388.67], [127.5, 2069.67], [127.49, 2074.91], [127.48, 1643.8], [127.47, 2206.57], [127.46, 1008.0], [127.45, 1397.16], [127.44, 2708.79]], "asks": [[127.64, 56.1], [127.65, 454.83], [127.66, 1188.11], [127.67, 1488.29], [127.68, 2003.0], [127.69, 1656.39], [127.7, 1352.88], [127.71, 988.73], [127.72, 1478.91], [127.73, 1504.6], [127.74, 3486.89], [127.75, 1473.4], [127.76, 1003.0], [127.77, 1117.42], [127.78, 999.56], [127.79, 1434.81], [127.8, 3715.75], [127.81, 863.46], [127.82, 651.74], [127.83, 1059.67]], "timestamp": "2025-12-17T06:43:42.831070+00:00"}, {"symbol": "SOLUSDT", "bids": [[127.59, 1138.77], [127.58, 779.26], [127.57, 1120.94], [127.56, 1272.33], [127.55, 1769.61], [127.54, 1063.46], [127.53, 1302.77], [127.52, 3421.15], [127.51, 1134.5], [127.5, 2013.47], [127.49, 723.43], [127.48, 1323.29], [127.47, 870.21], [127.46, 1284.92], [127.45, 1958.48], [127.44, 1281.23], [127.43, 2229.87], [127.42, 846.33], [127.41, 1858.29], [127.4, 2764.62]], "asks": [[127.6, 536.37], [127.61, 799.01], [127.62, 1695.17], [127.63, 1591.38], [127.64, 1744.33], [127.65, 2305.36], [127.66, 2061.15], [127.67, 994.62], [127.68, 1849.16], [127.69, 1537.94], [127.7, 3035.17], [127.71, 1590.5], [127.72, 1651.57], [127.73, 659.13], [127.74, 987.79], [127.75, 1177.27], [127.76, 1744.91], [127.77, 1204.06], [127.78, 2356.56], [127.79, 1488.18]], "timestamp": "2025-12-17T06:44:34.393404+00:00"}, {"symbol": "SOLUSDT", "bids": [[127.58, 557.1], [127.57, 768.22], [127.56, 1439.79], [127.55, 2005.77], [127.54, 2415.58], [127.53, 1109.3], [127.52, 1189.48], [127.51, 3750.79], [127.5, 1774.02], [127.49, 1107.84], [127.48, 1419.43], [127.47, 592.82], [127.46, 1076.58], [127.45, 1716.68], [127.44, 1048.76], [127.43, 2156.35], [127.42, 2233.46], [127.41, 1565.09], [127.4, 1525.05], [127.39, 1476.72]], "asks": [[127.59, 216.36], [127.6, 973.02], [127.61, 1227.37], [127.62, 1256.22], [127.63, 1602.64], [127.64, 1190.2], [127.65, 1816.19], [127.66, 1500.53], [127.67, 883.5], [127.68, 1273.74], [127.69, 3571.76], [127.7, 994.96], [127.71, 923.01], [127.72, 2370.93], [127.73, 903.69], [127.74, 1151.5], [127.75, 1359.08], [127.76, 2226.22], [127.77, 974.81], [127.78, 1628.73]], "timestamp": "2025-12-17T06:45:26.023431+00:00"}, {"symbol": "SOLUSDT", "bids": [[127.59, 518.35], [127.58, 515.78], [127.57, 868.09], [127.56, 1371.34], [127.55, 2083.57], [127.54, 2372.07], [127.53, 1236.04], [127.52, 1087.8], [127.51, 3484.81], [127.5, 1271.42], [127.49, 1216.06], [127.48, 1054.38], [127.47, 475.27], [127.46, 1050.22], [127.45, 1396.56], [127.44, 1403.21], [127.43, 2057.03], [127.42, 2249.36], [127.41, 1485.2], [127.4, 1522.3]], "asks": [[127.6, 523.93], [127.61, 991.55], [127.62, 1866.83], [127.63, 1210.88], [127.64, 1634.59], [127.65, 1371.86], [127.66, 1646.34], [127.67, 800.96], [127.68, 1541.21], [127.69, 3708.71], [127.7, 1028.46], [127.71, 1230.75], [127.72, 2070.38], [127.73, 1039.07], [127.74, 1131.73], [127.75, 1416.55], [127.76, 2206.72], [127.77, 964.84], [127.78, 1597.92], [127.79, 1520.63]], "timestamp": "2025-12-17T06:46:17.849572+00:00"}, {"symbol": "SOLUSDT", "bids": [[127.69, 817.09], [127.68, 903.31], [127.67, 1344.05], [127.66, 1115.16], [127.65, 1346.81], [127.64, 2164.47], [127.63, 2819.59], [127.62, 1547.82], [127.61, 3176.74], [127.6, 1044.36], [127.59, 898.19], [127.58, 813.53], [127.57, 768.55], [127.56, 855.49], [127.55, 1074.45], [127.54, 926.37], [127.53, 999.48], [127.52, 2267.92], [127.51, 1333.65], [127.5, 1772.78]], "asks": [[127.7, 678.1], [127.71, 756.21], [127.72, 2426.34], [127.73, 1979.22], [127.74, 1415.17], [127.75, 1116.49], [127.76, 1076.38], [127.77, 1161.94], [127.78, 1587.17], [127.79, 1750.6], [127.8, 3609.79], [127.81, 1039.09], [127.82, 1255.28], [127.83, 876.34], [127.84, 1269.91], [127.85, 1498.36], [127.86, 2458.93], [127.87, 1424.02], [127.88, 1871.83], [127.89, 1054.04]], "timestamp": "2025-12-17T06:47:09.187694+00:00"}, {"symbol": "SOLUSDT", "bids": [[127.56, 545.44], [127.55, 496.52], [127.54, 1116.11], [127.53, 1626.54], [127.52, 1696.14], [127.51, 1081.58], [127.5, 1045.17], [127.49, 949.68], [127.48, 2750.97], [127.47, 804.53], [127.46, 1087.24], [127.45, 1068.83], [127.44, 889.58], [127.43, 1264.05], [127.42, 1830.75], [127.41, 1598.78], [127.4, 1952.21], [127.39, 2493.43], [127.38, 2507.68], [127.37, 1545.84]], "asks": [[127.57, 1713.8], [127.58, 905.8], [127.59, 1961.65], [127.6, 1857.17], [127.61, 2144.99], [127.62, 1287.18], [127.63, 1758.85], [127.64, 1524.1], [127.65, 1622.11], [127.66, 3807.73], [127.67, 1115.36], [127.68, 1234.46], [127.69, 1332.44], [127.7, 1356.69], [127.71, 973.52], [127.72, 2345.52], [127.73, 914.41], [127.74, 1601.95], [127.75, 782.61], [127.76, 819.9]], "timestamp": "2025-12-17T06:48:00.737445+00:00"}, {"symbol": "SOLUSDT", "bids": [[127.55, 541.04], [127.54, 506.09], [127.53, 1183.22], [127.52, 955.6], [127.51, 1391.77], [127.5, 1686.58], [127.49, 726.33], [127.48, 1710.02], [127.47, 2866.49], [127.46, 1204.01], [127.45, 1945.69], [127.44, 714.68], [127.43, 913.86], [127.42, 860.78], [127.41, 1656.38], [127.4, 2836.17], [127.39, 2088.78], [127.38, 948.54], [127.37, 1210.64], [127.36, 1218.41]], "asks": [[127.56, 1473.87], [127.57, 1090.41], [127.58, 1187.96], [127.59, 1791.33], [127.6, 2805.52], [127.61, 930.56], [127.62, 888.36], [127.63, 1547.95], [127.64, 3283.67], [127.65, 1712.48], [127.66, 1408.82], [127.67, 1212.45], [127.68, 785.91], [127.69, 1283.97], [127.7, 2325.91], [127.71, 801.67], [127.72, 2235.77], [127.73, 699.0], [127.74, 1204.32], [127.75, 2586.42]], "timestamp": "2025-12-17T06:48:52.156138+00:00"}, {"symbol": "SOLUSDT", "bids": [[127.57, 1145.35], [127.56, 670.84], [127.55, 784.99], [127.54, 1311.95], [127.53, 2149.04], [127.52, 2364.46], [127.51, 3835.16], [127.5, 1322.63], [127.49, 928.24], [127.48, 1478.72], [127.47, 1713.58], [127.46, 862.34], [127.45, 1823.83], [127.44, 621.2], [127.43, 1035.5], [127.42, 1017.89], [127.41, 2699.51], [127.4, 1542.7], [127.39, 2207.78], [127.38, 1189.52]], "asks": [[127.58, 734.17], [127.59, 1145.04], [127.6, 2060.44], [127.61, 944.5], [127.62, 1512.68], [127.63, 1343.07], [127.64, 1033.89], [127.65, 1106.24], [127.66, 1467.01], [127.67, 3675.08], [127.68, 1214.15], [127.69, 1352.29], [127.7, 2579.43], [127.71, 956.93], [127.72, 3405.59], [127.73, 781.97], [127.74, 1103.17], [127.75, 1539.72], [127.76, 1301.54], [127.77, 1071.85]], "timestamp": "2025-12-17T06:49:43.495239+00:00"}, {"symbol": "SOLUSDT", "bids": [[127.59, 613.52], [127.58, 544.66], [127.57, 989.64], [127.56, 1258.19], [127.55, 1653.35], [127.54, 3183.6], [127.53, 1617.18], [127.52, 2242.8], [127.51, 1831.82], [127.5, 1376.5], [127.49, 648.11], [127.48, 1365.92], [127.47, 872.86], [127.46, 1286.37], [127.45, 2574.79], [127.44, 894.55], [127.43, 2505.85], [127.42, 825.54], [127.41, 1696.42], [127.4, 1580.98]], "asks": [[127.6, 686.88], [127.61, 965.08], [127.62, 1254.25], [127.63, 1664.33], [127.64, 2599.96], [127.65, 1538.76], [127.66, 1150.01], [127.67, 1438.66], [127.68, 1157.55], [127.69, 1710.07], [127.7, 3486.79], [127.71, 831.59], [127.72, 2380.49], [127.73, 1044.07], [127.74, 1695.81], [127.75, 1617.23], [127.76, 2353.21], [127.77, 912.63], [127.78, 1138.2], [127.79, 1206.83]], "timestamp": "2025-12-17T06:50:35.466528+00:00"}, {"symbol": "SOLUSDT", "bids": [[127.62, 962.98], [127.61, 389.19], [127.6, 893.86], [127.59, 947.22], [127.58, 1390.93], [127.57, 1692.0], [127.56, 1806.52], [127.55, 2754.5], [127.54, 1476.62], [127.53, 1685.57], [127.52, 1427.72], [127.51, 1283.39], [127.5, 1130.74], [127.49, 745.95], [127.48, 1581.97], [127.47, 975.26], [127.46, 1335.92], [127.45, 4074.55], [127.44, 764.14], [127.43, 1369.93]], "asks": [[127.63, 652.57], [127.64, 1325.12], [127.65, 1483.01], [127.66, 1285.75], [127.67, 1663.57], [127.68, 1359.96], [127.69, 1440.53], [127.7, 1751.64], [127.71, 1616.83], [127.72, 2293.82], [127.73, 3414.9], [127.74, 1845.18], [127.75, 1915.25], [127.76, 1042.66], [127.77, 1053.67], [127.78, 2047.9], [127.79, 1183.53], [127.8, 1570.12], [127.81, 1110.33], [127.82, 1849.3]], "timestamp": "2025-12-17T06:51:27.056195+00:00"}, {"symbol": "SOLUSDT", "bids": [[127.66, 1310.85], [127.65, 1136.31], [127.64, 1244.86], [127.63, 1060.19], [127.62, 1388.48], [127.61, 1507.16], [127.6, 2798.41], [127.59, 894.91], [127.58, 1641.07], [127.57, 987.77], [127.56, 1071.94], [127.55, 855.93], [127.54, 948.33], [127.53, 822.74], [127.52, 1404.89], [127.51, 2622.28], [127.5, 3161.06], [127.49, 655.83], [127.48, 1474.68], [127.47, 1257.57]], "asks": [[127.67, 580.84], [127.68, 467.47], [127.69, 1515.97], [127.7, 1626.06], [127.71, 1963.75], [127.72, 2100.24], [127.73, 1248.43], [127.74, 978.54], [127.75, 1706.94], [127.76, 1609.21], [127.77, 3585.22], [127.78, 1220.16], [127.79, 975.97], [127.8, 1756.07], [127.81, 1070.73], [127.82, 1859.61], [127.83, 798.53], [127.84, 1246.14], [127.85, 918.95], [127.86, 1047.52]], "timestamp": "2025-12-17T06:52:18.521678+00:00"}, {"symbol": "SOLUSDT", "bids": [[127.64, 420.15], [127.63, 334.47], [127.62, 865.37], [127.61, 1511.53], [127.6, 1284.95], [127.59, 1124.89], [127.58, 1097.86], [127.57, 1324.85], [127.56, 2755.79], [127.55, 1126.22], [127.54, 1306.22], [127.53, 2328.15], [127.52, 934.2], [127.51, 1439.72], [127.5, 2810.57], [127.49, 870.94], [127.48, 1462.32], [127.47, 1087.46], [127.46, 1353.7], [127.45, 3592.02]], "asks": [[127.65, 1003.8], [127.66, 1518.56], [127.67, 1834.97], [127.68, 2133.33], [127.69, 3702.67], [127.7, 1785.97], [127.71, 1835.34], [127.72, 1835.19], [127.73, 1075.29], [127.74, 2165.18], [127.75, 4279.29], [127.76, 1216.47], [127.77, 1629.09], [127.78, 1613.65], [127.79, 977.82], [127.8, 1607.27], [127.81, 1149.59], [127.82, 1829.79], [127.83, 1394.39], [127.84, 2278.06]], "timestamp": "2025-12-17T06:53:09.935511+00:00"}, {"symbol": "SOLUSDT", "bids": [[127.64, 134.2], [127.63, 560.61], [127.62, 888.37], [127.61, 1796.7], [127.6, 1200.98], [127.59, 871.45], [127.58, 721.33], [127.57, 2510.45], [127.56, 1397.95], [127.55, 1098.86], [127.54, 1050.3], [127.53, 729.36], [127.52, 999.2], [127.51, 1489.38], [127.5, 2963.77], [127.49, 824.92], [127.48, 3002.04], [127.47, 967.5], [127.46, 1238.97], [127.45, 3056.0]], "asks": [[127.65, 1282.0], [127.66, 1369.03], [127.67, 1662.74], [127.68, 2029.09], [127.69, 3732.85], [127.7, 1886.81], [127.71, 1888.15], [127.72, 1832.57], [127.73, 1081.65], [127.74, 1832.49], [127.75, 2098.02], [127.76, 3934.44], [127.77, 1490.2], [127.78, 2114.76], [127.79, 984.05], [127.8, 1528.87], [127.81, 1146.1], [127.82, 3268.05], [127.83, 1434.46], [127.84, 1365.18]], "timestamp": "2025-12-17T06:54:01.334134+00:00"}, {"symbol": "SOLUSDT", "bids": [[127.65, 634.74], [127.64, 553.2], [127.63, 939.19], [127.62, 1281.06], [127.61, 2016.88], [127.6, 1446.89], [127.59, 787.93], [127.58, 2469.71], [127.57, 1143.32], [127.56, 1358.22], [127.55, 912.3], [127.54, 1141.96], [127.53, 1502.8], [127.52, 824.49], [127.51, 1328.6], [127.5, 2846.35], [127.49, 997.2], [127.48, 3106.08], [127.47, 1127.05], [127.46, 1166.2]], "asks": [[127.66, 671.25], [127.67, 1019.14], [127.68, 2094.4], [127.69, 3131.59], [127.7, 2380.13], [127.71, 1699.31], [127.72, 1835.09], [127.73, 1078.89], [127.74, 1910.33], [127.75, 2188.14], [127.76, 3758.09], [127.77, 1555.76], [127.78, 2155.57], [127.79, 983.19], [127.8, 1566.24], [127.81, 1241.05], [127.82, 3255.74], [127.83, 1471.66], [127.84, 1366.78], [127.85, 974.08]], "timestamp": "2025-12-17T06:54:52.781411+00:00"}, {"symbol": "SOLUSDT", "bids": [[127.6, 48.82], [127.59, 220.88], [127.58, 556.82], [127.57, 631.15], [127.56, 1375.87], [127.55, 1927.93], [127.54, 1568.46], [127.53, 1148.19], [127.52, 981.69], [127.51, 1443.85], [127.5, 2929.98], [127.49, 822.05], [127.48, 1644.76], [127.47, 1177.66], [127.46, 2422.21], [127.45, 3348.16], [127.44, 888.03], [127.43, 907.57], [127.42, 961.58], [127.41, 1296.24]], "asks": [[127.61, 2899.71], [127.62, 1747.11], [127.63, 1732.78], [127.64, 2839.16], [127.65, 4850.27], [127.66, 1973.47], [127.67, 1447.29], [127.68, 1927.52], [127.69, 2269.34], [127.7, 4087.62], [127.71, 1119.9], [127.72, 1932.14], [127.73, 1118.95], [127.74, 1512.09], [127.75, 1323.68], [127.76, 1025.58], [127.77, 2303.39], [127.78, 3413.79], [127.79, 872.99], [127.8, 1407.5]], "timestamp": "2025-12-17T06:55:45.064572+00:00"}, {"symbol": "SOLUSDT", "bids": [[127.57, 567.55], [127.56, 572.73], [127.55, 1448.59], [127.54, 1011.96], [127.53, 1370.1], [127.52, 1277.14], [127.51, 1507.82], [127.5, 1610.34], [127.49, 2763.76], [127.48, 1438.65], [127.47, 988.9], [127.46, 768.15], [127.45, 1648.47], [127.44, 3754.4], [127.43, 794.07], [127.42, 1115.44], [127.41, 1232.16], [127.4, 1715.83], [127.39, 2737.36], [127.38, 1353.95]], "asks": [[127.58, 1255.32], [127.59, 925.74], [127.6, 1483.32], [127.61, 1761.34], [127.62, 2323.15], [127.63, 1741.91], [127.64, 2494.82], [127.65, 3956.32], [127.66, 1871.16], [127.67, 1734.62], [127.68, 4433.77], [127.69, 1378.8], [127.7, 1512.78], [127.71, 1014.4], [127.72, 1247.14], [127.73, 1951.17], [127.74, 1577.07], [127.75, 1088.35], [127.76, 942.46], [127.77, 1435.8]], "timestamp": "2025-12-17T06:56:36.512350+00:00"}, {"symbol": "SOLUSDT", "bids": [[127.65, 568.37], [127.64, 725.47], [127.63, 801.82], [127.62, 1039.37], [127.61, 1583.73], [127.6, 2265.98], [127.59, 1334.97], [127.58, 1252.43], [127.57, 1236.51], [127.56, 2763.35], [127.55, 1075.2], [127.54, 1014.6], [127.53, 716.91], [127.52, 1104.55], [127.51, 1826.28], [127.5, 3848.01], [127.49, 2030.36], [127.48, 1779.11], [127.47, 2609.78], [127.46, 786.32]], "asks": [[127.66, 905.9], [127.67, 915.39], [127.68, 1334.23], [127.69, 1769.83], [127.7, 2400.75], [127.71, 1308.81], [127.72, 1424.11], [127.73, 1104.89], [127.74, 1826.56], [127.75, 1694.23], [127.76, 4337.96], [127.77, 1576.37], [127.78, 2318.33], [127.79, 1991.89], [127.8, 1652.17], [127.81, 2133.57], [127.82, 1393.38], [127.83, 1271.25], [127.84, 1103.5], [127.85, 923.17]], "timestamp": "2025-12-17T06:57:28.076540+00:00"}, {"symbol": "SOLUSDT", "bids": [[127.67, 191.54], [127.66, 417.81], [127.65, 1895.66], [127.64, 1618.21], [127.63, 1624.3], [127.62, 1035.69], [127.61, 1127.58], [127.6, 1704.84], [127.59, 2758.84], [127.58, 997.53], [127.57, 690.01], [127.56, 932.5], [127.55, 1195.09], [127.54, 1322.71], [127.53, 1510.2], [127.52, 3752.05], [127.51, 1380.79], [127.5, 1999.04], [127.49, 1305.19], [127.48, 1989.8]], "asks": [[127.68, 1960.18], [127.69, 1780.11], [127.7, 1514.15], [127.71, 1602.84], [127.72, 2093.12], [127.73, 1558.85], [127.74, 2021.98], [127.75, 1489.53], [127.76, 1403.57], [127.77, 1782.27], [127.78, 4583.19], [127.79, 1647.78], [127.8, 1471.13], [127.81, 776.63], [127.82, 1236.33], [127.83, 1709.78], [127.84, 1218.28], [127.85, 1840.13], [127.86, 1213.35], [127.87, 1331.62]], "timestamp": "2025-12-17T06:58:19.394022+00:00"}, {"symbol": "SOLUSDT", "bids": [[127.67, 671.63], [127.66, 6193.91], [127.65, 1263.0], [127.64, 1175.33], [127.63, 1583.8], [127.62, 1127.7], [127.61, 1137.28], [127.6, 1545.58], [127.59, 1392.22], [127.58, 3084.73], [127.57, 697.81], [127.56, 923.98], [127.55, 998.19], [127.54, 1363.69], [127.53, 1330.19], [127.52, 4092.34], [127.51, 1605.81], [127.5, 1739.1], [127.49, 1109.09], [127.48, 1885.79]], "asks": [[127.68, 777.68], [127.69, 1538.44], [127.7, 1601.35], [127.71, 1768.2], [127.72, 1979.74], [127.73, 1293.25], [127.74, 1949.34], [127.75, 1092.7], [127.76, 1443.53], [127.77, 1730.62], [127.78, 4585.84], [127.79, 1496.77], [127.8, 1725.51], [127.81, 1468.52], [127.82, 1044.71], [127.83, 1772.55], [127.84, 1207.65], [127.85, 1822.16], [127.86, 1190.97], [127.87, 1309.2]], "timestamp": "2025-12-17T06:59:11.009578+00:00"}, {"symbol": "SOLUSDT", "bids": [[127.72, 317.91], [127.71, 542.29], [127.7, 957.82], [127.69, 1388.43], [127.68, 2442.62], [127.67, 5220.64], [127.66, 671.25], [127.65, 906.43], [127.64, 1542.23], [127.63, 1418.81], [127.62, 2970.41], [127.61, 820.6], [127.6, 963.29], [127.59, 904.69], [127.58, 1917.37], [127.57, 969.44], [127.56, 1622.75], [127.55, 2586.93], [127.54, 1225.87], [127.53, 1233.5]], "asks": [[127.73, 1128.05], [127.74, 1182.48], [127.75, 1373.74], [127.76, 1817.32], [127.77, 2552.42], [127.78, 1167.01], [127.79, 1428.6], [127.8, 804.83], [127.81, 1126.0], [127.82, 1266.92], [127.83, 1819.7], [127.84, 1756.72], [127.85, 1188.35], [127.86, 1138.75], [127.87, 1189.46], [127.88, 1990.5], [127.89, 1115.27], [127.9, 1470.68], [127.91, 830.2], [127.92, 1278.66]], "timestamp": "2025-12-17T07:00:02.413520+00:00"}, {"symbol": "SOLUSDT", "bids": [[127.71, 1457.71], [127.7, 891.5], [127.69, 1132.22], [127.68, 1485.93], [127.67, 1907.39], [127.66, 2202.49], [127.65, 1886.1], [127.64, 1542.11], [127.63, 2990.68], [127.62, 1078.84], [127.61, 649.27], [127.6, 1028.27], [127.59, 826.66], [127.58, 949.64], [127.57, 2294.58], [127.56, 2992.32], [127.55, 1528.22], [127.54, 1515.61], [127.53, 2759.89], [127.52, 1218.63]], "asks": [[127.72, 677.22], [127.73, 442.88], [127.74, 940.57], [127.75, 1389.94], [127.76, 1706.54], [127.77, 2263.11], [127.78, 1536.72], [127.79, 1781.26], [127.8, 1564.49], [127.81, 1588.12], [127.82, 4411.02], [127.83, 1429.35], [127.84, 1477.47], [127.85, 1779.58], [127.86, 979.54], [127.87, 1182.16], [127.88, 2316.44], [127.89, 971.5], [127.9, 1305.52], [127.91, 795.76]], "timestamp": "2025-12-17T07:00:54.009989+00:00"}, {"symbol": "SOLUSDT", "bids": [[127.81, 1379.76], [127.8, 1089.69], [127.79, 1535.45], [127.78, 1163.12], [127.77, 1547.64], [127.76, 2298.63], [127.75, 3069.3], [127.74, 1461.33], [127.73, 971.64], [127.72, 1573.02], [127.71, 855.93], [127.7, 784.34], [127.69, 1367.11], [127.68, 1198.83], [127.67, 710.69], [127.66, 1218.95], [127.65, 1976.85], [127.64, 1194.2], [127.63, 1404.1], [127.62, 3135.09]], "asks": [[127.82, 616.15], [127.83, 867.19], [127.84, 1977.08], [127.85, 679.78], [127.86, 1719.91], [127.87, 2251.05], [127.88, 1726.94], [127.89, 992.87], [127.9, 1411.3], [127.91, 1726.47], [127.92, 3625.69], [127.93, 1535.14], [127.94, 2457.74], [127.95, 1123.56], [127.96, 1733.71], [127.97, 1005.86], [127.98, 806.72], [127.99, 1407.48], [128.0, 2804.16], [128.01, 905.49]], "timestamp": "2025-12-17T07:01:45.752053+00:00"}, {"symbol": "SOLUSDT", "bids": [[127.77, 434.4], [127.76, 832.13], [127.75, 439.24], [127.74, 1333.49], [127.73, 1147.29], [127.72, 1904.91], [127.71, 1181.5], [127.7, 1293.58], [127.69, 1775.13], [127.68, 2855.38], [127.67, 711.13], [127.66, 984.53], [127.65, 898.89], [127.64, 1162.57], [127.63, 2286.48], [127.62, 2903.79], [127.61, 831.44], [127.6, 1597.97], [127.59, 764.15], [127.58, 1081.82]], "asks": [[127.78, 934.46], [127.79, 1246.17], [127.8, 1680.43], [127.81, 1732.39], [127.82, 2043.3], [127.83, 1716.42], [127.84, 1523.9], [127.85, 2285.31], [127.86, 1587.13], [127.87, 1697.44], [127.88, 3596.57], [127.89, 1435.1], [127.9, 2338.41], [127.91, 853.59], [127.92, 1423.74], [127.93, 2470.18], [127.94, 2489.91], [127.95, 1149.01], [127.96, 1109.34], [127.97, 977.42]], "timestamp": "2025-12-17T07:02:37.178833+00:00"}, {"symbol": "SOLUSDT", "bids": [[127.82, 1677.19], [127.81, 1739.36], [127.8, 1126.36], [127.79, 1263.05], [127.78, 1596.83], [127.77, 1861.89], [127.76, 1118.42], [127.75, 1917.66], [127.74, 1434.99], [127.73, 1152.57], [127.72, 2839.35], [127.71, 1057.4], [127.7, 648.66], [127.69, 1290.72], [127.68, 880.44], [127.67, 1118.82], [127.66, 2068.9], [127.65, 929.28], [127.64, 1267.46], [127.63, 1104.46]], "asks": [[127.83, 166.05], [127.84, 810.07], [127.85, 1911.11], [127.86, 1810.14], [127.87, 938.34], [127.88, 1384.03], [127.89, 1427.9], [127.9, 2134.1], [127.91, 1387.41], [127.92, 3132.91], [127.93, 1572.09], [127.94, 3133.79], [127.95, 1189.97], [127.96, 1399.39], [127.97, 993.8], [127.98, 1112.35], [127.99, 1470.32], [128.0, 2549.37], [128.01, 698.86], [128.02, 743.89]], "timestamp": "2025-12-17T07:03:28.682699+00:00"}, {"symbol": "SOLUSDT", "bids": [[127.87, 678.62], [127.86, 669.43], [127.85, 1206.53], [127.84, 1569.22], [127.83, 2192.23], [127.82, 2874.63], [127.81, 4833.07], [127.8, 4097.63], [127.79, 2409.9], [127.78, 2119.25], [127.77, 3493.49], [127.76, 789.64], [127.75, 961.0], [127.74, 834.34], [127.73, 774.29], [127.72, 2237.68], [127.71, 880.31], [127.7, 1399.56], [127.69, 1523.06], [127.68, 1220.97]], "asks": [[127.88, 786.43], [127.89, 1103.85], [127.9, 2411.36], [127.91, 1216.98], [127.92, 1209.42], [127.93, 1413.6], [127.94, 1937.2], [127.95, 1145.22], [127.96, 1569.38], [127.97, 1456.56], [127.98, 3115.1], [127.99, 1469.31], [128.0, 2850.03], [128.01, 2124.7], [128.02, 1076.64], [128.03, 1820.48], [128.04, 776.11], [128.05, 662.67], [128.06, 955.79], [128.07, 1150.96]], "timestamp": "2025-12-17T07:04:20.253741+00:00"}, {"symbol": "SOLUSDT", "bids": [[127.88, 524.53], [127.87, 344.18], [127.86, 777.08], [127.85, 1227.78], [127.84, 1811.43], [127.83, 2023.95], [127.82, 2836.67], [127.81, 4901.12], [127.8, 3886.37], [127.79, 1366.21], [127.78, 3442.86], [127.77, 787.23], [127.76, 972.27], [127.75, 1188.91], [127.74, 767.44], [127.73, 970.62], [127.72, 2537.54], [127.71, 2725.69], [127.7, 1414.04], [127.69, 1339.47]], "asks": [[127.89, 914.15], [127.9, 2002.99], [127.91, 1722.71], [127.92, 1351.64], [127.93, 1506.77], [127.94, 1129.92], [127.95, 1487.78], [127.96, 1746.06], [127.97, 1421.51], [127.98, 3895.28], [127.99, 1373.18], [128.0, 3009.75], [128.01, 1778.88], [128.02, 1491.92], [128.03, 1940.46], [128.04, 862.69], [128.05, 648.32], [128.06, 918.88], [128.07, 1084.06], [128.08, 1496.99]], "timestamp": "2025-12-17T07:05:11.921578+00:00"}, {"symbol": "SOLUSDT", "bids": [[127.92, 897.53], [127.91, 501.61], [127.9, 1065.37], [127.89, 1054.64], [127.88, 1411.18], [127.87, 1943.01], [127.86, 2063.02], [127.85, 1623.12], [127.84, 1514.12], [127.83, 3445.48], [127.82, 852.77], [127.81, 1350.83], [127.8, 742.08], [127.79, 746.01], [127.78, 745.72], [127.77, 1117.79], [127.76, 1368.26], [127.75, 2583.6], [127.74, 2256.64], [127.73, 687.05]], "asks": [[127.93, 563.4], [127.94, 1575.9], [127.95, 2210.27], [127.96, 1745.23], [127.97, 1677.88], [127.98, 1583.99], [127.99, 1771.87], [128.0, 2213.71], [128.01, 1481.6], [128.02, 1426.59], [128.03, 3185.11], [128.04, 1237.99], [128.05, 1381.77], [128.06, 1856.27], [128.07, 1412.12], [128.08, 2865.54], [128.09, 1738.46], [128.1, 1119.72], [128.11, 577.83], [128.12, 1061.77]], "timestamp": "2025-12-17T07:06:03.516073+00:00"}, {"symbol": "SOLUSDT", "bids": [[128.04, 766.17], [128.03, 625.12], [128.02, 1384.8], [128.01, 1278.26], [128.0, 1277.13], [127.99, 1329.81], [127.98, 784.63], [127.97, 842.52], [127.96, 1482.66], [127.95, 2386.91], [127.94, 983.78], [127.93, 1076.75], [127.92, 830.95], [127.91, 1264.07], [127.9, 1410.35], [127.89, 3446.1], [127.88, 983.87], [127.87, 1407.41], [127.86, 2483.79], [127.85, 717.3]], "asks": [[128.05, 1340.62], [128.06, 949.36], [128.07, 1153.68], [128.08, 1308.08], [128.09, 2234.99], [128.1, 1414.53], [128.11, 1949.29], [128.12, 2210.18], [128.13, 2285.82], [128.14, 3756.5], [128.15, 1848.75], [128.16, 2062.84], [128.17, 1138.26], [128.18, 1528.47], [128.19, 2052.06], [128.2, 2399.84], [128.21, 2178.94], [128.22, 1877.75], [128.23, 2153.55], [128.24, 1315.26]], "timestamp": "2025-12-17T07:06:54.892571+00:00"}, {"symbol": "SOLUSDT", "bids": [[127.94, 545.0], [127.93, 481.73], [127.92, 1123.48], [127.91, 749.1], [127.9, 2014.46], [127.89, 1111.69], [127.88, 1299.6], [127.87, 905.19], [127.86, 1183.26], [127.85, 2684.37], [127.84, 1058.72], [127.83, 983.05], [127.82, 883.01], [127.81, 1265.26], [127.8, 984.7], [127.79, 1888.39], [127.78, 2376.73], [127.77, 1237.63], [127.76, 983.85], [127.75, 992.26]], "asks": [[127.95, 903.04], [127.96, 919.98], [127.97, 1363.16], [127.98, 1398.23], [127.99, 2122.92], [128.0, 2034.43], [128.01, 1353.49], [128.02, 1669.69], [128.03, 1498.76], [128.04, 1344.29], [128.05, 3233.27], [128.06, 1618.88], [128.07, 1615.39], [128.08, 757.21], [128.09, 1488.42], [128.1, 1037.71], [128.11, 1077.74], [128.12, 1084.66], [128.13, 1725.1], [128.14, 1086.82]], "timestamp": "2025-12-17T07:07:46.321845+00:00"}, {"symbol": "SOLUSDT", "bids": [[127.97, 1959.69], [127.96, 742.82], [127.95, 1073.04], [127.94, 1405.53], [127.93, 1672.02], [127.92, 1270.07], [127.91, 1653.77], [127.9, 1521.4], [127.89, 2354.47], [127.88, 3407.36], [127.87, 981.74], [127.86, 864.07], [127.85, 900.87], [127.84, 1273.03], [127.83, 989.41], [127.82, 859.61], [127.81, 2059.97], [127.8, 1343.83], [127.79, 970.66], [127.78, 1263.47]], "asks": [[127.98, 66.5], [127.99, 1003.26], [128.0, 1196.33], [128.01, 981.25], [128.02, 1024.65], [128.03, 2003.59], [128.04, 1075.16], [128.05, 1237.9], [128.06, 1417.66], [128.07, 1752.15], [128.08, 2742.67], [128.09, 1275.02], [128.1, 1525.59], [128.11, 2076.42], [128.12, 1903.32], [128.13, 951.78], [128.14, 742.06], [128.15, 1601.91], [128.16, 1047.57], [128.17, 852.56]], "timestamp": "2025-12-17T07:08:38.743210+00:00"}, {"symbol": "SOLUSDT", "bids": [[127.98, 1151.08], [127.97, 721.58], [127.96, 760.06], [127.95, 1358.81], [127.94, 2192.85], [127.93, 2045.74], [127.92, 1246.64], [127.91, 2080.11], [127.9, 3209.75], [127.89, 1081.04], [127.88, 707.41], [127.87, 834.52], [127.86, 714.25], [127.85, 874.68], [127.84, 2214.13], [127.83, 1383.59], [127.82, 1312.39], [127.81, 2484.58], [127.8, 1662.44], [127.79, 2658.51]], "asks": [[127.99, 1295.3], [128.0, 782.0], [128.01, 539.13], [128.02, 1068.03], [128.03, 1755.79], [128.04, 1892.88], [128.05, 1284.9], [128.06, 1592.63], [128.07, 1752.53], [128.08, 1546.53], [128.09, 3207.29], [128.1, 1523.76], [128.11, 1237.89], [128.12, 1897.7], [128.13, 1099.54], [128.14, 2025.95], [128.15, 1664.78], [128.16, 1129.0], [128.17, 944.68], [128.18, 1468.36]], "timestamp": "2025-12-17T07:09:30.771165+00:00"}, {"symbol": "SOLUSDT", "bids": [[127.88, 851.4], [127.87, 703.22], [127.86, 707.15], [127.85, 1044.36], [127.84, 1852.45], [127.83, 1964.68], [127.82, 1617.63], [127.81, 1170.88], [127.8, 2398.78], [127.79, 706.16], [127.78, 1159.14], [127.77, 1021.89], [127.76, 1219.15], [127.75, 1389.56], [127.74, 3554.52], [127.73, 890.59], [127.72, 949.41], [127.71, 797.58], [127.7, 1732.98], [127.69, 2807.8]], "asks": [[127.89, 779.96], [127.9, 674.5], [127.91, 1366.96], [127.92, 1629.54], [127.93, 2219.41], [127.94, 2606.52], [127.95, 1790.69], [127.96, 1686.91], [127.97, 1674.3], [127.98, 1978.12], [127.99, 4015.13], [128.0, 2013.99], [128.01, 892.49], [128.02, 1016.38], [128.03, 1303.32], [128.04, 1717.54], [128.05, 1233.14], [128.06, 2265.31], [128.07, 2439.87], [128.08, 873.93]], "timestamp": "2025-12-17T07:10:22.604381+00:00"}, {"symbol": "SOLUSDT", "bids": [[127.81, 514.01], [127.8, 802.48], [127.79, 700.67], [127.78, 1357.16], [127.77, 1504.84], [127.76, 2038.26], [127.75, 1190.44], [127.74, 1781.04], [127.73, 3551.73], [127.72, 2235.89], [127.71, 977.23], [127.7, 939.22], [127.69, 1038.44], [127.68, 1179.36], [127.67, 913.77], [127.66, 1740.72], [127.65, 1305.19], [127.64, 1322.82], [127.63, 837.92], [127.62, 1703.11]], "asks": [[127.82, 537.16], [127.83, 1226.37], [127.84, 853.67], [127.85, 1188.85], [127.86, 1697.91], [127.87, 962.56], [127.88, 1480.7], [127.89, 1792.59], [127.9, 1398.11], [127.91, 2990.52], [127.92, 2454.19], [127.93, 713.7], [127.94, 1116.78], [127.95, 1397.7], [127.96, 1523.3], [127.97, 926.7], [127.98, 1402.24], [127.99, 1519.57], [128.0, 1704.59], [128.01, 2182.36]], "timestamp": "2025-12-17T07:11:13.943479+00:00"}, {"symbol": "SOLUSDT", "bids": [[127.9, 1492.18], [127.89, 727.57], [127.88, 1402.53], [127.87, 1952.05], [127.86, 2036.95], [127.85, 1047.06], [127.84, 1560.76], [127.83, 1009.18], [127.82, 2767.94], [127.81, 1220.02], [127.8, 1047.57], [127.79, 597.42], [127.78, 1128.71], [127.77, 1063.41], [127.76, 1476.95], [127.75, 1988.74], [127.74, 1498.21], [127.73, 3847.16], [127.72, 1442.73], [127.71, 1337.5]], "asks": [[127.91, 378.81], [127.92, 287.21], [127.93, 1151.39], [127.94, 1225.43], [127.95, 1397.7], [127.96, 1441.79], [127.97, 1672.37], [127.98, 1732.67], [127.99, 1842.25], [128.0, 3094.4], [128.01, 1104.61], [128.02, 1034.89], [128.03, 1459.84], [128.04, 1209.76], [128.05, 1541.66], [128.06, 3672.17], [128.07, 1022.14], [128.08, 929.19], [128.09, 988.32], [128.1, 1200.07]], "timestamp": "2025-12-17T07:12:05.519505+00:00"}, {"symbol": "SOLUSDT", "bids": [[127.9, 2637.5], [127.89, 507.74], [127.88, 1584.69], [127.87, 2045.08], [127.86, 1969.15], [127.85, 1483.55], [127.84, 1273.28], [127.83, 1100.63], [127.82, 3008.85], [127.81, 1247.87], [127.8, 1093.07], [127.79, 642.38], [127.78, 1519.37], [127.77, 2068.06], [127.76, 1372.72], [127.75, 924.01], [127.74, 1198.45], [127.73, 2501.7], [127.72, 2953.0], [127.71, 1112.31]], "asks": [[127.91, 718.58], [127.92, 613.84], [127.93, 1029.92], [127.94, 1296.56], [127.95, 2269.94], [127.96, 1218.52], [127.97, 1443.91], [127.98, 1437.27], [127.99, 2523.94], [128.0, 1276.28], [128.01, 2810.25], [128.02, 828.68], [128.03, 1694.04], [128.04, 1218.58], [128.05, 1586.23], [128.06, 3590.47], [128.07, 590.91], [128.08, 644.31], [128.09, 1430.61], [128.1, 1364.71]], "timestamp": "2025-12-17T07:12:57.027629+00:00"}, {"symbol": "SOLUSDT", "bids": [[127.81, 1481.6], [127.8, 651.38], [127.79, 732.4], [127.78, 1403.58], [127.77, 1501.4], [127.76, 2076.83], [127.75, 911.89], [127.74, 984.02], [127.73, 2086.86], [127.72, 1261.62], [127.71, 1164.56], [127.7, 872.44], [127.69, 1034.76], [127.68, 1375.69], [127.67, 2067.83], [127.66, 955.66], [127.65, 2558.28], [127.64, 1222.08], [127.63, 1148.85], [127.62, 2905.16]], "asks": [[127.82, 373.89], [127.83, 546.7], [127.84, 850.74], [127.85, 1552.99], [127.86, 2121.95], [127.87, 1483.86], [127.88, 1362.01], [127.89, 1770.91], [127.9, 1512.76], [127.91, 3219.76], [127.92, 1430.22], [127.93, 1118.39], [127.94, 1422.51], [127.95, 1374.86], [127.96, 776.36], [127.97, 1279.85], [127.98, 3076.01], [127.99, 1669.85], [128.0, 1597.84], [128.01, 966.52]], "timestamp": "2025-12-17T07:13:48.399003+00:00"}, {"symbol": "SOLUSDT", "bids": [[127.79, 816.04], [127.78, 964.75], [127.77, 1046.23], [127.76, 1068.69], [127.75, 1482.36], [127.74, 1747.99], [127.73, 991.62], [127.72, 1842.29], [127.71, 2473.44], [127.7, 906.41], [127.69, 874.95], [127.68, 1416.78], [127.67, 1202.54], [127.66, 1921.85], [127.65, 992.48], [127.64, 1389.99], [127.63, 2307.08], [127.62, 1330.1], [127.61, 1266.82], [127.6, 1664.83]], "asks": [[127.8, 734.51], [127.81, 714.81], [127.82, 910.67], [127.83, 1514.97], [127.84, 1669.12], [127.85, 2129.73], [127.86, 1726.54], [127.87, 1199.44], [127.88, 1077.86], [127.89, 1512.84], [127.9, 4074.75], [127.91, 1003.9], [127.92, 1898.37], [127.93, 1477.93], [127.94, 829.63], [127.95, 1223.85], [127.96, 903.65], [127.97, 1186.06], [127.98, 2667.44], [127.99, 1895.13]], "timestamp": "2025-12-17T07:14:40.108403+00:00"}, {"symbol": "SOLUSDT", "bids": [[127.76, 1733.66], [127.75, 378.28], [127.74, 1160.46], [127.73, 901.47], [127.72, 1998.26], [127.71, 1205.81], [127.7, 890.98], [127.69, 1150.23], [127.68, 3020.79], [127.67, 1006.87], [127.66, 793.18], [127.65, 950.63], [127.64, 1790.21], [127.63, 3584.03], [127.62, 1020.03], [127.61, 1114.63], [127.6, 1243.71], [127.59, 1130.05], [127.58, 2540.14], [127.57, 1079.08]], "asks": [[127.77, 1097.84], [127.78, 1321.05], [127.79, 1363.8], [127.8, 1565.34], [127.81, 2454.48], [127.82, 1850.85], [127.83, 1538.86], [127.84, 1104.6], [127.85, 1563.52], [127.86, 1918.72], [127.87, 3820.55], [127.88, 1501.98], [127.89, 1445.85], [127.9, 1227.08], [127.91, 859.87], [127.92, 1407.14], [127.93, 1797.39], [127.94, 2187.87], [127.95, 1353.41], [127.96, 1351.5]], "timestamp": "2025-12-17T07:15:31.767318+00:00"}, {"symbol": "SOLUSDT", "bids": [[127.82, 1961.29], [127.81, 1149.34], [127.8, 681.36], [127.79, 1520.14], [127.78, 1825.49], [127.77, 1197.73], [127.76, 1974.29], [127.75, 1083.99], [127.74, 2769.47], [127.73, 874.29], [127.72, 1179.68], [127.71, 1142.71], [127.7, 1340.66], [127.69, 1086.29], [127.68, 1556.76], [127.67, 1086.17], [127.66, 2114.5], [127.65, 1023.35], [127.64, 1074.61], [127.63, 1411.67]], "asks": [[127.83, 36.29], [127.84, 378.08], [127.85, 1401.9], [127.86, 1896.09], [127.87, 1385.64], [127.88, 1412.82], [127.89, 922.34], [127.9, 902.01], [127.91, 1083.45], [127.92, 2392.07], [127.93, 2861.43], [127.94, 2541.82], [127.95, 1182.71], [127.96, 1539.73], [127.97, 1097.21], [127.98, 2220.64], [127.99, 1968.79], [128.0, 1578.77], [128.01, 1041.09], [128.02, 1424.66]], "timestamp": "2025-12-17T07:16:23.265358+00:00"}, {"symbol": "SOLUSDT", "bids": [[127.74, 1178.42], [127.73, 920.54], [127.72, 985.25], [127.71, 1578.26], [127.7, 1925.26], [127.69, 722.31], [127.68, 1366.01], [127.67, 1524.95], [127.66, 2769.46], [127.65, 1268.15], [127.64, 1196.92], [127.63, 1101.03], [127.62, 1390.75], [127.61, 916.03], [127.6, 1717.73], [127.59, 2429.29], [127.58, 2002.98], [127.57, 880.55], [127.56, 1075.67], [127.55, 1358.46]], "asks": [[127.75, 346.71], [127.76, 1058.11], [127.77, 1905.66], [127.78, 1131.89], [127.79, 2056.78], [127.8, 1657.12], [127.81, 1742.68], [127.82, 1584.24], [127.83, 998.86], [127.84, 1696.35], [127.85, 3490.65], [127.86, 1843.12], [127.87, 794.79], [127.88, 2126.85], [127.89, 1347.63], [127.9, 2088.66], [127.91, 874.29], [127.92, 1328.33], [127.93, 754.95], [127.94, 1257.26]], "timestamp": "2025-12-17T07:17:15.012034+00:00"}, {"symbol": "SOLUSDT", "bids": [[127.68, 755.46], [127.67, 681.48], [127.66, 1032.36], [127.65, 1910.34], [127.64, 1501.86], [127.63, 1100.82], [127.62, 987.08], [127.61, 1847.39], [127.6, 3069.25], [127.59, 928.11], [127.58, 1135.96], [127.57, 1459.25], [127.56, 1452.99], [127.55, 2689.36], [127.54, 1564.98], [127.53, 1989.19], [127.52, 897.27], [127.51, 1101.05], [127.5, 2104.68], [127.49, 942.33]], "asks": [[127.69, 1114.47], [127.7, 773.62], [127.71, 1064.58], [127.72, 1370.99], [127.73, 1772.02], [127.74, 1793.24], [127.75, 1498.06], [127.76, 1828.03], [127.77, 2590.54], [127.78, 1397.81], [127.79, 3351.15], [127.8, 1729.85], [127.81, 667.1], [127.82, 983.84], [127.83, 1207.63], [127.84, 1611.23], [127.85, 1573.63], [127.86, 1700.06], [127.87, 950.77], [127.88, 2109.48]], "timestamp": "2025-12-17T07:18:06.343961+00:00"}, {"symbol": "SOLUSDT", "bids": [[127.63, 602.2], [127.62, 446.8], [127.61, 1685.25], [127.6, 750.78], [127.59, 1032.29], [127.58, 1540.31], [127.57, 2504.28], [127.56, 1099.3], [127.55, 1604.21], [127.54, 3233.44], [127.53, 888.69], [127.52, 1076.45], [127.51, 1380.67], [127.5, 3770.62], [127.49, 1823.74], [127.48, 1385.58], [127.47, 677.75], [127.46, 1179.51], [127.45, 1484.21], [127.44, 1866.75]], "asks": [[127.64, 1336.74], [127.65, 968.27], [127.66, 2100.18], [127.67, 2511.92], [127.68, 1254.4], [127.69, 1210.4], [127.7, 1286.57], [127.71, 1246.5], [127.72, 1329.11], [127.73, 1779.51], [127.74, 3691.54], [127.75, 1149.05], [127.76, 916.21], [127.77, 1035.94], [127.78, 1249.22], [127.79, 2422.5], [127.8, 2246.76], [127.81, 527.49], [127.82, 1024.98], [127.83, 1023.41]], "timestamp": "2025-12-17T07:18:58.006074+00:00"}, {"symbol": "SOLUSDT", "bids": [[127.58, 254.07], [127.57, 460.7], [127.56, 760.68], [127.55, 1515.81], [127.54, 1830.49], [127.53, 1315.08], [127.52, 1743.05], [127.51, 1729.98], [127.5, 2016.28], [127.49, 2895.63], [127.48, 1881.76], [127.47, 1229.4], [127.46, 991.23], [127.45, 1480.7], [127.44, 1171.9], [127.43, 3424.04], [127.42, 1050.33], [127.41, 1236.9], [127.4, 1885.3], [127.39, 1388.95]], "asks": [[127.59, 1028.33], [127.6, 1097.94], [127.61, 1548.11], [127.62, 2438.8], [127.63, 1690.3], [127.64, 1566.05], [127.65, 1055.46], [127.66, 1108.8], [127.67, 1215.48], [127.68, 1281.67], [127.69, 3166.62], [127.7, 2550.33], [127.71, 1345.44], [127.72, 709.1], [127.73, 1331.59], [127.74, 1605.8], [127.75, 1760.08], [127.76, 2173.35], [127.77, 924.48], [127.78, 1103.88]], "timestamp": "2025-12-17T07:19:49.594095+00:00"}, {"symbol": "SOLUSDT", "bids": [[127.72, 1659.32], [127.71, 861.81], [127.7, 1909.32], [127.69, 2453.54], [127.68, 2341.48], [127.67, 2486.62], [127.66, 1074.4], [127.65, 3551.98], [127.64, 1423.53], [127.63, 1954.58], [127.62, 1979.68], [127.61, 841.2], [127.6, 1010.94], [127.59, 1348.85], [127.58, 2112.49], [127.57, 826.11], [127.56, 1093.84], [127.55, 1598.43], [127.54, 1388.52], [127.53, 1095.44]], "asks": [[127.73, 162.75], [127.74, 336.68], [127.75, 989.38], [127.76, 1408.6], [127.77, 1783.25], [127.78, 1485.24], [127.79, 1595.46], [127.8, 1445.08], [127.81, 1033.43], [127.82, 1685.47], [127.83, 2849.34], [127.84, 2967.44], [127.85, 1418.87], [127.86, 1410.98], [127.87, 802.81], [127.88, 1994.74], [127.89, 871.52], [127.9, 1202.98], [127.91, 649.63], [127.92, 1194.48]], "timestamp": "2025-12-17T07:20:41.181799+00:00"}, {"symbol": "SOLUSDT", "bids": [[127.86, 1416.04], [127.85, 817.79], [127.84, 1824.95], [127.83, 2449.73], [127.82, 4082.97], [127.81, 716.2], [127.8, 1368.08], [127.79, 1921.65], [127.78, 3624.96], [127.77, 1458.69], [127.76, 1861.46], [127.75, 979.88], [127.74, 698.73], [127.73, 708.84], [127.72, 1714.5], [127.71, 1101.91], [127.7, 1395.83], [127.69, 1269.23], [127.68, 1377.12], [127.67, 1103.32]], "asks": [[127.87, 741.71], [127.88, 516.35], [127.89, 758.87], [127.9, 729.52], [127.91, 1254.47], [127.92, 1600.25], [127.93, 1165.27], [127.94, 1955.86], [127.95, 1958.6], [127.96, 1270.62], [127.97, 803.39], [127.98, 1685.11], [127.99, 3701.87], [128.0, 1829.56], [128.01, 812.76], [128.02, 1657.62], [128.03, 1831.87], [128.04, 1355.61], [128.05, 1101.1], [128.06, 2239.6]], "timestamp": "2025-12-17T07:21:32.915224+00:00"}, {"symbol": "SOLUSDT", "bids": [[127.96, 402.61], [127.95, 1113.17], [127.94, 1735.52], [127.93, 2332.73], [127.92, 3489.86], [127.91, 1949.9], [127.9, 1991.84], [127.89, 1624.7], [127.88, 1458.33], [127.87, 3224.32], [127.86, 1229.25], [127.85, 1046.41], [127.84, 1501.1], [127.83, 1536.6], [127.82, 472.91], [127.81, 922.26], [127.8, 1221.77], [127.79, 1013.74], [127.78, 1276.49], [127.77, 1326.86]], "asks": [[127.97, 832.3], [127.98, 1556.0], [127.99, 1135.81], [128.0, 1635.36], [128.01, 1843.14], [128.02, 1432.15], [128.03, 1563.09], [128.04, 1827.33], [128.05, 2678.69], [128.06, 3528.62], [128.07, 1761.62], [128.08, 792.57], [128.09, 1510.96], [128.1, 3023.15], [128.11, 1120.71], [128.12, 2007.81], [128.13, 1031.01], [128.14, 679.37], [128.15, 872.92], [128.16, 1430.46]], "timestamp": "2025-12-17T07:22:24.476126+00:00"}, {"symbol": "SOLUSDT", "bids": [[127.95, 1740.78], [127.94, 1037.17], [127.93, 1046.18], [127.92, 1885.42], [127.91, 2241.88], [127.9, 2151.27], [127.89, 2393.74], [127.88, 1356.81], [127.87, 2885.74], [127.86, 1471.25], [127.85, 638.94], [127.84, 674.19], [127.83, 1690.03], [127.82, 1358.25], [127.81, 886.61], [127.8, 1643.42], [127.79, 1112.84], [127.78, 2757.53], [127.77, 963.07], [127.76, 2828.69]], "asks": [[127.96, 295.5], [127.97, 561.92], [127.98, 946.27], [127.99, 1692.28], [128.0, 2021.88], [128.01, 1842.15], [128.02, 1593.51], [128.03, 1270.25], [128.04, 1877.61], [128.05, 2389.09], [128.06, 2110.46], [128.07, 3557.84], [128.08, 825.32], [128.09, 1365.83], [128.1, 1612.67], [128.11, 803.11], [128.12, 2143.96], [128.13, 2244.18], [128.14, 705.33], [128.15, 828.15]], "timestamp": "2025-12-17T07:23:16.063713+00:00"}, {"symbol": "SOLUSDT", "bids": [[127.83, 161.31], [127.82, 245.89], [127.81, 719.45], [127.8, 813.47], [127.79, 1229.02], [127.78, 1657.7], [127.77, 2214.56], [127.76, 1147.09], [127.75, 1086.94], [127.74, 2619.0], [127.73, 707.78], [127.72, 994.33], [127.71, 1536.65], [127.7, 2484.08], [127.69, 2063.84], [127.68, 1077.77], [127.67, 962.84], [127.66, 687.99], [127.65, 896.47], [127.64, 1123.19]], "asks": [[127.84, 1302.66], [127.85, 1213.61], [127.86, 1451.6], [127.87, 1589.41], [127.88, 1967.23], [127.89, 1773.35], [127.9, 2662.24], [127.91, 2294.94], [127.92, 1004.55], [127.93, 3203.25], [127.94, 1678.27], [127.95, 1166.41], [127.96, 721.48], [127.97, 1168.05], [127.98, 1706.54], [127.99, 1994.41], [128.0, 2014.92], [128.01, 1037.92], [128.02, 681.16], [128.03, 1233.48]], "timestamp": "2025-12-17T07:24:07.893464+00:00"}, {"symbol": "SOLUSDT", "bids": [[127.86, 529.6], [127.85, 369.17], [127.84, 1262.83], [127.83, 1846.95], [127.82, 3359.31], [127.81, 1606.71], [127.8, 863.51], [127.79, 894.39], [127.78, 3020.77], [127.77, 1134.27], [127.76, 870.23], [127.75, 1214.43], [127.74, 762.45], [127.73, 747.03], [127.72, 1427.04], [127.71, 2329.85], [127.7, 2966.2], [127.69, 946.3], [127.68, 1371.05], [127.67, 2795.87]], "asks": [[127.87, 1220.26], [127.88, 1200.63], [127.89, 1109.41], [127.9, 1682.69], [127.91, 2769.87], [127.92, 1100.83], [127.93, 876.49], [127.94, 1261.2], [127.95, 1396.97], [127.96, 1621.07], [127.97, 3569.09], [127.98, 1374.15], [127.99, 1302.53], [128.0, 1920.63], [128.01, 1482.92], [128.02, 2604.52], [128.03, 1037.14], [128.04, 1428.32], [128.05, 2179.18], [128.06, 1483.69]], "timestamp": "2025-12-17T07:24:59.210545+00:00"}, {"symbol": "SOLUSDT", "bids": [[127.84, 427.67], [127.83, 1362.88], [127.82, 1980.37], [127.81, 899.64], [127.8, 1114.63], [127.79, 1188.32], [127.78, 1274.98], [127.77, 897.26], [127.76, 1188.41], [127.75, 3129.24], [127.74, 617.6], [127.73, 797.29], [127.72, 1373.9], [127.71, 2143.32], [127.7, 1003.09], [127.69, 1254.08], [127.68, 2831.83], [127.67, 1128.6], [127.66, 2196.72], [127.65, 899.89]], "asks": [[127.85, 1565.45], [127.86, 1719.01], [127.87, 1323.02], [127.88, 2091.63], [127.89, 1659.62], [127.9, 1821.04], [127.91, 2232.88], [127.92, 1368.75], [127.93, 1259.06], [127.94, 1937.52], [127.95, 1212.88], [127.96, 2987.1], [127.97, 1018.83], [127.98, 1281.05], [127.99, 1645.31], [128.0, 2280.83], [128.01, 1907.47], [128.02, 2012.53], [128.03, 1370.84], [128.04, 1327.04]], "timestamp": "2025-12-17T07:25:50.757205+00:00"}, {"symbol": "SOLUSDT", "bids": [[127.84, 1571.85], [127.83, 1088.66], [127.82, 895.6], [127.81, 1017.96], [127.8, 1432.37], [127.79, 1249.16], [127.78, 1792.97], [127.77, 1288.2], [127.76, 1664.08], [127.75, 2851.52], [127.74, 714.38], [127.73, 789.11], [127.72, 1355.78], [127.71, 1076.78], [127.7, 2527.93], [127.69, 1185.28], [127.68, 2797.08], [127.67, 887.25], [127.66, 876.52], [127.65, 983.95]], "asks": [[127.85, 528.11], [127.86, 52.47], [127.87, 1098.67], [127.88, 2057.05], [127.89, 1428.27], [127.9, 2099.05], [127.91, 2259.98], [127.92, 1318.16], [127.93, 1132.65], [127.94, 2080.04], [127.95, 1885.54], [127.96, 3471.68], [127.97, 2182.06], [127.98, 1098.46], [127.99, 1476.76], [128.0, 2294.64], [128.01, 1314.14], [128.02, 2209.55], [128.03, 1415.13], [128.04, 1365.37]], "timestamp": "2025-12-17T07:26:42.269899+00:00"}, {"symbol": "SOLUSDT", "bids": [[127.85, 936.2], [127.84, 682.59], [127.83, 1132.27], [127.82, 1221.54], [127.81, 1585.27], [127.8, 1284.42], [127.79, 865.54], [127.78, 1471.28], [127.77, 1090.88], [127.76, 2868.46], [127.75, 1294.11], [127.74, 907.83], [127.73, 1145.7], [127.72, 2194.82], [127.71, 2530.78], [127.7, 1427.75], [127.69, 949.75], [127.68, 1345.69], [127.67, 1039.81], [127.66, 2405.63]], "asks": [[127.86, 352.93], [127.87, 974.17], [127.88, 1120.63], [127.89, 1480.83], [127.9, 2177.2], [127.91, 1992.97], [127.92, 1497.46], [127.93, 1086.9], [127.94, 1872.63], [127.95, 2167.78], [127.96, 2939.77], [127.97, 1046.85], [127.98, 1596.8], [127.99, 1475.66], [128.0, 2206.9], [128.01, 1306.5], [128.02, 3045.14], [128.03, 1374.19], [128.04, 1496.04], [128.05, 2913.83]], "timestamp": "2025-12-17T07:27:34.015998+00:00"}, {"symbol": "SOLUSDT", "bids": [[127.81, 1516.46], [127.8, 957.14], [127.79, 971.0], [127.78, 1363.01], [127.77, 1505.25], [127.76, 968.21], [127.75, 1512.84], [127.74, 1067.82], [127.73, 1295.57], [127.72, 2696.64], [127.71, 949.43], [127.7, 1135.46], [127.69, 2127.26], [127.68, 1191.38], [127.67, 946.61], [127.66, 2527.79], [127.65, 1153.79], [127.64, 1290.51], [127.63, 1575.08], [127.62, 1084.49]], "asks": [[127.82, 603.85], [127.83, 549.59], [127.84, 1169.12], [127.85, 1318.8], [127.86, 2115.84], [127.87, 1571.07], [127.88, 1462.38], [127.89, 1740.04], [127.9, 1728.86], [127.91, 1925.23], [127.92, 4354.57], [127.93, 964.36], [127.94, 1760.72], [127.95, 1282.05], [127.96, 1029.16], [127.97, 1609.59], [127.98, 1056.7], [127.99, 1565.04], [128.0, 2803.27], [128.01, 1411.93]], "timestamp": "2025-12-17T07:28:25.693349+00:00"}, {"symbol": "SOLUSDT", "bids": [[127.81, 1969.85], [127.8, 1890.29], [127.79, 1500.46], [127.78, 1618.89], [127.77, 1308.4], [127.76, 842.14], [127.75, 1215.35], [127.74, 977.4], [127.73, 1314.05], [127.72, 2673.22], [127.71, 992.39], [127.7, 1389.9], [127.69, 1923.21], [127.68, 1047.86], [127.67, 1256.74], [127.66, 2515.45], [127.65, 1097.3], [127.64, 1211.94], [127.63, 1778.93], [127.62, 3227.23]], "asks": [[127.82, 194.18], [127.83, 418.02], [127.84, 629.13], [127.85, 1169.34], [127.86, 2078.94], [127.87, 1495.99], [127.88, 1643.24], [127.89, 1765.4], [127.9, 1936.36], [127.91, 1634.02], [127.92, 2106.86], [127.93, 1363.35], [127.94, 3502.75], [127.95, 1562.81], [127.96, 1055.99], [127.97, 1866.77], [127.98, 2171.61], [127.99, 1470.21], [128.0, 2623.03], [128.01, 1122.44]], "timestamp": "2025-12-17T07:29:17.293508+00:00"}, {"symbol": "SOLUSDT", "bids": [[127.83, 485.47], [127.82, 799.16], [127.81, 590.2], [127.8, 1209.04], [127.79, 970.16], [127.78, 1708.55], [127.77, 1335.79], [127.76, 1069.75], [127.75, 1593.05], [127.74, 2604.71], [127.73, 914.11], [127.72, 1110.98], [127.71, 1157.58], [127.7, 1308.63], [127.69, 2246.39], [127.68, 2508.2], [127.67, 1335.28], [127.66, 696.93], [127.65, 1012.04], [127.64, 1469.61]], "asks": [[127.84, 1474.48], [127.85, 1155.6], [127.86, 1537.12], [127.87, 1513.71], [127.88, 1841.86], [127.89, 1853.95], [127.9, 1622.31], [127.91, 1618.55], [127.92, 2189.21], [127.93, 3360.03], [127.94, 1332.9], [127.95, 1241.54], [127.96, 998.49], [127.97, 1791.67], [127.98, 916.0], [127.99, 1838.58], [128.0, 3821.49], [128.01, 1052.67], [128.02, 1100.03], [128.03, 1290.16]], "timestamp": "2025-12-17T07:30:08.750122+00:00"}, {"symbol": "SOLUSDT", "bids": [[127.92, 488.77], [127.91, 842.35], [127.9, 932.31], [127.89, 1263.37], [127.88, 1945.6], [127.87, 1467.99], [127.86, 1797.45], [127.85, 1421.71], [127.84, 1275.09], [127.83, 2787.68], [127.82, 1065.89], [127.81, 976.67], [127.8, 1814.45], [127.79, 1711.12], [127.78, 1079.44], [127.77, 1076.05], [127.76, 2799.83], [127.75, 1693.11], [127.74, 805.49], [127.73, 816.87]], "asks": [[127.93, 1920.88], [127.94, 1147.94], [127.95, 1347.71], [127.96, 1204.92], [127.97, 1977.3], [127.98, 2471.11], [127.99, 1965.44], [128.0, 2559.79], [128.01, 954.34], [128.02, 918.71], [128.03, 1086.91], [128.04, 4611.64], [128.05, 2761.56], [128.06, 1974.76], [128.07, 3272.82], [128.08, 1026.0], [128.09, 1226.66], [128.1, 1469.69], [128.11, 748.96], [128.12, 1092.7]], "timestamp": "2025-12-17T07:31:00.125854+00:00"}, {"symbol": "SOLUSDT", "bids": [[128.07, 615.36], [128.06, 535.36], [128.05, 1504.48], [128.04, 2073.64], [128.03, 2464.53], [128.02, 1318.4], [128.01, 1187.83], [128.0, 1929.16], [127.99, 1296.45], [127.98, 2914.23], [127.97, 1296.91], [127.96, 586.86], [127.95, 718.73], [127.94, 1363.66], [127.93, 2284.42], [127.92, 991.83], [127.91, 1033.55], [127.9, 3325.24], [127.89, 1085.21], [127.88, 1334.84]], "asks": [[128.08, 879.48], [128.09, 950.91], [128.1, 1664.13], [128.11, 1371.57], [128.12, 1876.1], [128.13, 1950.18], [128.14, 1043.94], [128.15, 1483.08], [128.16, 1679.17], [128.17, 3630.25], [128.18, 1490.88], [128.19, 1140.33], [128.2, 2487.13], [128.21, 1368.75], [128.22, 2323.16], [128.23, 1433.9], [128.24, 1339.55], [128.25, 1026.93], [128.26, 1035.89], [128.27, 1333.05]], "timestamp": "2025-12-17T07:31:52.906451+00:00"}, {"symbol": "SOLUSDT", "bids": [[128.02, 232.91], [128.01, 672.11], [128.0, 1617.61], [127.99, 1028.01], [127.98, 915.66], [127.97, 1366.51], [127.96, 940.76], [127.95, 961.27], [127.94, 1424.33], [127.93, 2611.54], [127.92, 964.2], [127.91, 887.1], [127.9, 1577.06], [127.89, 1867.16], [127.88, 1301.44], [127.87, 2473.12], [127.86, 842.55], [127.85, 1258.06], [127.84, 1056.34], [127.83, 1285.29]], "asks": [[128.03, 1276.28], [128.04, 1155.52], [128.05, 1634.4], [128.06, 1584.09], [128.07, 1555.87], [128.08, 1542.02], [128.09, 2308.74], [128.1, 1909.16], [128.11, 1923.68], [128.12, 2347.95], [128.13, 3535.96], [128.14, 1854.6], [128.15, 1634.06], [128.16, 1205.93], [128.17, 888.72], [128.18, 1404.27], [128.19, 1660.01], [128.2, 2945.4], [128.21, 1298.68], [128.22, 2372.49]], "timestamp": "2025-12-17T07:32:45.337940+00:00"}, {"symbol": "SOLUSDT", "bids": [[128.1, 607.32], [128.09, 735.5], [128.08, 1761.88], [128.07, 2156.71], [128.06, 1499.49], [128.05, 931.14], [128.04, 1458.82], [128.03, 1681.55], [128.02, 1876.65], [128.01, 933.33], [128.0, 3062.93], [127.99, 835.44], [127.98, 984.57], [127.97, 966.6], [127.96, 1169.16], [127.95, 2016.59], [127.94, 1291.31], [127.93, 1399.67], [127.92, 1182.26], [127.91, 1271.81]], "asks": [[128.11, 869.58], [128.12, 853.24], [128.13, 963.51], [128.14, 1209.23], [128.15, 3014.86], [128.16, 2040.96], [128.17, 1015.3], [128.18, 1524.16], [128.19, 989.21], [128.2, 2766.17], [128.21, 1737.35], [128.22, 4123.11], [128.23, 1083.16], [128.24, 3449.15], [128.25, 1112.02], [128.26, 1000.39], [128.27, 638.01], [128.28, 1170.97], [128.29, 1118.68], [128.3, 1524.56]], "timestamp": "2025-12-17T07:33:36.722479+00:00"}, {"symbol": "SOLUSDT", "bids": [[128.18, 1149.96], [128.17, 755.3], [128.16, 1427.76], [128.15, 1861.6], [128.14, 1615.89], [128.13, 1191.69], [128.12, 1366.92], [128.11, 933.93], [128.1, 1480.97], [128.09, 2783.57], [128.08, 933.48], [128.07, 835.68], [128.06, 982.6], [128.05, 1244.57], [128.04, 2675.32], [128.03, 2555.75], [128.02, 983.72], [128.01, 1088.92], [128.0, 1451.07], [127.99, 1535.14]], "asks": [[128.19, 574.47], [128.2, 388.38], [128.21, 1351.68], [128.22, 1445.03], [128.23, 1884.34], [128.24, 2200.54], [128.25, 1685.21], [128.26, 1076.08], [128.27, 1174.39], [128.28, 1250.07], [128.29, 1489.7], [128.3, 4313.26], [128.31, 819.67], [128.32, 1347.4], [128.33, 1218.11], [128.34, 1395.31], [128.35, 1123.02], [128.36, 1214.25], [128.37, 1966.76], [128.38, 1235.73]], "timestamp": "2025-12-17T07:34:28.487348+00:00"}, {"symbol": "SOLUSDT", "bids": [[128.51, 475.63], [128.5, 352.85], [128.49, 971.46], [128.48, 1761.87], [128.47, 1945.75], [128.46, 1457.4], [128.45, 1223.16], [128.44, 983.43], [128.43, 2260.14], [128.42, 1658.07], [128.41, 2992.86], [128.4, 985.72], [128.39, 627.26], [128.38, 1024.05], [128.37, 1279.53], [128.36, 1607.65], [128.35, 787.49], [128.34, 1102.53], [128.33, 1146.24], [128.32, 786.31]], "asks": [[128.52, 725.52], [128.53, 533.57], [128.54, 1343.29], [128.55, 2188.02], [128.56, 1470.26], [128.57, 1298.27], [128.58, 1961.44], [128.59, 1692.0], [128.6, 4834.62], [128.61, 896.07], [128.62, 3656.1], [128.63, 1338.85], [128.64, 2306.35], [128.65, 699.9], [128.66, 1022.84], [128.67, 1580.46], [128.68, 993.2], [128.69, 1585.09], [128.7, 1643.95], [128.71, 890.02]], "timestamp": "2025-12-17T07:35:19.871419+00:00"}, {"symbol": "SOLUSDT", "bids": [[128.36, 120.29], [128.35, 252.4], [128.34, 984.59], [128.33, 1167.44], [128.32, 1446.52], [128.31, 1584.28], [128.3, 1089.66], [128.29, 1803.6], [128.28, 1648.8], [128.27, 2463.8], [128.26, 1338.65], [128.25, 1425.83], [128.24, 1563.0], [128.23, 1314.11], [128.22, 2260.45], [128.21, 1074.88], [128.2, 1521.07], [128.19, 895.83], [128.18, 593.75], [128.17, 1172.97]], "asks": [[128.37, 2094.25], [128.38, 1041.81], [128.39, 1290.65], [128.4, 1634.79], [128.41, 2025.99], [128.42, 1600.9], [128.43, 2320.54], [128.44, 3576.07], [128.45, 688.16], [128.46, 1085.37], [128.47, 1012.31], [128.48, 4588.42], [128.49, 1206.03], [128.5, 1538.74], [128.51, 991.23], [128.52, 2367.27], [128.53, 789.62], [128.54, 2790.21], [128.55, 1855.49], [128.56, 1115.41]], "timestamp": "2025-12-17T07:36:11.244345+00:00"}, {"symbol": "SOLUSDT", "bids": [[128.27, 646.15], [128.26, 260.16], [128.25, 610.45], [128.24, 1144.65], [128.23, 1215.36], [128.22, 1360.01], [128.21, 1757.48], [128.2, 1460.21], [128.19, 1212.6], [128.18, 1529.87], [128.17, 2958.85], [128.16, 2728.6], [128.15, 1700.98], [128.14, 854.27], [128.13, 950.24], [128.12, 1109.19], [128.11, 873.61], [128.1, 877.43], [128.09, 710.73], [128.08, 826.28]], "asks": [[128.28, 1362.8], [128.29, 1765.42], [128.3, 1191.13], [128.31, 1650.46], [128.32, 1710.84], [128.33, 1166.86], [128.34, 1786.86], [128.35, 1669.12], [128.36, 1310.13], [128.37, 1873.66], [128.38, 3524.98], [128.39, 667.02], [128.4, 1507.96], [128.41, 1132.03], [128.42, 881.53], [128.43, 918.29], [128.44, 1504.39], [128.45, 1228.66], [128.46, 1934.6], [128.47, 1857.22]], "timestamp": "2025-12-17T07:37:03.168281+00:00"}, {"symbol": "SOLUSDT", "bids": [[128.27, 334.1], [128.26, 387.89], [128.25, 1039.14], [128.24, 1959.33], [128.23, 840.7], [128.22, 1302.39], [128.21, 1592.99], [128.2, 1247.51], [128.19, 1515.97], [128.18, 2641.21], [128.17, 970.52], [128.16, 1086.96], [128.15, 1721.51], [128.14, 895.6], [128.13, 1293.65], [128.12, 2617.57], [128.11, 885.73], [128.1, 1070.03], [128.09, 1047.17], [128.08, 2492.97]], "asks": [[128.28, 845.57], [128.29, 978.02], [128.3, 964.92], [128.31, 1343.58], [128.32, 1381.29], [128.33, 1158.32], [128.34, 1716.66], [128.35, 1703.18], [128.36, 2259.26], [128.37, 1723.68], [128.38, 2668.01], [128.39, 698.94], [128.4, 2395.27], [128.41, 1016.87], [128.42, 697.6], [128.43, 1258.57], [128.44, 1623.47], [128.45, 1375.99], [128.46, 1121.68], [128.47, 1859.02]], "timestamp": "2025-12-17T07:37:54.692434+00:00"}, {"symbol": "SOLUSDT", "bids": [[128.29, 203.1], [128.28, 225.68], [128.27, 324.96], [128.26, 958.86], [128.25, 1758.62], [128.24, 1217.62], [128.23, 1375.18], [128.22, 2574.94], [128.21, 1467.33], [128.2, 1033.72], [128.19, 2853.68], [128.18, 1048.41], [128.17, 739.27], [128.16, 1737.65], [128.15, 950.46], [128.14, 916.02], [128.13, 1031.91], [128.12, 2879.58], [128.11, 2051.39], [128.1, 912.55]], "asks": [[128.3, 1404.18], [128.31, 793.63], [128.32, 1476.5], [128.33, 787.69], [128.34, 1280.51], [128.35, 1091.89], [128.36, 868.62], [128.37, 1251.09], [128.38, 1075.19], [128.39, 2134.26], [128.4, 1437.36], [128.41, 1579.54], [128.42, 791.98], [128.43, 1703.04], [128.44, 2655.7], [128.45, 520.52], [128.46, 1042.56], [128.47, 688.42], [128.48, 2441.02], [128.49, 1924.92]], "timestamp": "2025-12-17T07:38:46.044761+00:00"}, {"symbol": "SOLUSDT", "bids": [[128.3, 1212.77], [128.29, 825.66], [128.28, 1146.15], [128.27, 1708.93], [128.26, 2709.11], [128.25, 3250.37], [128.24, 2646.77], [128.23, 1303.21], [128.22, 1684.82], [128.21, 4234.42], [128.2, 916.6], [128.19, 803.51], [128.18, 799.65], [128.17, 852.36], [128.16, 1212.47], [128.15, 1774.55], [128.14, 938.41], [128.13, 1387.66], [128.12, 2744.74], [128.11, 2201.74]], "asks": [[128.31, 389.37], [128.32, 1284.07], [128.33, 843.56], [128.34, 1920.94], [128.35, 1575.49], [128.36, 1082.6], [128.37, 1470.55], [128.38, 819.73], [128.39, 972.32], [128.4, 1838.44], [128.41, 3026.12], [128.42, 744.2], [128.43, 1285.83], [128.44, 1740.29], [128.45, 1732.14], [128.46, 2290.41], [128.47, 816.76], [128.48, 1567.41], [128.49, 1314.61], [128.5, 2031.6]], "timestamp": "2025-12-17T07:39:38.323028+00:00"}, {"symbol": "SOLUSDT", "bids": [[128.24, 875.77], [128.23, 637.81], [128.22, 1319.58], [128.21, 1336.87], [128.2, 1425.8], [128.19, 1914.88], [128.18, 1251.75], [128.17, 1000.54], [128.16, 1392.12], [128.15, 2816.69], [128.14, 1008.85], [128.13, 1073.11], [128.12, 1560.78], [128.11, 1543.92], [128.1, 1280.06], [128.09, 1635.19], [128.08, 1319.94], [128.07, 2787.06], [128.06, 2897.58], [128.05, 1226.77]], "asks": [[128.25, 669.01], [128.26, 897.12], [128.27, 1228.17], [128.28, 2092.82], [128.29, 1883.2], [128.3, 1587.47], [128.31, 1086.18], [128.32, 1213.95], [128.33, 1709.13], [128.34, 1320.25], [128.35, 2995.87], [128.36, 1095.76], [128.37, 2114.61], [128.38, 995.94], [128.39, 1151.83], [128.4, 2258.97], [128.41, 1149.12], [128.42, 1799.29], [128.43, 1155.87], [128.44, 1977.36]], "timestamp": "2025-12-17T07:40:29.787721+00:00"}, {"symbol": "SOLUSDT", "bids": [[128.25, 52.48], [128.24, 743.88], [128.23, 874.64], [128.22, 1544.37], [128.21, 1549.9], [128.2, 1705.55], [128.19, 1165.07], [128.18, 1160.19], [128.17, 1323.9], [128.16, 2895.25], [128.15, 1068.67], [128.14, 933.63], [128.13, 1168.79], [128.12, 1430.48], [128.11, 1172.54], [128.1, 3116.5], [128.09, 2157.84], [128.08, 1044.0], [128.07, 1059.8], [128.06, 2629.69]], "asks": [[128.26, 1433.68], [128.27, 776.97], [128.28, 1068.9], [128.29, 1199.26], [128.3, 1170.03], [128.31, 1281.5], [128.32, 1739.31], [128.33, 2831.64], [128.34, 1123.81], [128.35, 1344.79], [128.36, 2809.82], [128.37, 1503.38], [128.38, 1451.77], [128.39, 1165.35], [128.4, 1531.39], [128.41, 1048.04], [128.42, 1888.39], [128.43, 1090.4], [128.44, 2485.98], [128.45, 988.22]], "timestamp": "2025-12-17T07:41:21.283683+00:00"}, {"symbol": "SOLUSDT", "bids": [[128.25, 682.08], [128.24, 426.26], [128.23, 1131.41], [128.22, 1435.92], [128.21, 1652.84], [128.2, 1924.12], [128.19, 1880.95], [128.18, 1300.62], [128.17, 1124.26], [128.16, 2900.47], [128.15, 829.91], [128.14, 979.49], [128.13, 1034.09], [128.12, 1513.78], [128.11, 1628.52], [128.1, 1599.26], [128.09, 1771.96], [128.08, 2820.8], [128.07, 1569.33], [128.06, 2876.27]], "asks": [[128.26, 518.02], [128.27, 977.25], [128.28, 649.93], [128.29, 1179.05], [128.3, 1289.09], [128.31, 1392.04], [128.32, 1609.96], [128.33, 2644.52], [128.34, 748.13], [128.35, 1461.36], [128.36, 2921.92], [128.37, 1722.64], [128.38, 875.94], [128.39, 1121.57], [128.4, 3117.93], [128.41, 1782.32], [128.42, 669.31], [128.43, 1300.38], [128.44, 1783.98], [128.45, 911.38]], "timestamp": "2025-12-17T07:42:13.176842+00:00"}, {"symbol": "SOLUSDT", "bids": [[128.2, 395.31], [128.19, 432.47], [128.18, 1186.16], [128.17, 914.43], [128.16, 1390.37], [128.15, 1305.01], [128.14, 1212.4], [128.13, 1078.6], [128.12, 1374.13], [128.11, 2839.15], [128.1, 1161.76], [128.09, 2390.0], [128.08, 743.69], [128.07, 986.85], [128.06, 963.63], [128.05, 1779.51], [128.04, 2571.31], [128.03, 1335.61], [128.02, 2113.03], [128.01, 983.5]], "asks": [[128.21, 882.83], [128.22, 1047.42], [128.23, 757.84], [128.24, 1437.63], [128.25, 1583.13], [128.26, 1808.5], [128.27, 1461.33], [128.28, 1814.33], [128.29, 2062.8], [128.3, 1369.6], [128.31, 1262.42], [128.32, 3713.6], [128.33, 1422.34], [128.34, 843.63], [128.35, 701.93], [128.36, 1199.04], [128.37, 2193.86], [128.38, 1050.54], [128.39, 939.68], [128.4, 2860.47]], "timestamp": "2025-12-17T07:43:04.536913+00:00"}, {"symbol": "SOLUSDT", "bids": [[128.24, 1057.98], [128.23, 1080.35], [128.22, 1097.85], [128.21, 1327.0], [128.2, 1072.31], [128.19, 2227.86], [128.18, 1405.81], [128.17, 819.01], [128.16, 1599.01], [128.15, 3034.64], [128.14, 877.11], [128.13, 1109.69], [128.12, 2501.63], [128.11, 1050.87], [128.1, 1680.55], [128.09, 957.23], [128.08, 755.84], [128.07, 1228.86], [128.06, 3538.03], [128.05, 1726.68]], "asks": [[128.25, 325.84], [128.26, 606.3], [128.27, 491.14], [128.28, 929.51], [128.29, 1413.94], [128.3, 1634.66], [128.31, 2014.81], [128.32, 736.55], [128.33, 902.92], [128.34, 1513.99], [128.35, 2486.0], [128.36, 1604.63], [128.37, 1307.25], [128.38, 1055.1], [128.39, 1306.54], [128.4, 2565.15], [128.41, 1102.68], [128.42, 2151.53], [128.43, 1232.86], [128.44, 1031.56]], "timestamp": "2025-12-17T07:43:56.051357+00:00"}, {"symbol": "SOLUSDT", "bids": [[128.13, 1569.14], [128.12, 715.95], [128.11, 1065.43], [128.1, 1342.45], [128.09, 2426.97], [128.08, 2352.87], [128.07, 1470.25], [128.06, 1521.32], [128.05, 1665.92], [128.04, 1704.65], [128.03, 3512.34], [128.02, 707.84], [128.01, 1343.35], [128.0, 2087.81], [127.99, 2002.92], [127.98, 1259.4], [127.97, 2515.98], [127.96, 913.33], [127.95, 925.65], [127.94, 931.3]], "asks": [[128.14, 307.33], [128.15, 360.73], [128.16, 596.34], [128.17, 745.03], [128.18, 3024.72], [128.19, 1408.21], [128.2, 1813.33], [128.21, 2627.2], [128.22, 1053.81], [128.23, 1448.47], [128.24, 4225.87], [128.25, 709.59], [128.26, 1233.98], [128.27, 1633.27], [128.28, 3138.79], [128.29, 1424.93], [128.3, 1785.86], [128.31, 706.73], [128.32, 622.68], [128.33, 1015.04]], "timestamp": "2025-12-17T07:44:48.296373+00:00"}, {"symbol": "SOLUSDT", "bids": [[128.14, 5095.85], [128.13, 402.92], [128.12, 828.24], [128.11, 709.97], [128.1, 1416.65], [128.09, 1997.06], [128.08, 2283.67], [128.07, 1515.75], [128.06, 2120.69], [128.05, 4460.84], [128.04, 1329.49], [128.03, 1303.66], [128.02, 751.0], [128.01, 1620.03], [128.0, 1882.11], [127.99, 2149.67], [127.98, 1307.25], [127.97, 4190.23], [127.96, 835.55], [127.95, 811.48]], "asks": [[128.15, 997.09], [128.16, 465.3], [128.17, 921.46], [128.18, 2221.46], [128.19, 1921.58], [128.2, 2043.1], [128.21, 2755.5], [128.22, 980.75], [128.23, 1039.15], [128.24, 1860.56], [128.25, 3030.06], [128.26, 1745.16], [128.27, 1997.36], [128.28, 953.43], [128.29, 1217.92], [128.3, 3100.59], [128.31, 1598.04], [128.32, 670.43], [128.33, 760.11], [128.34, 1108.02]], "timestamp": "2025-12-17T07:45:40.605367+00:00"}, {"symbol": "SOLUSDT", "bids": [[128.21, 620.64], [128.2, 563.76], [128.19, 870.36], [128.18, 1689.81], [128.17, 1546.29], [128.16, 1929.58], [128.15, 1879.25], [128.14, 917.19], [128.13, 1326.87], [128.12, 2820.1], [128.11, 1107.37], [128.1, 798.54], [128.09, 1222.36], [128.08, 2173.06], [128.07, 1652.03], [128.06, 1500.16], [128.05, 1647.21], [128.04, 2954.2], [128.03, 2994.81], [128.02, 722.44]], "asks": [[128.22, 1090.24], [128.23, 631.18], [128.24, 1310.89], [128.25, 2102.19], [128.26, 1838.59], [128.27, 1400.16], [128.28, 1248.25], [128.29, 1646.82], [128.3, 1314.42], [128.31, 3511.4], [128.32, 1577.45], [128.33, 828.81], [128.34, 1297.03], [128.35, 999.42], [128.36, 2192.91], [128.37, 2561.4], [128.38, 787.3], [128.39, 1500.52], [128.4, 1592.72], [128.41, 1190.4]], "timestamp": "2025-12-17T07:46:32.386123+00:00"}