[{"id": "1013564863", "price": 123.15, "amount": 6.49, "side": "buy", "timestamp": 1766014877338}, {"id": "1013564864", "price": 123.14, "amount": 30.42, "side": "sell", "timestamp": 1766014877420}, {"id": "1013564865", "price": 123.14, "amount": 0.85, "side": "sell", "timestamp": 1766014877555}, {"id": "1013564866", "price": 123.14, "amount": 0.44, "side": "sell", "timestamp": 1766014877735}, {"id": "1013564867", "price": 123.15, "amount": 0.09, "side": "buy", "timestamp": 1766014877758}, {"id": "1013564868", "price": 123.14, "amount": 0.46, "side": "sell", "timestamp": 1766014877970}, {"id": "1013564869", "price": 123.14, "amount": 1.96, "side": "sell", "timestamp": 1766014878091}, {"id": "1013564870", "price": 123.14, "amount": 0.08, "side": "sell", "timestamp": 1766014878528}, {"id": "1013564871", "price": 123.15, "amount": 24.36, "side": "buy", "timestamp": 1766014878669}, {"id": "1013564872", "price": 123.15, "amount": 0.15, "side": "buy", "timestamp": 1766014878841}, {"id": "1013564873", "price": 123.15, "amount": 0.8, "side": "buy", "timestamp": 1766014878965}, {"id": "1013564874", "price": 123.14, "amount": 0.3, "side": "sell", "timestamp": 1766014879076}, {"id": "1013564875", "price": 123.14, "amount": 0.7, "side": "sell", "timestamp": 1766014879212}, {"id": "1013564876", "price": 123.15, "amount": 0.4, "side": "buy", "timestamp": 1766014879408}, {"id": "1013564877", "price": 123.14, "amount": 0.13, "side": "sell", "timestamp": 1766014879430}, {"id": "1013564878", "price": 123.14, "amount": 0.85, "side": "sell", "timestamp": 1766014879563}, {"id": "1013564879", "price": 123.15, "amount": 122.0, "side": "buy", "timestamp": 1766014879678}, {"id": "1013564880", "price": 123.16, "amount": 92.48, "side": "buy", "timestamp": 1766014879777}, {"id": "1013564881", "price": 123.17, "amount": 0.13, "side": "buy", "timestamp": 1766014879984}, {"id": "1013564882", "price": 123.16, "amount": 0.11, "side": "sell", "timestamp": 1766014880013}, {"id": "1013564883", "price": 123.16, "amount": 1.6, "side": "sell", "timestamp": 1766014880219}, {"id": "1013564884", "price": 123.16, "amount": 4.9, "side": "sell", "timestamp": 1766014880320}, {"id": "1013564885", "price": 123.16, "amount": 7.88, "side": "sell", "timestamp": 1766014880421}, {"id": "1013564886", "price": 123.16, "amount": 1.38, "side": "sell", "timestamp": 1766014880524}, {"id": "1013564887", "price": 123.16, "amount": 0.28, "side": "sell", "timestamp": 1766014880641}, {"id": "1013564888", "price": 123.16, "amount": 7.02, "side": "sell", "timestamp": 1766014880827}, {"id": "1013564889", "price": 123.16, "amount": 0.23, "side": "sell", "timestamp": 1766014881038}, {"id": "1013564890", "price": 123.17, "amount": 4.66, "side": "buy", "timestamp": 1766014881070}, {"id": "1013564891", "price": 123.16, "amount": 2.52, "side": "sell", "timestamp": 1766014881075}, {"id": "1013564892", "price": 123.16, "amount": 0.46, "side": "sell", "timestamp": 1766014881212}, {"id": "1013564893", "price": 123.16, "amount": 1.05, "side": "sell", "timestamp": 1766014881345}, {"id": "1013564894", "price": 123.16, "amount": 2.74, "side": "sell", "timestamp": 1766014881450}, {"id": "1013564895", "price": 123.17, "amount": 2.0, "side": "buy", "timestamp": 1766014881604}, {"id": "1013564896", "price": 123.16, "amount": 5.36, "side": "sell", "timestamp": 1766014881621}, {"id": "1013564897", "price": 123.16, "amount": 0.96, "side": "sell", "timestamp": 1766014882006}, {"id": "1013564898", "price": 123.17, "amount": 1.22, "side": "buy", "timestamp": 1766014882019}, {"id": "1013564899", "price": 123.16, "amount": 2.1, "side": "sell", "timestamp": 1766014882043}, {"id": "1013564900", "price": 123.16, "amount": 2.29, "side": "sell", "timestamp": 1766014882238}, {"id": "1013564901", "price": 123.16, "amount": 0.47, "side": "sell", "timestamp": 1766014882361}, {"id": "1013564902", "price": 123.17, "amount": 127.72, "side": "buy", "timestamp": 1766014882375}, {"id": "1013564903", "price": 123.16, "amount": 68.84, "side": "sell", "timestamp": 1766014882425}, {"id": "1013564904", "price": 123.15, "amount": 4.08, "side": "sell", "timestamp": 1766014882429}, {"id": "1013564905", "price": 123.16, "amount": 27.75, "side": "buy", "timestamp": 1766014882563}, {"id": "1013564906", "price": 123.15, "amount": 5.34, "side": "sell", "timestamp": 1766014882568}, {"id": "1013564907", "price": 123.15, "amount": 21.91, "side": "sell", "timestamp": 1766014882730}, {"id": "1013564908", "price": 123.15, "amount": 12.16, "side": "sell", "timestamp": 1766014882840}, {"id": "1013564909", "price": 123.15, "amount": 3.02, "side": "sell", "timestamp": 1766014882945}, {"id": "1013564910", "price": 123.15, "amount": 0.16, "side": "sell", "timestamp": 1766014883048}, {"id": "1013564911", "price": 123.15, "amount": 2.95, "side": "sell", "timestamp": 1766014883186}, {"id": "1013564912", "price": 123.15, "amount": 2.52, "side": "sell", "timestamp": 1766014883295}, {"id": "1013565103", "price": 123.15, "amount": 0.11, "side": "sell", "timestamp": 1766014925081}, {"id": "1013565104", "price": 123.15, "amount": 0.16, "side": "sell", "timestamp": 1766014925301}, {"id": "1013565105", "price": 123.15, "amount": 2.53, "side": "sell", "timestamp": 1766014925521}, {"id": "1013565106", "price": 123.16, "amount": 0.05, "side": "buy", "timestamp": 1766014925541}, {"id": "1013565107", "price": 123.16, "amount": 0.21, "side": "buy", "timestamp": 1766014925840}, {"id": "1013565108", "price": 123.15, "amount": 0.26, "side": "sell", "timestamp": 1766014926093}, {"id": "1013565109", "price": 123.15, "amount": 0.08, "side": "sell", "timestamp": 1766014926458}, {"id": "1013565110", "price": 123.16, "amount": 1.0, "side": "buy", "timestamp": 1766014926464}, {"id": "1013565111", "price": 123.16, "amount": 10.4, "side": "buy", "timestamp": 1766014926788}, {"id": "1013565112", "price": 123.16, "amount": 0.81, "side": "buy", "timestamp": 1766014927275}, {"id": "1013565113", "price": 123.15, "amount": 0.26, "side": "sell", "timestamp": 1766014928103}, {"id": "1013565114", "price": 123.16, "amount": 50.0, "side": "buy", "timestamp": 1766014928296}, {"id": "1013565115", "price": 123.16, "amount": 0.19, "side": "buy", "timestamp": 1766014929759}, {"id": "1013565116", "price": 123.16, "amount": 20.29, "side": "buy", "timestamp": 1766014929980}, {"id": "1013565117", "price": 123.16, "amount": 0.09, "side": "buy", "timestamp": 1766014930101}, {"id": "1013565118", "price": 123.15, "amount": 1.15, "side": "sell", "timestamp": 1766014930323}, {"id": "1013565119", "price": 123.15, "amount": 0.25, "side": "sell", "timestamp": 1766014930719}, {"id": "1013565120", "price": 123.15, "amount": 0.11, "side": "sell", "timestamp": 1766014931116}, {"id": "1013565121", "price": 123.16, "amount": 100.0, "side": "buy", "timestamp": 1766014931762}, {"id": "1013565122", "price": 123.15, "amount": 3.07, "side": "sell", "timestamp": 1766014932357}, {"id": "1013565123", "price": 123.16, "amount": 1.8, "side": "buy", "timestamp": 1766014932461}, {"id": "1013565124", "price": 123.15, "amount": 4.85, "side": "sell", "timestamp": 1766014932755}, {"id": "1013565125", "price": 123.16, "amount": 27.54, "side": "buy", "timestamp": 1766014932965}, {"id": "1013565126", "price": 123.16, "amount": 153.07, "side": "buy", "timestamp": 1766014933405}, {"id": "1013565127", "price": 123.17, "amount": 100.67, "side": "buy", "timestamp": 1766014933463}, {"id": "1013565128", "price": 123.17, "amount": 0.11, "side": "sell", "timestamp": 1766014934131}, {"id": "1013565129", "price": 123.17, "amount": 0.17, "side": "sell", "timestamp": 1766014934267}, {"id": "1013565130", "price": 123.17, "amount": 0.74, "side": "sell", "timestamp": 1766014934530}, {"id": "1013565131", "price": 123.17, "amount": 0.15, "side": "sell", "timestamp": 1766014934976}, {"id": "1013565132", "price": 123.17, "amount": 0.28, "side": "sell", "timestamp": 1766014935082}, {"id": "1013565133", "price": 123.18, "amount": 7.36, "side": "buy", "timestamp": 1766014935440}, {"id": "1013565134", "price": 123.17, "amount": 0.1, "side": "sell", "timestamp": 1766014935471}, {"id": "1013565135", "price": 123.18, "amount": 0.24, "side": "buy", "timestamp": 1766014935564}, {"id": "1013565136", "price": 123.17, "amount": 30.0, "side": "sell", "timestamp": 1766014935736}, {"id": "1013565137", "price": 123.17, "amount": 0.89, "side": "sell", "timestamp": 1766014936386}, {"id": "1013565138", "price": 123.17, "amount": 176.76, "side": "sell", "timestamp": 1766014937150}, {"id": "1013565139", "price": 123.16, "amount": 0.96, "side": "sell", "timestamp": 1766014937162}, {"id": "1013565140", "price": 123.17, "amount": 1.4, "side": "buy", "timestamp": 1766014937345}, {"id": "1013565141", "price": 123.16, "amount": 0.15, "side": "sell", "timestamp": 1766014938700}, {"id": "1013565142", "price": 123.17, "amount": 0.15, "side": "buy", "timestamp": 1766014938804}, {"id": "1013565143", "price": 123.16, "amount": 0.87, "side": "sell", "timestamp": 1766014938880}, {"id": "1013565144", "price": 123.16, "amount": 1.39, "side": "sell", "timestamp": 1766014939020}, {"id": "1013565145", "price": 123.16, "amount": 0.18, "side": "sell", "timestamp": 1766014940022}, {"id": "1013565146", "price": 123.17, "amount": 569.14, "side": "buy", "timestamp": 1766014940360}, {"id": "1013565147", "price": 123.17, "amount": 1.17, "side": "sell", "timestamp": 1766014941253}, {"id": "1013565148", "price": 123.17, "amount": 0.15, "side": "sell", "timestamp": 1766014941664}, {"id": "1013565149", "price": 123.18, "amount": 0.23, "side": "buy", "timestamp": 1766014941772}, {"id": "1013565150", "price": 123.17, "amount": 0.18, "side": "sell", "timestamp": 1766014941834}, {"id": "1013565151", "price": 123.17, "amount": 0.08, "side": "sell", "timestamp": 1766014942107}, {"id": "1013565152", "price": 123.17, "amount": 5.87, "side": "sell", "timestamp": 1766014942377}, {"id": "1013565254", "price": 123.18, "amount": 0.38, "side": "buy", "timestamp": 1766014984910}, {"id": "1013565255", "price": 123.18, "amount": 0.08, "side": "buy", "timestamp": 1766014985014}, {"id": "1013565256", "price": 123.17, "amount": 0.11, "side": "sell", "timestamp": 1766014985141}, {"id": "1013565257", "price": 123.18, "amount": 0.39, "side": "buy", "timestamp": 1766014985196}, {"id": "1013565258", "price": 123.18, "amount": 0.07, "side": "buy", "timestamp": 1766014985401}, {"id": "1013565259", "price": 123.17, "amount": 0.1, "side": "sell", "timestamp": 1766014985643}, {"id": "1013565260", "price": 123.18, "amount": 0.07, "side": "buy", "timestamp": 1766014985649}, {"id": "1013565261", "price": 123.18, "amount": 0.26, "side": "buy", "timestamp": 1766014985893}, {"id": "1013565262", "price": 123.18, "amount": 4.43, "side": "buy", "timestamp": 1766014986531}, {"id": "1013565263", "price": 123.17, "amount": 0.27, "side": "sell", "timestamp": 1766014986572}, {"id": "1013565264", "price": 123.18, "amount": 33.56, "side": "buy", "timestamp": 1766014986718}, {"id": "1013565265", "price": 123.17, "amount": 1.16, "side": "sell", "timestamp": 1766014986833}, {"id": "1013565266", "price": 123.18, "amount": 1.31, "side": "buy", "timestamp": 1766014987015}, {"id": "1013565267", "price": 123.18, "amount": 7.94, "side": "buy", "timestamp": 1766014987329}, {"id": "1013565268", "price": 123.17, "amount": 0.28, "side": "sell", "timestamp": 1766014987742}, {"id": "1013565269", "price": 123.17, "amount": 0.11, "side": "sell", "timestamp": 1766014988167}, {"id": "1013565270", "price": 123.18, "amount": 0.14, "side": "buy", "timestamp": 1766014988357}, {"id": "1013565271", "price": 123.17, "amount": 7.0, "side": "sell", "timestamp": 1766014988770}, {"id": "1013565272", "price": 123.18, "amount": 2.43, "side": "buy", "timestamp": 1766014988890}, {"id": "1013565273", "price": 123.18, "amount": 1.65, "side": "buy", "timestamp": 1766014989745}, {"id": "1013565274", "price": 123.17, "amount": 0.35, "side": "sell", "timestamp": 1766014989960}, {"id": "1013565275", "price": 123.18, "amount": 163.06, "side": "buy", "timestamp": 1766014990028}, {"id": "1013565276", "price": 123.18, "amount": 0.03, "side": "buy", "timestamp": 1766014990917}, {"id": "1013565277", "price": 123.17, "amount": 0.11, "side": "sell", "timestamp": 1766014991186}, {"id": "1013565278", "price": 123.18, "amount": 0.1, "side": "buy", "timestamp": 1766014991640}, {"id": "1013565279", "price": 123.17, "amount": 5.07, "side": "sell", "timestamp": 1766014991723}, {"id": "1013565280", "price": 123.18, "amount": 0.4, "side": "buy", "timestamp": 1766014992025}, {"id": "1013565281", "price": 123.17, "amount": 6.41, "side": "sell", "timestamp": 1766014992405}, {"id": "1013565282", "price": 123.17, "amount": 0.11, "side": "sell", "timestamp": 1766014992680}, {"id": "1013565283", "price": 123.18, "amount": 0.24, "side": "buy", "timestamp": 1766014992692}, {"id": "1013565284", "price": 123.17, "amount": 0.11, "side": "sell", "timestamp": 1766014994080}, {"id": "1013565285", "price": 123.17, "amount": 0.14, "side": "sell", "timestamp": 1766014994262}, {"id": "1013565286", "price": 123.18, "amount": 4.64, "side": "buy", "timestamp": 1766014994723}, {"id": "1013565287", "price": 123.17, "amount": 8.11, "side": "sell", "timestamp": 1766014994795}, {"id": "1013565288", "price": 123.18, "amount": 0.01, "side": "buy", "timestamp": 1766014994801}, {"id": "1013565289", "price": 123.17, "amount": 0.78, "side": "sell", "timestamp": 1766014994872}, {"id": "1013565290", "price": 123.18, "amount": 0.2, "side": "buy", "timestamp": 1766014994921}, {"id": "1013565291", "price": 123.17, "amount": 31.57, "side": "sell", "timestamp": 1766014995420}, {"id": "1013565292", "price": 123.17, "amount": 4.15, "side": "sell", "timestamp": 1766014997093}, {"id": "1013565293", "price": 123.17, "amount": 5.0, "side": "sell", "timestamp": 1766014997742}, {"id": "1013565294", "price": 123.18, "amount": 0.2, "side": "buy", "timestamp": 1766014997781}, {"id": "1013565295", "price": 123.17, "amount": 0.35, "side": "sell", "timestamp": 1766014997797}, {"id": "1013565296", "price": 123.18, "amount": 4.27, "side": "buy", "timestamp": 1766014998616}, {"id": "1013565297", "price": 123.17, "amount": 0.54, "side": "sell", "timestamp": 1766014999215}, {"id": "1013565298", "price": 123.18, "amount": 0.17, "side": "buy", "timestamp": 1766014999809}, {"id": "1013565299", "price": 123.17, "amount": 0.15, "side": "sell", "timestamp": 1766014999821}, {"id": "1013565300", "price": 123.18, "amount": 0.19, "side": "buy", "timestamp": 1766014999877}, {"id": "1013565301", "price": 123.17, "amount": 0.23, "side": "sell", "timestamp": 1766015000117}, {"id": "1013565302", "price": 123.18, "amount": 0.23, "side": "buy", "timestamp": 1766015000218}, {"id": "1013565303", "price": 123.18, "amount": 0.31, "side": "buy", "timestamp": 1766015000607}, {"id": "1013565430", "price": 123.11, "amount": 0.07, "side": "buy", "timestamp": 1766015040599}, {"id": "1013565431", "price": 123.11, "amount": 0.22, "side": "buy", "timestamp": 1766015040903}, {"id": "1013565432", "price": 123.1, "amount": 1.3, "side": "sell", "timestamp": 1766015041685}, {"id": "1013565433", "price": 123.11, "amount": 0.52, "side": "buy", "timestamp": 1766015041717}, {"id": "1013565434", "price": 123.1, "amount": 239.23, "side": "sell", "timestamp": 1766015041727}, {"id": "1013565435", "price": 123.09, "amount": 12.99, "side": "sell", "timestamp": 1766015041777}, {"id": "1013565436", "price": 123.09, "amount": 0.09, "side": "buy", "timestamp": 1766015041779}, {"id": "1013565437", "price": 123.08, "amount": 40.11, "side": "sell", "timestamp": 1766015042114}, {"id": "1013565438", "price": 123.09, "amount": 0.14, "side": "buy", "timestamp": 1766015043050}, {"id": "1013565439", "price": 123.08, "amount": 0.06, "side": "sell", "timestamp": 1766015043155}, {"id": "1013565440", "price": 123.09, "amount": 1.97, "side": "buy", "timestamp": 1766015044213}, {"id": "1013565441", "price": 123.09, "amount": 0.24, "side": "buy", "timestamp": 1766015044395}, {"id": "1013565442", "price": 123.09, "amount": 0.04, "side": "buy", "timestamp": 1766015045063}, {"id": "1013565443", "price": 123.08, "amount": 0.11, "side": "sell", "timestamp": 1766015045195}, {"id": "1013565444", "price": 123.09, "amount": 0.05, "side": "buy", "timestamp": 1766015045267}, {"id": "1013565445", "price": 123.09, "amount": 0.06, "side": "buy", "timestamp": 1766015045655}, {"id": "1013565446", "price": 123.08, "amount": 0.07, "side": "sell", "timestamp": 1766015045699}, {"id": "1013565447", "price": 123.09, "amount": 0.4, "side": "buy", "timestamp": 1766015045843}, {"id": "1013565448", "price": 123.08, "amount": 134.87, "side": "sell", "timestamp": 1766015046229}, {"id": "1013565449", "price": 123.09, "amount": 0.2, "side": "buy", "timestamp": 1766015046374}, {"id": "1013565450", "price": 123.09, "amount": 8.12, "side": "buy", "timestamp": 1766015046693}, {"id": "1013565451", "price": 123.08, "amount": 0.65, "side": "sell", "timestamp": 1766015047403}, {"id": "1013565452", "price": 123.09, "amount": 0.05, "side": "buy", "timestamp": 1766015047628}, {"id": "1013565453", "price": 123.08, "amount": 0.11, "side": "sell", "timestamp": 1766015048024}, {"id": "1013565454", "price": 123.09, "amount": 12.08, "side": "buy", "timestamp": 1766015048178}, {"id": "1013565455", "price": 123.08, "amount": 2.93, "side": "sell", "timestamp": 1766015048272}, {"id": "1013565456", "price": 123.09, "amount": 1.0, "side": "buy", "timestamp": 1766015048385}, {"id": "1013565457", "price": 123.09, "amount": 16.27, "side": "buy", "timestamp": 1766015048592}, {"id": "1013565458", "price": 123.08, "amount": 173.62, "side": "sell", "timestamp": 1766015049759}, {"id": "1013565459", "price": 123.07, "amount": 4.04, "side": "sell", "timestamp": 1766015050011}, {"id": "1013565460", "price": 123.08, "amount": 0.24, "side": "buy", "timestamp": 1766015050398}, {"id": "1013565461", "price": 123.08, "amount": 2.12, "side": "buy", "timestamp": 1766015050716}, {"id": "1013565462", "price": 123.07, "amount": 13.83, "side": "sell", "timestamp": 1766015050719}, {"id": "1013565463", "price": 123.07, "amount": 0.11, "side": "sell", "timestamp": 1766015051057}, {"id": "1013565464", "price": 123.08, "amount": 1.57, "side": "buy", "timestamp": 1766015051675}, {"id": "1013565465", "price": 123.08, "amount": 3.2, "side": "buy", "timestamp": 1766015051941}, {"id": "1013565466", "price": 123.08, "amount": 0.28, "side": "buy", "timestamp": 1766015052308}, {"id": "1013565467", "price": 123.07, "amount": 16.99, "side": "sell", "timestamp": 1766015052337}, {"id": "1013565468", "price": 123.07, "amount": 40.76, "side": "sell", "timestamp": 1766015052589}, {"id": "1013565469", "price": 123.08, "amount": 0.05, "side": "buy", "timestamp": 1766015052827}, {"id": "1013565470", "price": 123.08, "amount": 8.55, "side": "buy", "timestamp": 1766015052932}, {"id": "1013565471", "price": 123.08, "amount": 81.25, "side": "buy", "timestamp": 1766015053425}, {"id": "1013565472", "price": 123.07, "amount": 6.86, "side": "sell", "timestamp": 1766015053555}, {"id": "1013565473", "price": 123.08, "amount": 7.78, "side": "buy", "timestamp": 1766015054075}, {"id": "1013565474", "price": 123.07, "amount": 0.11, "side": "sell", "timestamp": 1766015054087}, {"id": "1013565475", "price": 123.08, "amount": 0.04, "side": "buy", "timestamp": 1766015054405}, {"id": "1013565476", "price": 123.07, "amount": 43.16, "side": "sell", "timestamp": 1766015055673}, {"id": "1013565477", "price": 123.08, "amount": 0.14, "side": "buy", "timestamp": 1766015055972}, {"id": "1013565478", "price": 123.07, "amount": 0.07, "side": "sell", "timestamp": 1766015056450}, {"id": "1013565479", "price": 123.08, "amount": 0.78, "side": "buy", "timestamp": 1766015056739}, {"id": "1013565574", "price": 123.07, "amount": 0.11, "side": "sell", "timestamp": 1766015099067}, {"id": "1013565575", "price": 123.08, "amount": 2.48, "side": "buy", "timestamp": 1766015099079}, {"id": "1013565576", "price": 123.08, "amount": 66.89, "side": "buy", "timestamp": 1766015099642}, {"id": "1013565577", "price": 123.07, "amount": 0.14, "side": "sell", "timestamp": 1766015099770}, {"id": "1013565578", "price": 123.08, "amount": 1.74, "side": "buy", "timestamp": 1766015100019}, {"id": "1013565579", "price": 123.07, "amount": 11.02, "side": "sell", "timestamp": 1766015100020}, {"id": "1013565580", "price": 123.08, "amount": 77.27, "side": "buy", "timestamp": 1766015100104}, {"id": "1013565581", "price": 123.09, "amount": 4.55, "side": "buy", "timestamp": 1766015100154}, {"id": "1013565582", "price": 123.1, "amount": 0.24, "side": "buy", "timestamp": 1766015100323}, {"id": "1013565583", "price": 123.1, "amount": 4.18, "side": "buy", "timestamp": 1766015101283}, {"id": "1013565584", "price": 123.09, "amount": 1.0, "side": "sell", "timestamp": 1766015102760}, {"id": "1013565585", "price": 123.1, "amount": 0.07, "side": "buy", "timestamp": 1766015102806}, {"id": "1013565586", "price": 123.1, "amount": 0.24, "side": "buy", "timestamp": 1766015103377}, {"id": "1013565587", "price": 123.1, "amount": 5.9, "side": "buy", "timestamp": 1766015103816}, {"id": "1013565588", "price": 123.1, "amount": 72.28, "side": "buy", "timestamp": 1766015104146}, {"id": "1013565589", "price": 123.11, "amount": 96.66, "side": "buy", "timestamp": 1766015104245}, {"id": "1013565590", "price": 123.11, "amount": 0.05, "side": "sell", "timestamp": 1766015104300}, {"id": "1013565591", "price": 123.12, "amount": 0.52, "side": "buy", "timestamp": 1766015104323}, {"id": "1013565592", "price": 123.11, "amount": 0.18, "side": "sell", "timestamp": 1766015104461}, {"id": "1013565593", "price": 123.11, "amount": 0.46, "side": "sell", "timestamp": 1766015104633}, {"id": "1013565594", "price": 123.12, "amount": 0.1, "side": "buy", "timestamp": 1766015104657}, {"id": "1013565595", "price": 123.12, "amount": 2.43, "side": "buy", "timestamp": 1766015104759}, {"id": "1013565596", "price": 123.12, "amount": 0.2, "side": "buy", "timestamp": 1766015104943}, {"id": "1013565597", "price": 123.12, "amount": 0.15, "side": "buy", "timestamp": 1766015105848}, {"id": "1013565598", "price": 123.12, "amount": 0.45, "side": "buy", "timestamp": 1766015106020}, {"id": "1013565599", "price": 123.12, "amount": 0.08, "side": "buy", "timestamp": 1766015106184}, {"id": "1013565600", "price": 123.12, "amount": 0.9, "side": "buy", "timestamp": 1766015106485}, {"id": "1013565601", "price": 123.12, "amount": 0.4, "side": "buy", "timestamp": 1766015106810}, {"id": "1013565602", "price": 123.11, "amount": 1.82, "side": "sell", "timestamp": 1766015107333}, {"id": "1013565603", "price": 123.12, "amount": 273.3, "side": "buy", "timestamp": 1766015107671}, {"id": "1013565604", "price": 123.11, "amount": 107.45, "side": "sell", "timestamp": 1766015108771}, {"id": "1013565605", "price": 123.12, "amount": 0.19, "side": "buy", "timestamp": 1766015109579}, {"id": "1013565606", "price": 123.12, "amount": 0.08, "side": "buy", "timestamp": 1766015109833}, {"id": "1013565607", "price": 123.12, "amount": 0.72, "side": "buy", "timestamp": 1766015109954}, {"id": "1013565608", "price": 123.12, "amount": 0.49, "side": "buy", "timestamp": 1766015110470}, {"id": "1013565609", "price": 123.11, "amount": 1.53, "side": "sell", "timestamp": 1766015110562}, {"id": "1013565610", "price": 123.11, "amount": 271.35, "side": "sell", "timestamp": 1766015110830}, {"id": "1013565611", "price": 123.11, "amount": 1020.69, "side": "buy", "timestamp": 1766015110849}, {"id": "1013565612", "price": 123.12, "amount": 205.35, "side": "buy", "timestamp": 1766015110857}, {"id": "1013565613", "price": 123.12, "amount": 0.85, "side": "sell", "timestamp": 1766015110869}, {"id": "1013565614", "price": 123.12, "amount": 23.55, "side": "sell", "timestamp": 1766015111847}, {"id": "1013565615", "price": 123.11, "amount": 1.45, "side": "sell", "timestamp": 1766015111857}, {"id": "1013565616", "price": 123.1, "amount": 19.86, "side": "sell", "timestamp": 1766015112357}, {"id": "1013565617", "price": 123.11, "amount": 0.24, "side": "buy", "timestamp": 1766015112731}, {"id": "1013565618", "price": 123.11, "amount": 0.24, "side": "buy", "timestamp": 1766015113073}, {"id": "1013565619", "price": 123.11, "amount": 5.0, "side": "buy", "timestamp": 1766015113752}, {"id": "1013565620", "price": 123.11, "amount": 31.22, "side": "buy", "timestamp": 1766015114094}, {"id": "1013565621", "price": 123.11, "amount": 0.18, "side": "buy", "timestamp": 1766015115917}, {"id": "1013565622", "price": 123.11, "amount": 1.96, "side": "buy", "timestamp": 1766015116108}, {"id": "1013565623", "price": 123.11, "amount": 1.56, "side": "buy", "timestamp": 1766015116832}, {"id": "1013565760", "price": 123.12, "amount": 0.51, "side": "sell", "timestamp": 1766015157345}, {"id": "1013565761", "price": 123.13, "amount": 3.6, "side": "buy", "timestamp": 1766015157688}, {"id": "1013565762", "price": 123.13, "amount": 1.01, "side": "buy", "timestamp": 1766015158188}, {"id": "1013565763", "price": 123.12, "amount": 0.17, "side": "sell", "timestamp": 1766015159104}, {"id": "1013565764", "price": 123.13, "amount": 2.0, "side": "buy", "timestamp": 1766015159528}, {"id": "1013565765", "price": 123.13, "amount": 1.62, "side": "buy", "timestamp": 1766015160180}, {"id": "1013565766", "price": 123.12, "amount": 186.41, "side": "sell", "timestamp": 1766015160538}, {"id": "1013565767", "price": 123.11, "amount": 0.9, "side": "sell", "timestamp": 1766015160550}, {"id": "1013565768", "price": 123.11, "amount": 184.95, "side": "sell", "timestamp": 1766015160885}, {"id": "1013565769", "price": 123.1, "amount": 151.28, "side": "sell", "timestamp": 1766015160899}, {"id": "1013565770", "price": 123.1, "amount": 0.11, "side": "sell", "timestamp": 1766015161175}, {"id": "1013565771", "price": 123.1, "amount": 81.94, "side": "sell", "timestamp": 1766015161458}, {"id": "1013565772", "price": 123.1, "amount": 0.11, "side": "sell", "timestamp": 1766015162182}, {"id": "1013565773", "price": 123.1, "amount": 1.0, "side": "sell", "timestamp": 1766015162396}, {"id": "1013565774", "price": 123.11, "amount": 0.05, "side": "buy", "timestamp": 1766015162893}, {"id": "1013565775", "price": 123.1, "amount": 1.14, "side": "sell", "timestamp": 1766015162914}, {"id": "1013565776", "price": 123.1, "amount": 3.33, "side": "sell", "timestamp": 1766015163065}, {"id": "1013565777", "price": 123.11, "amount": 2.62, "side": "buy", "timestamp": 1766015163206}, {"id": "1013565778", "price": 123.1, "amount": 38.11, "side": "sell", "timestamp": 1766015163565}, {"id": "1013565779", "price": 123.11, "amount": 4.15, "side": "buy", "timestamp": 1766015164263}, {"id": "1013565780", "price": 123.11, "amount": 0.23, "side": "buy", "timestamp": 1766015164407}, {"id": "1013565781", "price": 123.11, "amount": 3.28, "side": "buy", "timestamp": 1766015164558}, {"id": "1013565782", "price": 123.11, "amount": 0.08, "side": "buy", "timestamp": 1766015164665}, {"id": "1013565783", "price": 123.11, "amount": 0.28, "side": "buy", "timestamp": 1766015164852}, {"id": "1013565784", "price": 123.1, "amount": 0.67, "side": "sell", "timestamp": 1766015164969}, {"id": "1013565785", "price": 123.11, "amount": 0.08, "side": "buy", "timestamp": 1766015164996}, {"id": "1013565786", "price": 123.1, "amount": 0.11, "side": "sell", "timestamp": 1766015165006}, {"id": "1013565787", "price": 123.11, "amount": 2.03, "side": "buy", "timestamp": 1766015165007}, {"id": "1013565788", "price": 123.11, "amount": 0.67, "side": "buy", "timestamp": 1766015165277}, {"id": "1013565789", "price": 123.11, "amount": 7.0, "side": "buy", "timestamp": 1766015165563}, {"id": "1013565790", "price": 123.1, "amount": 0.1, "side": "sell", "timestamp": 1766015165641}, {"id": "1013565791", "price": 123.1, "amount": 204.19, "side": "sell", "timestamp": 1766015165918}, {"id": "1013565792", "price": 123.1, "amount": 0.05, "side": "buy", "timestamp": 1766015165958}, {"id": "1013565793", "price": 123.09, "amount": 22.62, "side": "sell", "timestamp": 1766015165981}, {"id": "1013565794", "price": 123.09, "amount": 4.06, "side": "buy", "timestamp": 1766015166088}, {"id": "1013565795", "price": 123.08, "amount": 0.07, "side": "sell", "timestamp": 1766015166325}, {"id": "1013565796", "price": 123.09, "amount": 1.0, "side": "buy", "timestamp": 1766015166678}, {"id": "1013565797", "price": 123.09, "amount": 4.06, "side": "buy", "timestamp": 1766015167461}, {"id": "1013565798", "price": 123.08, "amount": 0.11, "side": "sell", "timestamp": 1766015168056}, {"id": "1013565799", "price": 123.08, "amount": 40.66, "side": "sell", "timestamp": 1766015169153}, {"id": "1013565800", "price": 123.09, "amount": 0.19, "side": "buy", "timestamp": 1766015169773}, {"id": "1013565801", "price": 123.08, "amount": 0.11, "side": "sell", "timestamp": 1766015171090}, {"id": "1013565802", "price": 123.09, "amount": 0.1, "side": "buy", "timestamp": 1766015171640}, {"id": "1013565803", "price": 123.08, "amount": 0.21, "side": "sell", "timestamp": 1766015171663}, {"id": "1013565804", "price": 123.09, "amount": 4.15, "side": "buy", "timestamp": 1766015171730}, {"id": "1013565805", "price": 123.09, "amount": 5.68, "side": "buy", "timestamp": 1766015172034}, {"id": "1013565806", "price": 123.09, "amount": 0.24, "side": "buy", "timestamp": 1766015172192}, {"id": "1013565807", "price": 123.08, "amount": 2.47, "side": "sell", "timestamp": 1766015172326}, {"id": "1013565808", "price": 123.09, "amount": 37.0, "side": "buy", "timestamp": 1766015172529}, {"id": "1013565809", "price": 123.08, "amount": 51.24, "side": "sell", "timestamp": 1766015172727}, {"id": "1013565965", "price": 123.13, "amount": 0.11, "side": "sell", "timestamp": 1766015213131}, {"id": "1013565966", "price": 123.14, "amount": 12.75, "side": "buy", "timestamp": 1766015213656}, {"id": "1013565967", "price": 123.14, "amount": 0.16, "side": "buy", "timestamp": 1766015213921}, {"id": "1013565968", "price": 123.13, "amount": 0.1, "side": "sell", "timestamp": 1766015215029}, {"id": "1013565969", "price": 123.13, "amount": 0.3, "side": "sell", "timestamp": 1766015215176}, {"id": "1013565970", "price": 123.14, "amount": 0.07, "side": "buy", "timestamp": 1766015215239}, {"id": "1013565971", "price": 123.13, "amount": 0.65, "side": "sell", "timestamp": 1766015215404}, {"id": "1013565972", "price": 123.13, "amount": 0.11, "side": "sell", "timestamp": 1766015216159}, {"id": "1013565973", "price": 123.14, "amount": 0.2, "side": "buy", "timestamp": 1766015216762}, {"id": "1013565974", "price": 123.14, "amount": 0.16, "side": "buy", "timestamp": 1766015217228}, {"id": "1013565975", "price": 123.13, "amount": 2.17, "side": "sell", "timestamp": 1766015217234}, {"id": "1013565976", "price": 123.14, "amount": 20.09, "side": "buy", "timestamp": 1766015217237}, {"id": "1013565977", "price": 123.13, "amount": 1.0, "side": "sell", "timestamp": 1766015218290}, {"id": "1013565978", "price": 123.14, "amount": 0.12, "side": "buy", "timestamp": 1766015218678}, {"id": "1013565979", "price": 123.13, "amount": 25.13, "side": "sell", "timestamp": 1766015218771}, {"id": "1013565980", "price": 123.14, "amount": 0.16, "side": "buy", "timestamp": 1766015218930}, {"id": "1013565981", "price": 123.13, "amount": 0.11, "side": "sell", "timestamp": 1766015219189}, {"id": "1013565982", "price": 123.14, "amount": 6.1, "side": "buy", "timestamp": 1766015219720}, {"id": "1013565983", "price": 123.13, "amount": 0.05, "side": "sell", "timestamp": 1766015220703}, {"id": "1013565984", "price": 123.14, "amount": 0.15, "side": "buy", "timestamp": 1766015221283}, {"id": "1013565985", "price": 123.13, "amount": 41.96, "side": "sell", "timestamp": 1766015221354}, {"id": "1013565986", "price": 123.14, "amount": 8.12, "side": "buy", "timestamp": 1766015221424}, {"id": "1013565987", "price": 123.13, "amount": 0.05, "side": "sell", "timestamp": 1766015221428}, {"id": "1013565988", "price": 123.13, "amount": 2.57, "side": "sell", "timestamp": 1766015221636}, {"id": "1013565989", "price": 123.14, "amount": 0.08, "side": "buy", "timestamp": 1766015221757}, {"id": "1013565990", "price": 123.13, "amount": 0.11, "side": "sell", "timestamp": 1766015222018}, {"id": "1013565991", "price": 123.14, "amount": 0.93, "side": "buy", "timestamp": 1766015222193}, {"id": "1013565992", "price": 123.13, "amount": 0.34, "side": "sell", "timestamp": 1766015222266}, {"id": "1013565993", "price": 123.14, "amount": 0.16, "side": "buy", "timestamp": 1766015222372}, {"id": "1013565994", "price": 123.14, "amount": 0.18, "side": "buy", "timestamp": 1766015222946}, {"id": "1013565995", "price": 123.13, "amount": 0.92, "side": "sell", "timestamp": 1766015223203}, {"id": "1013565996", "price": 123.14, "amount": 6.75, "side": "buy", "timestamp": 1766015223243}, {"id": "1013565997", "price": 123.14, "amount": 0.12, "side": "buy", "timestamp": 1766015223704}, {"id": "1013565998", "price": 123.13, "amount": 0.13, "side": "sell", "timestamp": 1766015223864}, {"id": "1013565999", "price": 123.14, "amount": 0.16, "side": "buy", "timestamp": 1766015223957}, {"id": "1013566000", "price": 123.14, "amount": 100.0, "side": "buy", "timestamp": 1766015224125}, {"id": "1013566001", "price": 123.14, "amount": 1.07, "side": "buy", "timestamp": 1766015224407}, {"id": "1013566002", "price": 123.14, "amount": 10.05, "side": "buy", "timestamp": 1766015224758}, {"id": "1013566003", "price": 123.14, "amount": 0.19, "side": "buy", "timestamp": 1766015224859}, {"id": "1013566004", "price": 123.13, "amount": 0.11, "side": "sell", "timestamp": 1766015225077}, {"id": "1013566005", "price": 123.14, "amount": 0.19, "side": "buy", "timestamp": 1766015225103}, {"id": "1013566006", "price": 123.14, "amount": 0.06, "side": "buy", "timestamp": 1766015225668}, {"id": "1013566007", "price": 123.14, "amount": 60.85, "side": "buy", "timestamp": 1766015225842}, {"id": "1013566008", "price": 123.14, "amount": 2.82, "side": "buy", "timestamp": 1766015226004}, {"id": "1013566009", "price": 123.14, "amount": 50.4, "side": "buy", "timestamp": 1766015226707}, {"id": "1013566010", "price": 123.14, "amount": 0.16, "side": "buy", "timestamp": 1766015227293}, {"id": "1013566011", "price": 123.13, "amount": 0.26, "side": "sell", "timestamp": 1766015228065}, {"id": "1013566012", "price": 123.14, "amount": 0.12, "side": "buy", "timestamp": 1766015228675}, {"id": "1013566013", "price": 123.13, "amount": 5.25, "side": "sell", "timestamp": 1766015228788}, {"id": "1013566014", "price": 123.14, "amount": 0.16, "side": "buy", "timestamp": 1766015228937}, {"id": "1013566114", "price": 123.11, "amount": 0.11, "side": "sell", "timestamp": 1766015267055}, {"id": "1013566115", "price": 123.12, "amount": 81.06, "side": "buy", "timestamp": 1766015268285}, {"id": "1013566116", "price": 123.11, "amount": 367.32, "side": "sell", "timestamp": 1766015268305}, {"id": "1013566117", "price": 123.1, "amount": 349.21, "side": "sell", "timestamp": 1766015268305}, {"id": "1013566118", "price": 123.09, "amount": 283.47, "side": "sell", "timestamp": 1766015268305}, {"id": "1013566119", "price": 123.09, "amount": 0.12, "side": "sell", "timestamp": 1766015269311}, {"id": "1013566120", "price": 123.09, "amount": 0.29, "side": "sell", "timestamp": 1766015269479}, {"id": "1013566121", "price": 123.09, "amount": 0.11, "side": "sell", "timestamp": 1766015270087}, {"id": "1013566122", "price": 123.1, "amount": 0.26, "side": "buy", "timestamp": 1766015270217}, {"id": "1013566123", "price": 123.1, "amount": 1.04, "side": "buy", "timestamp": 1766015271430}, {"id": "1013566124", "price": 123.1, "amount": 0.81, "side": "buy", "timestamp": 1766015272556}, {"id": "1013566125", "price": 123.09, "amount": 0.11, "side": "sell", "timestamp": 1766015273118}, {"id": "1013566126", "price": 123.09, "amount": 0.29, "side": "sell", "timestamp": 1766015273298}, {"id": "1013566127", "price": 123.1, "amount": 43.78, "side": "buy", "timestamp": 1766015273340}, {"id": "1013566128", "price": 123.1, "amount": 2.0, "side": "buy", "timestamp": 1766015273483}, {"id": "1013566129", "price": 123.1, "amount": 92.12, "side": "buy", "timestamp": 1766015274109}, {"id": "1013566130", "price": 123.1, "amount": 1.48, "side": "buy", "timestamp": 1766015274262}, {"id": "1013566131", "price": 123.11, "amount": 8.99, "side": "buy", "timestamp": 1766015274392}, {"id": "1013566132", "price": 123.11, "amount": 0.85, "side": "sell", "timestamp": 1766015274447}, {"id": "1013566133", "price": 123.12, "amount": 18.0, "side": "buy", "timestamp": 1766015274728}, {"id": "1013566134", "price": 123.12, "amount": 27.29, "side": "buy", "timestamp": 1766015275550}, {"id": "1013566135", "price": 123.11, "amount": 0.11, "side": "sell", "timestamp": 1766015276148}, {"id": "1013566136", "price": 123.12, "amount": 2.12, "side": "buy", "timestamp": 1766015277025}, {"id": "1013566137", "price": 123.11, "amount": 55.61, "side": "sell", "timestamp": 1766015277979}, {"id": "1013566138", "price": 123.1, "amount": 13.24, "side": "sell", "timestamp": 1766015277983}, {"id": "1013566139", "price": 123.1, "amount": 21.29, "side": "buy", "timestamp": 1766015278834}, {"id": "1013566140", "price": 123.09, "amount": 0.11, "side": "sell", "timestamp": 1766015279178}, {"id": "1013566141", "price": 123.1, "amount": 0.1, "side": "buy", "timestamp": 1766015279638}, {"id": "1013566142", "price": 123.1, "amount": 87.76, "side": "buy", "timestamp": 1766015279766}, {"id": "1013566143", "price": 123.09, "amount": 0.18, "side": "sell", "timestamp": 1766015280295}, {"id": "1013566144", "price": 123.1, "amount": 0.22, "side": "buy", "timestamp": 1766015281242}, {"id": "1013566145", "price": 123.09, "amount": 0.26, "side": "sell", "timestamp": 1766015281426}, {"id": "1013566146", "price": 123.09, "amount": 0.11, "side": "sell", "timestamp": 1766015282200}, {"id": "1013566147", "price": 123.1, "amount": 0.26, "side": "buy", "timestamp": 1766015282508}, {"id": "1013566148", "price": 123.1, "amount": 5.33, "side": "buy", "timestamp": 1766015283267}, {"id": "1013566149", "price": 123.09, "amount": 2.38, "side": "sell", "timestamp": 1766015283858}, {"id": "1013566150", "price": 123.09, "amount": 0.07, "side": "sell", "timestamp": 1766015283965}, {"id": "1013566151", "price": 123.1, "amount": 3.06, "side": "buy", "timestamp": 1766015284132}, {"id": "1013566152", "price": 123.1, "amount": 0.1, "side": "buy", "timestamp": 1766015284367}, {"id": "1013566153", "price": 123.1, "amount": 0.19, "side": "buy", "timestamp": 1766015284961}, {"id": "1013566154", "price": 123.09, "amount": 0.11, "side": "sell", "timestamp": 1766015285035}, {"id": "1013566155", "price": 123.1, "amount": 0.2, "side": "buy", "timestamp": 1766015285078}, {"id": "1013566156", "price": 123.09, "amount": 32.84, "side": "sell", "timestamp": 1766015285897}, {"id": "1013566157", "price": 123.1, "amount": 0.19, "side": "buy", "timestamp": 1766015286117}, {"id": "1013566158", "price": 123.09, "amount": 0.25, "side": "sell", "timestamp": 1766015286510}, {"id": "1013566159", "price": 123.1, "amount": 0.32, "side": "buy", "timestamp": 1766015286711}, {"id": "1013566160", "price": 123.1, "amount": 2.11, "side": "buy", "timestamp": 1766015287914}, {"id": "1013566161", "price": 123.09, "amount": 0.11, "side": "sell", "timestamp": 1766015288066}, {"id": "1013566162", "price": 123.1, "amount": 11.36, "side": "buy", "timestamp": 1766015288243}, {"id": "1013566163", "price": 123.1, "amount": 17.82, "side": "buy", "timestamp": 1766015288388}, {"id": "1013566259", "price": 123.03, "amount": 30.0, "side": "sell", "timestamp": 1766015329464}, {"id": "1013566260", "price": 123.04, "amount": 1.8, "side": "buy", "timestamp": 1766015329566}, {"id": "1013566261", "price": 123.03, "amount": 2.0, "side": "sell", "timestamp": 1766015330036}, {"id": "1013566262", "price": 123.04, "amount": 0.48, "side": "buy", "timestamp": 1766015330526}, {"id": "1013566263", "price": 123.03, "amount": 1.96, "side": "sell", "timestamp": 1766015331339}, {"id": "1013566264", "price": 123.04, "amount": 0.73, "side": "buy", "timestamp": 1766015331455}, {"id": "1013566265", "price": 123.04, "amount": 3.92, "side": "buy", "timestamp": 1766015332073}, {"id": "1013566266", "price": 123.03, "amount": 0.24, "side": "sell", "timestamp": 1766015332545}, {"id": "1013566267", "price": 123.03, "amount": 0.43, "side": "sell", "timestamp": 1766015333060}, {"id": "1013566268", "price": 123.04, "amount": 2.45, "side": "buy", "timestamp": 1766015333401}, {"id": "1013566269", "price": 123.03, "amount": 0.09, "side": "sell", "timestamp": 1766015333422}, {"id": "1013566270", "price": 123.03, "amount": 27.97, "side": "sell", "timestamp": 1766015334301}, {"id": "1013566271", "price": 123.03, "amount": 5.0, "side": "sell", "timestamp": 1766015334681}, {"id": "1013566272", "price": 123.03, "amount": 60.0, "side": "sell", "timestamp": 1766015335014}, {"id": "1013566273", "price": 123.04, "amount": 282.4, "side": "buy", "timestamp": 1766015335274}, {"id": "1013566274", "price": 123.04, "amount": 0.26, "side": "sell", "timestamp": 1766015335954}, {"id": "1013566275", "price": 123.05, "amount": 3.75, "side": "buy", "timestamp": 1766015336265}, {"id": "1013566276", "price": 123.05, "amount": 0.14, "side": "buy", "timestamp": 1766015336761}, {"id": "1013566277", "price": 123.05, "amount": 2.17, "side": "buy", "timestamp": 1766015337204}, {"id": "1013566278", "price": 123.04, "amount": 4.0, "side": "sell", "timestamp": 1766015337673}, {"id": "1013566279", "price": 123.05, "amount": 283.11, "side": "buy", "timestamp": 1766015337959}, {"id": "1013566280", "price": 123.06, "amount": 151.44, "side": "buy", "timestamp": 1766015337964}, {"id": "1013566281", "price": 123.07, "amount": 22.7, "side": "buy", "timestamp": 1766015338046}, {"id": "1013566282", "price": 123.07, "amount": 0.91, "side": "buy", "timestamp": 1766015338323}, {"id": "1013566283", "price": 123.06, "amount": 2.0, "side": "sell", "timestamp": 1766015338550}, {"id": "1013566284", "price": 123.07, "amount": 1.62, "side": "buy", "timestamp": 1766015338814}, {"id": "1013566285", "price": 123.06, "amount": 3.99, "side": "sell", "timestamp": 1766015339079}, {"id": "1013566286", "price": 123.07, "amount": 1.14, "side": "buy", "timestamp": 1766015339262}, {"id": "1013566287", "price": 123.06, "amount": 0.06, "side": "sell", "timestamp": 1766015339467}, {"id": "1013566288", "price": 123.07, "amount": 0.2, "side": "buy", "timestamp": 1766015339582}, {"id": "1013566289", "price": 123.06, "amount": 1.0, "side": "sell", "timestamp": 1766015340570}, {"id": "1013566290", "price": 123.06, "amount": 0.21, "side": "sell", "timestamp": 1766015340931}, {"id": "1013566291", "price": 123.06, "amount": 1.49, "side": "sell", "timestamp": 1766015341175}, {"id": "1013566292", "price": 123.07, "amount": 0.08, "side": "buy", "timestamp": 1766015341276}, {"id": "1013566293", "price": 123.06, "amount": 94.02, "side": "sell", "timestamp": 1766015341278}, {"id": "1013566294", "price": 123.05, "amount": 0.26, "side": "sell", "timestamp": 1766015342953}, {"id": "1013566295", "price": 123.05, "amount": 0.3, "side": "sell", "timestamp": 1766015343061}, {"id": "1013566296", "price": 123.06, "amount": 22.62, "side": "buy", "timestamp": 1766015343136}, {"id": "1013566297", "price": 123.05, "amount": 0.08, "side": "sell", "timestamp": 1766015343210}, {"id": "1013566298", "price": 123.06, "amount": 4.06, "side": "buy", "timestamp": 1766015343293}, {"id": "1013566299", "price": 123.05, "amount": 0.17, "side": "sell", "timestamp": 1766015343567}, {"id": "1013566300", "price": 123.05, "amount": 0.02, "side": "sell", "timestamp": 1766015343808}, {"id": "1013566301", "price": 123.05, "amount": 1.0, "side": "sell", "timestamp": 1766015344367}, {"id": "1013566302", "price": 123.06, "amount": 0.08, "side": "buy", "timestamp": 1766015344678}, {"id": "1013566303", "price": 123.06, "amount": 11.28, "side": "buy", "timestamp": 1766015344926}, {"id": "1013566304", "price": 123.06, "amount": 0.18, "side": "buy", "timestamp": 1766015345049}, {"id": "1013566305", "price": 123.06, "amount": 81.33, "side": "buy", "timestamp": 1766015345631}, {"id": "1013566306", "price": 123.06, "amount": 0.12, "side": "buy", "timestamp": 1766015345868}, {"id": "1013566307", "price": 123.06, "amount": 0.4, "side": "buy", "timestamp": 1766015346092}, {"id": "1013566308", "price": 123.05, "amount": 120.81, "side": "sell", "timestamp": 1766015346172}, {"id": "1013566403", "price": 123.03, "amount": 4.57, "side": "sell", "timestamp": 1766015382688}, {"id": "1013566404", "price": 123.03, "amount": 0.36, "side": "sell", "timestamp": 1766015382791}, {"id": "1013566405", "price": 123.04, "amount": 0.41, "side": "buy", "timestamp": 1766015383009}, {"id": "1013566406", "price": 123.04, "amount": 0.57, "side": "buy", "timestamp": 1766015383318}, {"id": "1013566407", "price": 123.04, "amount": 3.31, "side": "buy", "timestamp": 1766015384464}, {"id": "1013566408", "price": 123.03, "amount": 0.06, "side": "sell", "timestamp": 1766015384919}, {"id": "1013566409", "price": 123.04, "amount": 50.0, "side": "buy", "timestamp": 1766015385451}, {"id": "1013566410", "price": 123.04, "amount": 155.56, "side": "buy", "timestamp": 1766015386748}, {"id": "1013566411", "price": 123.05, "amount": 0.24, "side": "buy", "timestamp": 1766015386800}, {"id": "1013566412", "price": 123.04, "amount": 0.32, "side": "sell", "timestamp": 1766015387032}, {"id": "1013566413", "price": 123.05, "amount": 3.25, "side": "buy", "timestamp": 1766015387213}, {"id": "1013566414", "price": 123.05, "amount": 0.1, "side": "buy", "timestamp": 1766015387646}, {"id": "1013566415", "price": 123.05, "amount": 8.86, "side": "buy", "timestamp": 1766015387789}, {"id": "1013566416", "price": 123.04, "amount": 1.0, "side": "sell", "timestamp": 1766015388648}, {"id": "1013566417", "price": 123.05, "amount": 0.14, "side": "buy", "timestamp": 1766015388681}, {"id": "1013566418", "price": 123.04, "amount": 0.26, "side": "sell", "timestamp": 1766015390928}, {"id": "1013566419", "price": 123.05, "amount": 2.54, "side": "buy", "timestamp": 1766015391291}, {"id": "1013566420", "price": 123.04, "amount": 0.15, "side": "sell", "timestamp": 1766015391377}, {"id": "1013566421", "price": 123.04, "amount": 0.11, "side": "sell", "timestamp": 1766015392462}, {"id": "1013566422", "price": 123.04, "amount": 1.05, "side": "sell", "timestamp": 1766015392661}, {"id": "1013566423", "price": 123.05, "amount": 0.05, "side": "buy", "timestamp": 1766015393358}, {"id": "1013566424", "price": 123.04, "amount": 0.08, "side": "sell", "timestamp": 1766015394250}, {"id": "1013566425", "price": 123.05, "amount": 4.76, "side": "buy", "timestamp": 1766015394293}, {"id": "1013566426", "price": 123.04, "amount": 0.24, "side": "sell", "timestamp": 1766015394482}, {"id": "1013566427", "price": 123.05, "amount": 0.77, "side": "buy", "timestamp": 1766015394797}, {"id": "1013566428", "price": 123.05, "amount": 3.47, "side": "buy", "timestamp": 1766015395036}, {"id": "1013566429", "price": 123.04, "amount": 0.45, "side": "sell", "timestamp": 1766015395167}, {"id": "1013566430", "price": 123.05, "amount": 3.31, "side": "buy", "timestamp": 1766015395545}, {"id": "1013566431", "price": 123.05, "amount": 0.28, "side": "buy", "timestamp": 1766015395968}, {"id": "1013566432", "price": 123.04, "amount": 0.07, "side": "sell", "timestamp": 1766015396313}, {"id": "1013566433", "price": 123.04, "amount": 10.05, "side": "sell", "timestamp": 1766015397199}, {"id": "1013566434", "price": 123.04, "amount": 7.16, "side": "sell", "timestamp": 1766015397349}, {"id": "1013566435", "price": 123.05, "amount": 0.13, "side": "buy", "timestamp": 1766015397413}, {"id": "1013566436", "price": 123.05, "amount": 33.68, "side": "buy", "timestamp": 1766015397525}, {"id": "1013566437", "price": 123.05, "amount": 27.24, "side": "buy", "timestamp": 1766015397737}, {"id": "1013566438", "price": 123.04, "amount": 0.26, "side": "sell", "timestamp": 1766015397996}, {"id": "1013566439", "price": 123.05, "amount": 0.15, "side": "buy", "timestamp": 1766015398107}, {"id": "1013566440", "price": 123.04, "amount": 4.05, "side": "sell", "timestamp": 1766015398177}, {"id": "1013566441", "price": 123.05, "amount": 1.0, "side": "buy", "timestamp": 1766015399451}, {"id": "1013566442", "price": 123.04, "amount": 0.22, "side": "sell", "timestamp": 1766015399818}, {"id": "1013566443", "price": 123.05, "amount": 9.9, "side": "buy", "timestamp": 1766015399834}, {"id": "1013566444", "price": 123.04, "amount": 0.12, "side": "sell", "timestamp": 1766015400092}, {"id": "1013566445", "price": 123.04, "amount": 0.31, "side": "sell", "timestamp": 1766015400223}, {"id": "1013566446", "price": 123.04, "amount": 7.6, "side": "sell", "timestamp": 1766015400940}, {"id": "1013566447", "price": 123.05, "amount": 20.97, "side": "buy", "timestamp": 1766015401112}, {"id": "1013566448", "price": 123.04, "amount": 0.26, "side": "sell", "timestamp": 1766015401488}, {"id": "1013566449", "price": 123.05, "amount": 0.87, "side": "buy", "timestamp": 1766015401669}, {"id": "1013566450", "price": 123.05, "amount": 0.21, "side": "buy", "timestamp": 1766015401860}, {"id": "1013566451", "price": 123.05, "amount": 1.32, "side": "buy", "timestamp": 1766015402110}, {"id": "1013566452", "price": 123.05, "amount": 0.06, "side": "buy", "timestamp": 1766015402309}, {"id": "1013566581", "price": 123.07, "amount": 0.15, "side": "buy", "timestamp": 1766015443705}, {"id": "1013566582", "price": 123.06, "amount": 0.11, "side": "sell", "timestamp": 1766015443859}, {"id": "1013566583", "price": 123.07, "amount": 32.53, "side": "buy", "timestamp": 1766015443878}, {"id": "1013566584", "price": 123.07, "amount": 0.11, "side": "sell", "timestamp": 1766015444075}, {"id": "1013566585", "price": 123.08, "amount": 2.67, "side": "buy", "timestamp": 1766015444158}, {"id": "1013566586", "price": 123.07, "amount": 0.11, "side": "sell", "timestamp": 1766015444328}, {"id": "1013566587", "price": 123.08, "amount": 4.94, "side": "buy", "timestamp": 1766015444978}, {"id": "1013566588", "price": 123.07, "amount": 0.21, "side": "sell", "timestamp": 1766015445570}, {"id": "1013566589", "price": 123.07, "amount": 1.0, "side": "sell", "timestamp": 1766015446117}, {"id": "1013566590", "price": 123.08, "amount": 1.73, "side": "buy", "timestamp": 1766015446578}, {"id": "1013566591", "price": 123.08, "amount": 0.81, "side": "buy", "timestamp": 1766015446767}, {"id": "1013566592", "price": 123.07, "amount": 0.11, "side": "sell", "timestamp": 1766015447092}, {"id": "1013566593", "price": 123.07, "amount": 28.71, "side": "sell", "timestamp": 1766015447608}, {"id": "1013566594", "price": 123.08, "amount": 2.7, "side": "buy", "timestamp": 1766015447817}, {"id": "1013566595", "price": 123.07, "amount": 0.18, "side": "sell", "timestamp": 1766015448341}, {"id": "1013566596", "price": 123.07, "amount": 0.19, "side": "sell", "timestamp": 1766015448925}, {"id": "1013566597", "price": 123.08, "amount": 6.02, "side": "buy", "timestamp": 1766015449871}, {"id": "1013566598", "price": 123.07, "amount": 0.11, "side": "sell", "timestamp": 1766015450113}, {"id": "1013566599", "price": 123.08, "amount": 0.63, "side": "buy", "timestamp": 1766015450454}, {"id": "1013566600", "price": 123.07, "amount": 0.3, "side": "sell", "timestamp": 1766015450572}, {"id": "1013566601", "price": 123.07, "amount": 0.19, "side": "sell", "timestamp": 1766015451592}, {"id": "1013566602", "price": 123.08, "amount": 1.37, "side": "buy", "timestamp": 1766015451842}, {"id": "1013566603", "price": 123.08, "amount": 20.0, "side": "buy", "timestamp": 1766015452275}, {"id": "1013566604", "price": 123.08, "amount": 9.76, "side": "buy", "timestamp": 1766015452514}, {"id": "1013566605", "price": 123.07, "amount": 0.06, "side": "sell", "timestamp": 1766015452519}, {"id": "1013566606", "price": 123.07, "amount": 0.11, "side": "sell", "timestamp": 1766015453131}, {"id": "1013566607", "price": 123.07, "amount": 20.5, "side": "sell", "timestamp": 1766015454347}, {"id": "1013566608", "price": 123.07, "amount": 0.18, "side": "sell", "timestamp": 1766015454985}, {"id": "1013566609", "price": 123.08, "amount": 0.14, "side": "buy", "timestamp": 1766015455142}, {"id": "1013566610", "price": 123.07, "amount": 617.32, "side": "sell", "timestamp": 1766015455328}, {"id": "1013566611", "price": 123.06, "amount": 152.57, "side": "sell", "timestamp": 1766015455359}, {"id": "1013566612", "price": 123.07, "amount": 0.46, "side": "buy", "timestamp": 1766015455550}, {"id": "1013566613", "price": 123.06, "amount": 2.0, "side": "sell", "timestamp": 1766015455662}, {"id": "1013566614", "price": 123.07, "amount": 0.25, "side": "buy", "timestamp": 1766015455806}, {"id": "1013566615", "price": 123.07, "amount": 146.25, "side": "buy", "timestamp": 1766015456355}, {"id": "1013566616", "price": 123.06, "amount": 2.27, "side": "sell", "timestamp": 1766015456361}, {"id": "1013566617", "price": 123.07, "amount": 0.18, "side": "buy", "timestamp": 1766015457242}, {"id": "1013566618", "price": 123.06, "amount": 1.0, "side": "sell", "timestamp": 1766015457355}, {"id": "1013566619", "price": 123.06, "amount": 242.31, "side": "sell", "timestamp": 1766015457535}, {"id": "1013566620", "price": 123.05, "amount": 160.07, "side": "sell", "timestamp": 1766015457535}, {"id": "1013566621", "price": 123.04, "amount": 367.24, "side": "sell", "timestamp": 1766015457538}, {"id": "1013566622", "price": 123.03, "amount": 354.94, "side": "sell", "timestamp": 1766015457567}, {"id": "1013566623", "price": 123.02, "amount": 319.44, "side": "sell", "timestamp": 1766015457578}, {"id": "1013566624", "price": 123.03, "amount": 4.72, "side": "buy", "timestamp": 1766015457773}, {"id": "1013566625", "price": 123.02, "amount": 4.12, "side": "sell", "timestamp": 1766015457818}, {"id": "1013566626", "price": 123.03, "amount": 199.36, "side": "buy", "timestamp": 1766015457821}, {"id": "1013566627", "price": 123.03, "amount": 4.07, "side": "buy", "timestamp": 1766015457932}, {"id": "1013566628", "price": 123.02, "amount": 0.06, "side": "sell", "timestamp": 1766015458527}, {"id": "1013566629", "price": 123.03, "amount": 4.06, "side": "buy", "timestamp": 1766015459123}, {"id": "1013566630", "price": 123.02, "amount": 28.7, "side": "sell", "timestamp": 1766015459154}, {"id": "1013566885", "price": 122.98, "amount": 0.07, "side": "buy", "timestamp": 1766015503067}, {"id": "1013566886", "price": 122.98, "amount": 0.97, "side": "buy", "timestamp": 1766015503278}, {"id": "1013566887", "price": 122.97, "amount": 1.08, "side": "sell", "timestamp": 1766015503600}, {"id": "1013566888", "price": 122.97, "amount": 0.64, "side": "sell", "timestamp": 1766015504016}, {"id": "1013566889", "price": 122.97, "amount": 2.07, "side": "sell", "timestamp": 1766015504417}, {"id": "1013566890", "price": 122.97, "amount": 2.21, "side": "sell", "timestamp": 1766015504525}, {"id": "1013566891", "price": 122.98, "amount": 2.0, "side": "buy", "timestamp": 1766015504573}, {"id": "1013566892", "price": 122.97, "amount": 1.58, "side": "sell", "timestamp": 1766015504734}, {"id": "1013566893", "price": 122.97, "amount": 0.56, "side": "sell", "timestamp": 1766015505150}, {"id": "1013566894", "price": 122.97, "amount": 0.76, "side": "sell", "timestamp": 1766015505361}, {"id": "1013566895", "price": 122.97, "amount": 0.59, "side": "sell", "timestamp": 1766015505575}, {"id": "1013566896", "price": 122.97, "amount": 0.48, "side": "sell", "timestamp": 1766015505815}, {"id": "1013566897", "price": 122.98, "amount": 0.11, "side": "buy", "timestamp": 1766015506005}, {"id": "1013566898", "price": 122.97, "amount": 0.07, "side": "sell", "timestamp": 1766015506095}, {"id": "1013566899", "price": 122.97, "amount": 1.44, "side": "sell", "timestamp": 1766015506201}, {"id": "1013566900", "price": 122.97, "amount": 1.6, "side": "sell", "timestamp": 1766015506359}, {"id": "1013566901", "price": 122.97, "amount": 0.18, "side": "sell", "timestamp": 1766015506623}, {"id": "1013566902", "price": 122.98, "amount": 5.93, "side": "buy", "timestamp": 1766015506722}, {"id": "1013566903", "price": 122.97, "amount": 0.12, "side": "sell", "timestamp": 1766015506797}, {"id": "1013566904", "price": 122.97, "amount": 0.21, "side": "sell", "timestamp": 1766015506938}, {"id": "1013566905", "price": 122.97, "amount": 1.89, "side": "sell", "timestamp": 1766015507098}, {"id": "1013566906", "price": 122.97, "amount": 9.76, "side": "sell", "timestamp": 1766015507283}, {"id": "1013566907", "price": 122.97, "amount": 0.93, "side": "sell", "timestamp": 1766015507538}, {"id": "1013566908", "price": 122.97, "amount": 3.6, "side": "sell", "timestamp": 1766015507889}, {"id": "1013566909", "price": 122.98, "amount": 37.74, "side": "buy", "timestamp": 1766015508128}, {"id": "1013566910", "price": 122.98, "amount": 0.23, "side": "buy", "timestamp": 1766015508368}, {"id": "1013566911", "price": 122.97, "amount": 16.06, "side": "sell", "timestamp": 1766015508479}, {"id": "1013566912", "price": 122.98, "amount": 3.25, "side": "buy", "timestamp": 1766015508629}, {"id": "1013566913", "price": 122.97, "amount": 1.03, "side": "sell", "timestamp": 1766015508647}, {"id": "1013566914", "price": 122.98, "amount": 520.5, "side": "buy", "timestamp": 1766015508843}, {"id": "1013566915", "price": 122.99, "amount": 46.64, "side": "buy", "timestamp": 1766015508890}, {"id": "1013566916", "price": 123.0, "amount": 0.72, "side": "buy", "timestamp": 1766015508895}, {"id": "1013566917", "price": 122.99, "amount": 12.96, "side": "sell", "timestamp": 1766015509012}, {"id": "1013566918", "price": 122.99, "amount": 0.58, "side": "sell", "timestamp": 1766015509189}, {"id": "1013566919", "price": 123.0, "amount": 0.12, "side": "buy", "timestamp": 1766015509423}, {"id": "1013566920", "price": 122.99, "amount": 1.99, "side": "sell", "timestamp": 1766015509753}, {"id": "1013566921", "price": 122.99, "amount": 2.27, "side": "sell", "timestamp": 1766015509869}, {"id": "1013566922", "price": 122.99, "amount": 0.93, "side": "sell", "timestamp": 1766015510020}, {"id": "1013566923", "price": 122.99, "amount": 3.08, "side": "sell", "timestamp": 1766015510150}, {"id": "1013566924", "price": 123.0, "amount": 0.05, "side": "buy", "timestamp": 1766015510301}, {"id": "1013566925", "price": 122.99, "amount": 0.12, "side": "sell", "timestamp": 1766015510888}, {"id": "1013566926", "price": 122.99, "amount": 0.99, "side": "sell", "timestamp": 1766015511109}, {"id": "1013566927", "price": 122.99, "amount": 10.71, "side": "sell", "timestamp": 1766015512348}, {"id": "1013566928", "price": 123.0, "amount": 5.54, "side": "buy", "timestamp": 1766015512417}, {"id": "1013566929", "price": 123.0, "amount": 0.5, "side": "buy", "timestamp": 1766015512974}, {"id": "1013566930", "price": 122.99, "amount": 0.11, "side": "sell", "timestamp": 1766015513192}, {"id": "1013566931", "price": 123.0, "amount": 0.13, "side": "buy", "timestamp": 1766015513283}, {"id": "1013566932", "price": 122.99, "amount": 0.11, "side": "sell", "timestamp": 1766015513427}, {"id": "1013566933", "price": 123.0, "amount": 0.1, "side": "buy", "timestamp": 1766015514648}, {"id": "1013566934", "price": 122.99, "amount": 13.16, "side": "sell", "timestamp": 1766015514988}, {"id": "1013567038", "price": 122.97, "amount": 3.8, "side": "sell", "timestamp": 1766015551961}, {"id": "1013567039", "price": 122.97, "amount": 53.13, "side": "sell", "timestamp": 1766015552208}, {"id": "1013567040", "price": 122.97, "amount": 0.11, "side": "buy", "timestamp": 1766015552231}, {"id": "1013567041", "price": 122.96, "amount": 0.07, "side": "sell", "timestamp": 1766015552814}, {"id": "1013567042", "price": 122.96, "amount": 163.67, "side": "sell", "timestamp": 1766015553898}, {"id": "1013567043", "price": 122.96, "amount": 0.14, "side": "sell", "timestamp": 1766015554655}, {"id": "1013567044", "price": 122.96, "amount": 0.2, "side": "sell", "timestamp": 1766015555056}, {"id": "1013567045", "price": 122.96, "amount": 0.41, "side": "sell", "timestamp": 1766015555847}, {"id": "1013567046", "price": 122.96, "amount": 0.13, "side": "sell", "timestamp": 1766015556256}, {"id": "1013567047", "price": 122.96, "amount": 370.84, "side": "sell", "timestamp": 1766015556380}, {"id": "1013567048", "price": 122.95, "amount": 440.23, "side": "sell", "timestamp": 1766015556380}, {"id": "1013567049", "price": 122.94, "amount": 330.93, "side": "sell", "timestamp": 1766015556380}, {"id": "1013567050", "price": 122.95, "amount": 3.12, "side": "sell", "timestamp": 1766015556385}, {"id": "1013567051", "price": 122.96, "amount": 25.93, "side": "buy", "timestamp": 1766015556840}, {"id": "1013567052", "price": 122.96, "amount": 30.31, "side": "buy", "timestamp": 1766015557463}, {"id": "1013567053", "price": 122.95, "amount": 0.45, "side": "sell", "timestamp": 1766015558506}, {"id": "1013567054", "price": 122.96, "amount": 24.36, "side": "buy", "timestamp": 1766015558585}, {"id": "1013567055", "price": 122.95, "amount": 0.1, "side": "sell", "timestamp": 1766015558735}, {"id": "1013567056", "price": 122.95, "amount": 0.37, "side": "sell", "timestamp": 1766015558922}, {"id": "1013567057", "price": 122.95, "amount": 0.81, "side": "sell", "timestamp": 1766015559610}, {"id": "1013567058", "price": 122.95, "amount": 0.17, "side": "sell", "timestamp": 1766015559761}, {"id": "1013567059", "price": 122.96, "amount": 58.88, "side": "buy", "timestamp": 1766015560037}, {"id": "1013567060", "price": 122.95, "amount": 42.31, "side": "sell", "timestamp": 1766015560131}, {"id": "1013567061", "price": 122.95, "amount": 7.85, "side": "sell", "timestamp": 1766015560661}, {"id": "1013567062", "price": 122.95, "amount": 0.4, "side": "sell", "timestamp": 1766015560928}, {"id": "1013567063", "price": 122.95, "amount": 30.9, "side": "sell", "timestamp": 1766015561079}, {"id": "1013567064", "price": 122.95, "amount": 0.25, "side": "sell", "timestamp": 1766015561185}, {"id": "1013567065", "price": 122.95, "amount": 0.05, "side": "sell", "timestamp": 1766015562147}, {"id": "1013567066", "price": 122.95, "amount": 1.28, "side": "sell", "timestamp": 1766015562333}, {"id": "1013567067", "price": 122.96, "amount": 3.61, "side": "buy", "timestamp": 1766015562401}, {"id": "1013567068", "price": 122.96, "amount": 7.28, "side": "buy", "timestamp": 1766015564032}, {"id": "1013567069", "price": 122.95, "amount": 0.42, "side": "sell", "timestamp": 1766015564100}, {"id": "1013567070", "price": 122.95, "amount": 0.31, "side": "sell", "timestamp": 1766015564565}, {"id": "1013567071", "price": 122.95, "amount": 0.95, "side": "sell", "timestamp": 1766015565391}, {"id": "1013567072", "price": 122.95, "amount": 0.1, "side": "sell", "timestamp": 1766015565808}, {"id": "1013567073", "price": 122.95, "amount": 0.05, "side": "sell", "timestamp": 1766015566268}, {"id": "1013567074", "price": 122.96, "amount": 0.13, "side": "buy", "timestamp": 1766015566418}, {"id": "1013567075", "price": 122.96, "amount": 146.07, "side": "buy", "timestamp": 1766015567647}, {"id": "1013567076", "price": 122.95, "amount": 17.77, "side": "sell", "timestamp": 1766015568120}, {"id": "1013567077", "price": 122.96, "amount": 1.42, "side": "buy", "timestamp": 1766015568144}, {"id": "1013567078", "price": 122.96, "amount": 118.53, "side": "buy", "timestamp": 1766015568699}, {"id": "1013567079", "price": 122.96, "amount": 17.26, "side": "buy", "timestamp": 1766015569157}, {"id": "1013567080", "price": 122.96, "amount": 0.12, "side": "buy", "timestamp": 1766015569580}, {"id": "1013567081", "price": 122.96, "amount": 131.16, "side": "buy", "timestamp": 1766015569751}, {"id": "1013567082", "price": 122.95, "amount": 0.2, "side": "sell", "timestamp": 1766015570189}, {"id": "1013567083", "price": 122.96, "amount": 4.88, "side": "buy", "timestamp": 1766015570223}, {"id": "1013567084", "price": 122.96, "amount": 108.92, "side": "buy", "timestamp": 1766015570798}, {"id": "1013567085", "price": 122.95, "amount": 0.05, "side": "sell", "timestamp": 1766015571206}, {"id": "1013567086", "price": 122.95, "amount": 0.07, "side": "sell", "timestamp": 1766015571578}, {"id": "1013567087", "price": 122.95, "amount": 55.61, "side": "sell", "timestamp": 1766015572279}, {"id": "1013567182", "price": 123.03, "amount": 0.12, "side": "sell", "timestamp": 1766015608080}, {"id": "1013567183", "price": 123.03, "amount": 0.24, "side": "sell", "timestamp": 1766015608947}, {"id": "1013567184", "price": 123.04, "amount": 8.15, "side": "buy", "timestamp": 1766015609315}, {"id": "1013567185", "price": 123.04, "amount": 5.67, "side": "buy", "timestamp": 1766015609477}, {"id": "1013567186", "price": 123.03, "amount": 0.11, "side": "sell", "timestamp": 1766015610112}, {"id": "1013567187", "price": 123.04, "amount": 17.91, "side": "buy", "timestamp": 1766015610305}, {"id": "1013567188", "price": 123.04, "amount": 0.11, "side": "buy", "timestamp": 1766015611950}, {"id": "1013567189", "price": 123.03, "amount": 0.12, "side": "sell", "timestamp": 1766015612536}, {"id": "1013567190", "price": 123.03, "amount": 0.11, "side": "sell", "timestamp": 1766015613130}, {"id": "1013567191", "price": 123.04, "amount": 4.57, "side": "buy", "timestamp": 1766015613756}, {"id": "1013567192", "price": 123.03, "amount": 0.05, "side": "sell", "timestamp": 1766015613756}, {"id": "1013567193", "price": 123.03, "amount": 34.23, "side": "sell", "timestamp": 1766015614185}, {"id": "1013567194", "price": 123.03, "amount": 1.62, "side": "sell", "timestamp": 1766015614958}, {"id": "1013567195", "price": 123.03, "amount": 85.36, "side": "sell", "timestamp": 1766015615548}, {"id": "1013567196", "price": 123.03, "amount": 556.63, "side": "sell", "timestamp": 1766015615692}, {"id": "1013567197", "price": 123.02, "amount": 0.82, "side": "sell", "timestamp": 1766015615705}, {"id": "1013567198", "price": 123.02, "amount": 0.11, "side": "sell", "timestamp": 1766015616170}, {"id": "1013567199", "price": 123.02, "amount": 0.2, "side": "sell", "timestamp": 1766015616628}, {"id": "1013567200", "price": 123.03, "amount": 12.37, "side": "buy", "timestamp": 1766015616657}, {"id": "1013567201", "price": 123.02, "amount": 0.05, "side": "sell", "timestamp": 1766015617150}, {"id": "1013567202", "price": 123.03, "amount": 4.98, "side": "buy", "timestamp": 1766015617244}, {"id": "1013567203", "price": 123.02, "amount": 8.05, "side": "sell", "timestamp": 1766015617372}, {"id": "1013567204", "price": 123.03, "amount": 4.06, "side": "buy", "timestamp": 1766015618117}, {"id": "1013567205", "price": 123.02, "amount": 0.11, "side": "sell", "timestamp": 1766015619203}, {"id": "1013567206", "price": 123.03, "amount": 5.63, "side": "buy", "timestamp": 1766015619355}, {"id": "1013567207", "price": 123.02, "amount": 0.54, "side": "sell", "timestamp": 1766015619502}, {"id": "1013567208", "price": 123.03, "amount": 13.75, "side": "buy", "timestamp": 1766015619778}, {"id": "1013567209", "price": 123.02, "amount": 0.05, "side": "sell", "timestamp": 1766015620262}, {"id": "1013567210", "price": 123.02, "amount": 0.23, "side": "sell", "timestamp": 1766015620670}, {"id": "1013567211", "price": 123.03, "amount": 0.36, "side": "buy", "timestamp": 1766015621115}, {"id": "1013567212", "price": 123.02, "amount": 0.11, "side": "sell", "timestamp": 1766015622042}, {"id": "1013567213", "price": 123.03, "amount": 129.04, "side": "buy", "timestamp": 1766015622377}, {"id": "1013567214", "price": 123.04, "amount": 5.99, "side": "buy", "timestamp": 1766015622611}, {"id": "1013567215", "price": 123.03, "amount": 0.1, "side": "sell", "timestamp": 1766015622628}, {"id": "1013567216", "price": 123.04, "amount": 49.07, "side": "buy", "timestamp": 1766015622690}, {"id": "1013567217", "price": 123.05, "amount": 93.89, "side": "buy", "timestamp": 1766015622823}, {"id": "1013567218", "price": 123.06, "amount": 40.04, "side": "buy", "timestamp": 1766015622828}, {"id": "1013567219", "price": 123.05, "amount": 1142.0, "side": "sell", "timestamp": 1766015622933}, {"id": "1013567220", "price": 123.06, "amount": 10.2, "side": "buy", "timestamp": 1766015623017}, {"id": "1013567221", "price": 123.05, "amount": 40.06, "side": "sell", "timestamp": 1766015623116}, {"id": "1013567222", "price": 123.06, "amount": 1.1, "side": "buy", "timestamp": 1766015623627}, {"id": "1013567223", "price": 123.05, "amount": 7.92, "side": "sell", "timestamp": 1766015624271}, {"id": "1013567224", "price": 123.05, "amount": 0.11, "side": "sell", "timestamp": 1766015625087}, {"id": "1013567225", "price": 123.05, "amount": 2.21, "side": "sell", "timestamp": 1766015625233}, {"id": "1013567226", "price": 123.05, "amount": 0.11, "side": "sell", "timestamp": 1766015626295}, {"id": "1013567227", "price": 123.05, "amount": 0.08, "side": "sell", "timestamp": 1766015627069}, {"id": "1013567228", "price": 123.06, "amount": 6.51, "side": "buy", "timestamp": 1766015627433}, {"id": "1013567229", "price": 123.06, "amount": 0.12, "side": "buy", "timestamp": 1766015627660}, {"id": "1013567230", "price": 123.05, "amount": 0.16, "side": "sell", "timestamp": 1766015628038}, {"id": "1013567231", "price": 123.06, "amount": 16.64, "side": "buy", "timestamp": 1766015628441}, {"id": "1013567344", "price": 123.02, "amount": 0.05, "side": "sell", "timestamp": 1766015667631}, {"id": "1013567345", "price": 123.03, "amount": 4.08, "side": "buy", "timestamp": 1766015667802}, {"id": "1013567346", "price": 123.02, "amount": 0.09, "side": "sell", "timestamp": 1766015668078}, {"id": "1013567347", "price": 123.02, "amount": 51.0, "side": "sell", "timestamp": 1766015668240}, {"id": "1013567348", "price": 123.02, "amount": 0.66, "side": "sell", "timestamp": 1766015668871}, {"id": "1013567349", "price": 123.03, "amount": 21.78, "side": "buy", "timestamp": 1766015669667}, {"id": "1013567350", "price": 123.02, "amount": 0.06, "side": "sell", "timestamp": 1766015669787}, {"id": "1013567351", "price": 123.02, "amount": 0.11, "side": "sell", "timestamp": 1766015670160}, {"id": "1013567352", "price": 123.02, "amount": 420.9, "side": "sell", "timestamp": 1766015670279}, {"id": "1013567353", "price": 123.01, "amount": 343.23, "side": "sell", "timestamp": 1766015670279}, {"id": "1013567354", "price": 123.02, "amount": 1.29, "side": "buy", "timestamp": 1766015670332}, {"id": "1013567355", "price": 123.01, "amount": 50.0, "side": "sell", "timestamp": 1766015670896}, {"id": "1013567356", "price": 123.02, "amount": 19.3, "side": "buy", "timestamp": 1766015671317}, {"id": "1013567357", "price": 123.02, "amount": 1.62, "side": "buy", "timestamp": 1766015672485}, {"id": "1013567358", "price": 123.01, "amount": 0.11, "side": "sell", "timestamp": 1766015673193}, {"id": "1013567359", "price": 123.02, "amount": 0.11, "side": "buy", "timestamp": 1766015673351}, {"id": "1013567360", "price": 123.01, "amount": 0.14, "side": "sell", "timestamp": 1766015673668}, {"id": "1013567361", "price": 123.01, "amount": 0.2, "side": "sell", "timestamp": 1766015674196}, {"id": "1013567362", "price": 123.02, "amount": 1.36, "side": "buy", "timestamp": 1766015674371}, {"id": "1013567363", "price": 123.01, "amount": 0.1, "side": "sell", "timestamp": 1766015674717}, {"id": "1013567364", "price": 123.02, "amount": 18.45, "side": "buy", "timestamp": 1766015674885}, {"id": "1013567365", "price": 123.02, "amount": 0.85, "side": "sell", "timestamp": 1766015674939}, {"id": "1013567366", "price": 123.03, "amount": 97.64, "side": "buy", "timestamp": 1766015675533}, {"id": "1013567367", "price": 123.03, "amount": 123.44, "side": "buy", "timestamp": 1766015675650}, {"id": "1013567368", "price": 123.02, "amount": 27.39, "side": "sell", "timestamp": 1766015676018}, {"id": "1013567369", "price": 123.02, "amount": 0.15, "side": "sell", "timestamp": 1766015676273}, {"id": "1013567370", "price": 123.03, "amount": 138.53, "side": "buy", "timestamp": 1766015676754}, {"id": "1013567371", "price": 123.02, "amount": 0.18, "side": "sell", "timestamp": 1766015676900}, {"id": "1013567372", "price": 123.02, "amount": 8.14, "side": "sell", "timestamp": 1766015677335}, {"id": "1013567373", "price": 123.03, "amount": 134.37, "side": "buy", "timestamp": 1766015677804}, {"id": "1013567374", "price": 123.03, "amount": 0.2, "side": "buy", "timestamp": 1766015677947}, {"id": "1013567375", "price": 123.03, "amount": 0.12, "side": "buy", "timestamp": 1766015678185}, {"id": "1013567376", "price": 123.03, "amount": 0.34, "side": "buy", "timestamp": 1766015678612}, {"id": "1013567377", "price": 123.03, "amount": 28.44, "side": "buy", "timestamp": 1766015678854}, {"id": "1013567378", "price": 123.03, "amount": 2.1, "side": "buy", "timestamp": 1766015679009}, {"id": "1013567379", "price": 123.02, "amount": 0.11, "side": "sell", "timestamp": 1766015679061}, {"id": "1013567380", "price": 123.03, "amount": 0.55, "side": "buy", "timestamp": 1766015679304}, {"id": "1013567381", "price": 123.02, "amount": 50.0, "side": "sell", "timestamp": 1766015679567}, {"id": "1013567382", "price": 123.02, "amount": 0.05, "side": "sell", "timestamp": 1766015679684}, {"id": "1013567383", "price": 123.03, "amount": 0.87, "side": "buy", "timestamp": 1766015680259}, {"id": "1013567384", "price": 123.02, "amount": 0.09, "side": "sell", "timestamp": 1766015680629}, {"id": "1013567385", "price": 123.02, "amount": 0.17, "side": "sell", "timestamp": 1766015681193}, {"id": "1013567386", "price": 123.03, "amount": 22.35, "side": "buy", "timestamp": 1766015681362}, {"id": "1013567387", "price": 123.03, "amount": 0.36, "side": "buy", "timestamp": 1766015681801}, {"id": "1013567388", "price": 123.03, "amount": 0.72, "side": "buy", "timestamp": 1766015681909}, {"id": "1013567389", "price": 123.02, "amount": 0.11, "side": "sell", "timestamp": 1766015682081}, {"id": "1013567390", "price": 123.03, "amount": 0.08, "side": "buy", "timestamp": 1766015682139}, {"id": "1013567391", "price": 123.03, "amount": 0.24, "side": "buy", "timestamp": 1766015683412}, {"id": "1013567392", "price": 123.03, "amount": 0.91, "side": "buy", "timestamp": 1766015683562}, {"id": "1013567393", "price": 123.03, "amount": 0.05, "side": "buy", "timestamp": 1766015684202}, {"id": "1013567496", "price": 123.05, "amount": 22.25, "side": "buy", "timestamp": 1766015719045}, {"id": "1013567497", "price": 123.04, "amount": 1.5, "side": "sell", "timestamp": 1766015719123}, {"id": "1013567498", "price": 123.04, "amount": 2.46, "side": "sell", "timestamp": 1766015719227}, {"id": "1013567499", "price": 123.04, "amount": 1.4, "side": "sell", "timestamp": 1766015719344}, {"id": "1013567500", "price": 123.04, "amount": 0.74, "side": "sell", "timestamp": 1766015720087}, {"id": "1013567501", "price": 123.05, "amount": 4.4, "side": "buy", "timestamp": 1766015720397}, {"id": "1013567502", "price": 123.05, "amount": 0.87, "side": "buy", "timestamp": 1766015720750}, {"id": "1013567503", "price": 123.05, "amount": 9.88, "side": "buy", "timestamp": 1766015721468}, {"id": "1013567504", "price": 123.04, "amount": 627.1, "side": "sell", "timestamp": 1766015721552}, {"id": "1013567505", "price": 123.03, "amount": 1010.3, "side": "sell", "timestamp": 1766015721555}, {"id": "1013567506", "price": 123.02, "amount": 7.52, "side": "sell", "timestamp": 1766015721577}, {"id": "1013567507", "price": 123.02, "amount": 332.47, "side": "sell", "timestamp": 1766015721678}, {"id": "1013567508", "price": 123.02, "amount": 0.87, "side": "buy", "timestamp": 1766015721888}, {"id": "1013567509", "price": 123.02, "amount": 9.26, "side": "buy", "timestamp": 1766015722074}, {"id": "1013567510", "price": 123.01, "amount": 0.41, "side": "sell", "timestamp": 1766015723074}, {"id": "1013567511", "price": 123.01, "amount": 0.07, "side": "sell", "timestamp": 1766015723266}, {"id": "1013567512", "price": 123.01, "amount": 0.09, "side": "sell", "timestamp": 1766015724569}, {"id": "1013567513", "price": 123.02, "amount": 2.14, "side": "buy", "timestamp": 1766015724969}, {"id": "1013567514", "price": 123.02, "amount": 19.91, "side": "buy", "timestamp": 1766015725090}, {"id": "1013567515", "price": 123.02, "amount": 0.18, "side": "buy", "timestamp": 1766015725252}, {"id": "1013567516", "price": 123.02, "amount": 1.48, "side": "buy", "timestamp": 1766015725512}, {"id": "1013567517", "price": 123.01, "amount": 176.11, "side": "sell", "timestamp": 1766015726040}, {"id": "1013567518", "price": 123.0, "amount": 5.0, "side": "sell", "timestamp": 1766015726173}, {"id": "1013567519", "price": 123.0, "amount": 0.09, "side": "sell", "timestamp": 1766015727109}, {"id": "1013567520", "price": 123.01, "amount": 5.04, "side": "buy", "timestamp": 1766015727202}, {"id": "1013567521", "price": 123.0, "amount": 0.35, "side": "sell", "timestamp": 1766015727270}, {"id": "1013567522", "price": 123.01, "amount": 0.72, "side": "buy", "timestamp": 1766015728073}, {"id": "1013567523", "price": 123.0, "amount": 20.41, "side": "sell", "timestamp": 1766015728667}, {"id": "1013567524", "price": 123.01, "amount": 198.09, "side": "buy", "timestamp": 1766015729562}, {"id": "1013567525", "price": 123.0, "amount": 0.16, "side": "sell", "timestamp": 1766015729672}, {"id": "1013567526", "price": 123.0, "amount": 20.28, "side": "sell", "timestamp": 1766015729869}, {"id": "1013567527", "price": 123.01, "amount": 13.76, "side": "buy", "timestamp": 1766015730762}, {"id": "1013567528", "price": 123.01, "amount": 0.28, "side": "buy", "timestamp": 1766015731000}, {"id": "1013567529", "price": 123.0, "amount": 4.05, "side": "sell", "timestamp": 1766015731041}, {"id": "1013567530", "price": 123.0, "amount": 0.2, "side": "sell", "timestamp": 1766015731682}, {"id": "1013567531", "price": 123.01, "amount": 0.12, "side": "buy", "timestamp": 1766015731937}, {"id": "1013567532", "price": 123.0, "amount": 0.12, "side": "sell", "timestamp": 1766015732715}, {"id": "1013567533", "price": 123.0, "amount": 12.35, "side": "sell", "timestamp": 1766015733028}, {"id": "1013567534", "price": 123.0, "amount": 0.59, "side": "sell", "timestamp": 1766015733176}, {"id": "1013567535", "price": 123.01, "amount": 18.33, "side": "buy", "timestamp": 1766015733860}, {"id": "1013567536", "price": 123.0, "amount": 0.17, "side": "sell", "timestamp": 1766015734757}, {"id": "1013567537", "price": 123.01, "amount": 0.97, "side": "buy", "timestamp": 1766015735050}, {"id": "1013567538", "price": 123.0, "amount": 0.33, "side": "sell", "timestamp": 1766015737364}, {"id": "1013567539", "price": 123.01, "amount": 0.4, "side": "buy", "timestamp": 1766015737428}, {"id": "1013567540", "price": 123.0, "amount": 0.41, "side": "sell", "timestamp": 1766015738961}, {"id": "1013567541", "price": 123.01, "amount": 0.07, "side": "buy", "timestamp": 1766015739104}, {"id": "1013567542", "price": 123.01, "amount": 40.64, "side": "buy", "timestamp": 1766015740034}, {"id": "1013567543", "price": 123.0, "amount": 0.09, "side": "sell", "timestamp": 1766015740396}, {"id": "1013567544", "price": 123.01, "amount": 115.38, "side": "buy", "timestamp": 1766015740722}, {"id": "1013567545", "price": 123.0, "amount": 0.18, "side": "sell", "timestamp": 1766015741111}, {"id": "1013567663", "price": 123.07, "amount": 0.92, "side": "buy", "timestamp": 1766015779500}, {"id": "1013567664", "price": 123.07, "amount": 110.36, "side": "buy", "timestamp": 1766015779714}, {"id": "1013567665", "price": 123.07, "amount": 20.44, "side": "buy", "timestamp": 1766015779931}, {"id": "1013567666", "price": 123.06, "amount": 0.11, "side": "sell", "timestamp": 1766015780012}, {"id": "1013567667", "price": 123.06, "amount": 4.75, "side": "sell", "timestamp": 1766015780652}, {"id": "1013567668", "price": 123.07, "amount": 1.99, "side": "buy", "timestamp": 1766015781323}, {"id": "1013567669", "price": 123.06, "amount": 3.91, "side": "sell", "timestamp": 1766015781837}, {"id": "1013567670", "price": 123.07, "amount": 0.07, "side": "buy", "timestamp": 1766015782274}, {"id": "1013567671", "price": 123.07, "amount": 8.12, "side": "buy", "timestamp": 1766015782536}, {"id": "1013567672", "price": 123.07, "amount": 0.72, "side": "buy", "timestamp": 1766015782648}, {"id": "1013567673", "price": 123.06, "amount": 0.11, "side": "sell", "timestamp": 1766015783035}, {"id": "1013567674", "price": 123.07, "amount": 0.21, "side": "buy", "timestamp": 1766015783642}, {"id": "1013567675", "price": 123.07, "amount": 9.91, "side": "buy", "timestamp": 1766015783822}, {"id": "1013567676", "price": 123.06, "amount": 610.43, "side": "sell", "timestamp": 1766015783902}, {"id": "1013567677", "price": 123.05, "amount": 0.75, "side": "sell", "timestamp": 1766015783923}, {"id": "1013567678", "price": 123.05, "amount": 2.44, "side": "sell", "timestamp": 1766015784823}, {"id": "1013567679", "price": 123.06, "amount": 23.04, "side": "buy", "timestamp": 1766015784902}, {"id": "1013567680", "price": 123.05, "amount": 2.0, "side": "sell", "timestamp": 1766015784956}, {"id": "1013567681", "price": 123.05, "amount": 0.11, "side": "sell", "timestamp": 1766015786101}, {"id": "1013567682", "price": 123.05, "amount": 0.05, "side": "sell", "timestamp": 1766015786410}, {"id": "1013567683", "price": 123.05, "amount": 0.67, "side": "sell", "timestamp": 1766015786626}, {"id": "1013567684", "price": 123.06, "amount": 0.67, "side": "buy", "timestamp": 1766015786869}, {"id": "1013567685", "price": 123.05, "amount": 181.75, "side": "sell", "timestamp": 1766015787355}, {"id": "1013567686", "price": 123.04, "amount": 0.55, "side": "sell", "timestamp": 1766015787359}, {"id": "1013567687", "price": 123.05, "amount": 0.05, "side": "buy", "timestamp": 1766015787406}, {"id": "1013567688", "price": 123.04, "amount": 0.35, "side": "sell", "timestamp": 1766015787408}, {"id": "1013567689", "price": 123.05, "amount": 50.0, "side": "buy", "timestamp": 1766015787700}, {"id": "1013567690", "price": 123.05, "amount": 40.0, "side": "buy", "timestamp": 1766015787829}, {"id": "1013567691", "price": 123.04, "amount": 0.09, "side": "sell", "timestamp": 1766015788932}, {"id": "1013567692", "price": 123.04, "amount": 0.11, "side": "sell", "timestamp": 1766015789141}, {"id": "1013567693", "price": 123.05, "amount": 172.35, "side": "buy", "timestamp": 1766015789219}, {"id": "1013567694", "price": 123.06, "amount": 157.95, "side": "buy", "timestamp": 1766015789229}, {"id": "1013567695", "price": 123.07, "amount": 17.87, "side": "buy", "timestamp": 1766015789247}, {"id": "1013567696", "price": 123.06, "amount": 0.32, "side": "sell", "timestamp": 1766015789536}, {"id": "1013567697", "price": 123.06, "amount": 0.13, "side": "sell", "timestamp": 1766015789943}, {"id": "1013567698", "price": 123.06, "amount": 0.38, "side": "sell", "timestamp": 1766015791113}, {"id": "1013567699", "price": 123.07, "amount": 11.66, "side": "buy", "timestamp": 1766015791257}, {"id": "1013567700", "price": 123.06, "amount": 0.11, "side": "sell", "timestamp": 1766015792174}, {"id": "1013567701", "price": 123.07, "amount": 0.13, "side": "buy", "timestamp": 1766015792585}, {"id": "1013567702", "price": 123.06, "amount": 33.19, "side": "sell", "timestamp": 1766015792994}, {"id": "1013567703", "price": 123.06, "amount": 1.06, "side": "sell", "timestamp": 1766015793543}, {"id": "1013567704", "price": 123.07, "amount": 24.37, "side": "buy", "timestamp": 1766015793800}, {"id": "1013567705", "price": 123.07, "amount": 16.28, "side": "buy", "timestamp": 1766015793927}, {"id": "1013567706", "price": 123.07, "amount": 0.77, "side": "buy", "timestamp": 1766015794788}, {"id": "1013567707", "price": 123.06, "amount": 2.27, "side": "sell", "timestamp": 1766015794970}, {"id": "1013567708", "price": 123.07, "amount": 99.0, "side": "buy", "timestamp": 1766015795786}, {"id": "1013567709", "price": 123.06, "amount": 0.17, "side": "sell", "timestamp": 1766015795809}, {"id": "1013567710", "price": 123.06, "amount": 0.13, "side": "sell", "timestamp": 1766015796556}, {"id": "1013567711", "price": 123.06, "amount": 292.81, "side": "sell", "timestamp": 1766015797053}, {"id": "1013567712", "price": 123.05, "amount": 0.97, "side": "sell", "timestamp": 1766015797153}, {"id": "1013567828", "price": 123.05, "amount": 0.11, "side": "sell", "timestamp": 1766015834145}, {"id": "1013567829", "price": 123.06, "amount": 8.23, "side": "buy", "timestamp": 1766015834306}, {"id": "1013567830", "price": 123.06, "amount": 0.01, "side": "buy", "timestamp": 1766015834802}, {"id": "1013567831", "price": 123.06, "amount": 0.09, "side": "buy", "timestamp": 1766015835204}, {"id": "1013567832", "price": 123.05, "amount": 0.42, "side": "sell", "timestamp": 1766015835900}, {"id": "1013567833", "price": 123.06, "amount": 1.01, "side": "buy", "timestamp": 1766015836349}, {"id": "1013567834", "price": 123.06, "amount": 2.19, "side": "buy", "timestamp": 1766015836539}, {"id": "1013567835", "price": 123.05, "amount": 0.11, "side": "sell", "timestamp": 1766015837163}, {"id": "1013567836", "price": 123.06, "amount": 3.54, "side": "buy", "timestamp": 1766015837450}, {"id": "1013567837", "price": 123.05, "amount": 0.07, "side": "sell", "timestamp": 1766015837516}, {"id": "1013567838", "price": 123.06, "amount": 1.0, "side": "buy", "timestamp": 1766015838121}, {"id": "1013567839", "price": 123.05, "amount": 0.18, "side": "sell", "timestamp": 1766015838123}, {"id": "1013567840", "price": 123.05, "amount": 0.4, "side": "sell", "timestamp": 1766015838610}, {"id": "1013567841", "price": 123.06, "amount": 0.1, "side": "buy", "timestamp": 1766015838834}, {"id": "1013567842", "price": 123.05, "amount": 0.59, "side": "sell", "timestamp": 1766015839265}, {"id": "1013567843", "price": 123.06, "amount": 0.14, "side": "buy", "timestamp": 1766015839384}, {"id": "1013567844", "price": 123.06, "amount": 54.08, "side": "buy", "timestamp": 1766015839763}, {"id": "1013567845", "price": 123.07, "amount": 40.0, "side": "buy", "timestamp": 1766015839831}, {"id": "1013567846", "price": 123.06, "amount": 0.11, "side": "sell", "timestamp": 1766015840188}, {"id": "1013567847", "price": 123.07, "amount": 16.25, "side": "buy", "timestamp": 1766015840526}, {"id": "1013567848", "price": 123.06, "amount": 357.31, "side": "sell", "timestamp": 1766015840984}, {"id": "1013567849", "price": 123.05, "amount": 0.9, "side": "sell", "timestamp": 1766015840989}, {"id": "1013567850", "price": 123.06, "amount": 21.48, "side": "buy", "timestamp": 1766015841357}, {"id": "1013567851", "price": 123.05, "amount": 0.33, "side": "sell", "timestamp": 1766015841628}, {"id": "1013567852", "price": 123.05, "amount": 0.16, "side": "sell", "timestamp": 1766015842349}, {"id": "1013567853", "price": 123.06, "amount": 4.33, "side": "buy", "timestamp": 1766015842407}, {"id": "1013567854", "price": 123.05, "amount": 0.19, "side": "sell", "timestamp": 1766015842575}, {"id": "1013567855", "price": 123.06, "amount": 23.62, "side": "buy", "timestamp": 1766015842679}, {"id": "1013567856", "price": 123.06, "amount": 8.77, "side": "buy", "timestamp": 1766015842821}, {"id": "1013567857", "price": 123.05, "amount": 0.11, "side": "sell", "timestamp": 1766015843031}, {"id": "1013567858", "price": 123.05, "amount": 0.19, "side": "sell", "timestamp": 1766015843363}, {"id": "1013567859", "price": 123.05, "amount": 0.06, "side": "sell", "timestamp": 1766015844133}, {"id": "1013567860", "price": 123.05, "amount": 12.41, "side": "sell", "timestamp": 1766015844248}, {"id": "1013567861", "price": 123.06, "amount": 25.0, "side": "buy", "timestamp": 1766015845016}, {"id": "1013567862", "price": 123.05, "amount": 1.45, "side": "sell", "timestamp": 1766015845654}, {"id": "1013567863", "price": 123.05, "amount": 0.11, "side": "sell", "timestamp": 1766015846088}, {"id": "1013567864", "price": 123.05, "amount": 0.08, "side": "sell", "timestamp": 1766015846466}, {"id": "1013567865", "price": 123.05, "amount": 6.19, "side": "sell", "timestamp": 1766015847464}, {"id": "1013567866", "price": 123.06, "amount": 0.69, "side": "buy", "timestamp": 1766015848694}, {"id": "1013567867", "price": 123.06, "amount": 0.04, "side": "buy", "timestamp": 1766015848853}, {"id": "1013567868", "price": 123.05, "amount": 0.11, "side": "sell", "timestamp": 1766015849116}, {"id": "1013567869", "price": 123.05, "amount": 100.9, "side": "sell", "timestamp": 1766015850137}, {"id": "1013567870", "price": 123.05, "amount": 0.05, "side": "sell", "timestamp": 1766015850546}, {"id": "1013567871", "price": 123.06, "amount": 3.0, "side": "buy", "timestamp": 1766015850956}, {"id": "1013567872", "price": 123.06, "amount": 0.13, "side": "buy", "timestamp": 1766015851613}, {"id": "1013567873", "price": 123.05, "amount": 0.11, "side": "sell", "timestamp": 1766015852179}, {"id": "1013567874", "price": 123.06, "amount": 4.02, "side": "buy", "timestamp": 1766015852422}, {"id": "1013567875", "price": 123.06, "amount": 16.96, "side": "buy", "timestamp": 1766015853892}, {"id": "1013567876", "price": 123.06, "amount": 10.7, "side": "buy", "timestamp": 1766015854434}, {"id": "1013567877", "price": 123.06, "amount": 81.27, "side": "buy", "timestamp": 1766015854682}, {"id": "1013567991", "price": 123.13, "amount": 1.45, "side": "buy", "timestamp": 1766015892759}, {"id": "1013567992", "price": 123.13, "amount": 1.06, "side": "buy", "timestamp": 1766015892958}, {"id": "1013567993", "price": 123.13, "amount": 0.4, "side": "buy", "timestamp": 1766015893476}, {"id": "1013567994", "price": 123.12, "amount": 2.0, "side": "sell", "timestamp": 1766015893596}, {"id": "1013567995", "price": 123.12, "amount": 0.33, "side": "sell", "timestamp": 1766015893790}, {"id": "1013567996", "price": 123.12, "amount": 0.11, "side": "sell", "timestamp": 1766015894020}, {"id": "1013567997", "price": 123.12, "amount": 3.04, "side": "sell", "timestamp": 1766015894239}, {"id": "1013567998", "price": 123.13, "amount": 56.28, "side": "buy", "timestamp": 1766015894524}, {"id": "1013567999", "price": 123.12, "amount": 3.0, "side": "sell", "timestamp": 1766015894877}, {"id": "1013568000", "price": 123.13, "amount": 2.92, "side": "buy", "timestamp": 1766015894914}, {"id": "1013568001", "price": 123.12, "amount": 0.18, "side": "sell", "timestamp": 1766015895524}, {"id": "1013568002", "price": 123.12, "amount": 4.04, "side": "sell", "timestamp": 1766015896034}, {"id": "1013568003", "price": 123.13, "amount": 1.57, "side": "buy", "timestamp": 1766015896207}, {"id": "1013568004", "price": 123.12, "amount": 0.19, "side": "sell", "timestamp": 1766015896828}, {"id": "1013568005", "price": 123.12, "amount": 0.11, "side": "sell", "timestamp": 1766015897062}, {"id": "1013568006", "price": 123.13, "amount": 48.05, "side": "buy", "timestamp": 1766015898268}, {"id": "1013568007", "price": 123.13, "amount": 0.1, "side": "buy", "timestamp": 1766015898928}, {"id": "1013568008", "price": 123.13, "amount": 0.18, "side": "buy", "timestamp": 1766015899557}, {"id": "1013568009", "price": 123.12, "amount": 0.13, "side": "sell", "timestamp": 1766015899610}, {"id": "1013568010", "price": 123.12, "amount": 0.11, "side": "sell", "timestamp": 1766015900078}, {"id": "1013568011", "price": 123.13, "amount": 1.06, "side": "buy", "timestamp": 1766015900082}, {"id": "1013568012", "price": 123.12, "amount": 0.47, "side": "sell", "timestamp": 1766015900208}, {"id": "1013568013", "price": 123.13, "amount": 185.34, "side": "buy", "timestamp": 1766015900286}, {"id": "1013568014", "price": 123.14, "amount": 0.72, "side": "buy", "timestamp": 1766015900384}, {"id": "1013568015", "price": 123.14, "amount": 200.0, "side": "buy", "timestamp": 1766015900510}, {"id": "1013568016", "price": 123.13, "amount": 8.3, "side": "sell", "timestamp": 1766015900526}, {"id": "1013568017", "price": 123.14, "amount": 4.53, "side": "buy", "timestamp": 1766015900960}, {"id": "1013568018", "price": 123.14, "amount": 8.12, "side": "buy", "timestamp": 1766015901215}, {"id": "1013568019", "price": 123.14, "amount": 0.16, "side": "buy", "timestamp": 1766015901390}, {"id": "1013568020", "price": 123.14, "amount": 211.59, "side": "buy", "timestamp": 1766015901538}, {"id": "1013568021", "price": 123.14, "amount": 31.28, "side": "sell", "timestamp": 1766015902128}, {"id": "1013568022", "price": 123.15, "amount": 1.97, "side": "buy", "timestamp": 1766015902968}, {"id": "1013568023", "price": 123.14, "amount": 0.11, "side": "sell", "timestamp": 1766015903113}, {"id": "1013568024", "price": 123.15, "amount": 9.26, "side": "buy", "timestamp": 1766015903971}, {"id": "1013568025", "price": 123.14, "amount": 0.63, "side": "sell", "timestamp": 1766015904203}, {"id": "1013568026", "price": 123.15, "amount": 154.58, "side": "buy", "timestamp": 1766015904552}, {"id": "1013568027", "price": 123.16, "amount": 3.84, "side": "buy", "timestamp": 1766015904602}, {"id": "1013568028", "price": 123.15, "amount": 0.08, "side": "sell", "timestamp": 1766015904959}, {"id": "1013568029", "price": 123.15, "amount": 212.86, "side": "sell", "timestamp": 1766015905828}, {"id": "1013568030", "price": 123.15, "amount": 0.69, "side": "sell", "timestamp": 1766015905952}, {"id": "1013568031", "price": 123.15, "amount": 1.34, "side": "sell", "timestamp": 1766015906161}, {"id": "1013568032", "price": 123.16, "amount": 12.16, "side": "buy", "timestamp": 1766015906702}, {"id": "1013568033", "price": 123.16, "amount": 0.1, "side": "buy", "timestamp": 1766015906856}, {"id": "1013568034", "price": 123.15, "amount": 0.13, "side": "sell", "timestamp": 1766015907098}, {"id": "1013568035", "price": 123.15, "amount": 4.09, "side": "sell", "timestamp": 1766015907647}, {"id": "1013568036", "price": 123.16, "amount": 0.18, "side": "buy", "timestamp": 1766015908061}, {"id": "1013568037", "price": 123.15, "amount": 0.09, "side": "sell", "timestamp": 1766015908952}, {"id": "1013568038", "price": 123.15, "amount": 0.11, "side": "sell", "timestamp": 1766015909179}, {"id": "1013568039", "price": 123.16, "amount": 154.38, "side": "buy", "timestamp": 1766015909210}, {"id": "1013568040", "price": 123.17, "amount": 40.4, "side": "buy", "timestamp": 1766015909258}, {"id": "1013568197", "price": 123.18, "amount": 0.35, "side": "sell", "timestamp": 1766015958266}, {"id": "1013568198", "price": 123.18, "amount": 2981.29, "side": "sell", "timestamp": 1766015958507}, {"id": "1013568199", "price": 123.17, "amount": 822.92, "side": "sell", "timestamp": 1766015958507}, {"id": "1013568200", "price": 123.16, "amount": 254.56, "side": "sell", "timestamp": 1766015958507}, {"id": "1013568201", "price": 123.18, "amount": 118.86, "side": "sell", "timestamp": 1766015958509}, {"id": "1013568202", "price": 123.17, "amount": 8.26, "side": "sell", "timestamp": 1766015958509}, {"id": "1013568203", "price": 123.16, "amount": 465.22, "side": "sell", "timestamp": 1766015958510}, {"id": "1013568204", "price": 123.15, "amount": 67.96, "side": "sell", "timestamp": 1766015958511}, {"id": "1013568205", "price": 123.16, "amount": 0.16, "side": "buy", "timestamp": 1766015958512}, {"id": "1013568206", "price": 123.15, "amount": 0.05, "side": "sell", "timestamp": 1766015958512}, {"id": "1013568207", "price": 123.16, "amount": 0.16, "side": "buy", "timestamp": 1766015958514}, {"id": "1013568208", "price": 123.15, "amount": 225.4, "side": "sell", "timestamp": 1766015958514}, {"id": "1013568209", "price": 123.14, "amount": 0.3, "side": "sell", "timestamp": 1766015958612}, {"id": "1013568210", "price": 123.14, "amount": 2.0, "side": "sell", "timestamp": 1766015958721}, {"id": "1013568211", "price": 123.14, "amount": 0.15, "side": "sell", "timestamp": 1766015958872}, {"id": "1013568212", "price": 123.14, "amount": 0.1, "side": "sell", "timestamp": 1766015959021}, {"id": "1013568213", "price": 123.14, "amount": 11.46, "side": "sell", "timestamp": 1766015959122}, {"id": "1013568214", "price": 123.14, "amount": 0.12, "side": "sell", "timestamp": 1766015959715}, {"id": "1013568215", "price": 123.15, "amount": 2.0, "side": "buy", "timestamp": 1766015959804}, {"id": "1013568216", "price": 123.14, "amount": 1.1, "side": "sell", "timestamp": 1766015959821}, {"id": "1013568217", "price": 123.14, "amount": 0.11, "side": "sell", "timestamp": 1766015960007}, {"id": "1013568218", "price": 123.14, "amount": 0.82, "side": "sell", "timestamp": 1766015960279}, {"id": "1013568219", "price": 123.15, "amount": 0.24, "side": "buy", "timestamp": 1766015960403}, {"id": "1013568220", "price": 123.14, "amount": 1.04, "side": "sell", "timestamp": 1766015960472}, {"id": "1013568221", "price": 123.14, "amount": 3.41, "side": "sell", "timestamp": 1766015961776}, {"id": "1013568222", "price": 123.15, "amount": 4.49, "side": "buy", "timestamp": 1766015962433}, {"id": "1013568223", "price": 123.14, "amount": 0.11, "side": "sell", "timestamp": 1766015963037}, {"id": "1013568224", "price": 123.14, "amount": 0.16, "side": "sell", "timestamp": 1766015963366}, {"id": "1013568225", "price": 123.15, "amount": 1.72, "side": "buy", "timestamp": 1766015963616}, {"id": "1013568226", "price": 123.14, "amount": 690.61, "side": "sell", "timestamp": 1766015964096}, {"id": "1013568227", "price": 123.13, "amount": 613.46, "side": "sell", "timestamp": 1766015964096}, {"id": "1013568228", "price": 123.12, "amount": 659.6, "side": "sell", "timestamp": 1766015964096}, {"id": "1013568229", "price": 123.11, "amount": 1095.01, "side": "sell", "timestamp": 1766015964096}, {"id": "1013568230", "price": 123.1, "amount": 1001.73, "side": "sell", "timestamp": 1766015964097}, {"id": "1013568231", "price": 123.13, "amount": 170.96, "side": "sell", "timestamp": 1766015964099}, {"id": "1013568232", "price": 123.12, "amount": 0.26, "side": "sell", "timestamp": 1766015964101}, {"id": "1013568233", "price": 123.11, "amount": 1.36, "side": "sell", "timestamp": 1766015964103}, {"id": "1013568234", "price": 123.12, "amount": 4.06, "side": "buy", "timestamp": 1766015964127}, {"id": "1013568235", "price": 123.11, "amount": 0.2, "side": "sell", "timestamp": 1766015964128}, {"id": "1013568236", "price": 123.12, "amount": 4.06, "side": "buy", "timestamp": 1766015964141}, {"id": "1013568237", "price": 123.11, "amount": 2.08, "side": "sell", "timestamp": 1766015964145}, {"id": "1013568238", "price": 123.12, "amount": 0.99, "side": "buy", "timestamp": 1766015964418}, {"id": "1013568239", "price": 123.12, "amount": 4.18, "side": "buy", "timestamp": 1766015964968}, {"id": "1013568240", "price": 123.11, "amount": 120.9, "side": "sell", "timestamp": 1766015965110}, {"id": "1013568241", "price": 123.11, "amount": 0.09, "side": "sell", "timestamp": 1766015965240}, {"id": "1013568242", "price": 123.11, "amount": 4.04, "side": "sell", "timestamp": 1766015965789}, {"id": "1013568243", "price": 123.12, "amount": 121.13, "side": "buy", "timestamp": 1766015965950}, {"id": "1013568244", "price": 123.11, "amount": 5.37, "side": "sell", "timestamp": 1766015966073}, {"id": "1013568245", "price": 123.1, "amount": 0.11, "side": "sell", "timestamp": 1766015966122}, {"id": "1013568246", "price": 123.11, "amount": 10.12, "side": "buy", "timestamp": 1766015966165}]