[{"symbol": "DOGEUSDT", "bids": [[0.1365, 167869.0], [0.13649, 280179.0], [0.13648, 472277.0], [0.13647, 800281.0], [0.13646, 847105.0], [0.13645, 732766.0], [0.13644, 827741.0], [0.13643, 879769.0], [0.13642, 561597.0], [0.13641, 976316.0], [0.1364, 1655220.0], [0.13639, 738004.0], [0.13638, 606463.0], [0.13637, 489461.0], [0.13636, 423020.0], [0.13635, 799466.0], [0.13634, 1384478.0], [0.13633, 387346.0], [0.13632, 617883.0], [0.13631, 1276099.0]], "asks": [[0.13651, 186558.0], [0.13652, 199137.0], [0.13653, 228399.0], [0.13654, 477035.0], [0.13655, 747716.0], [0.13656, 1013736.0], [0.13657, 586540.0], [0.13658, 684341.0], [0.13659, 647774.0], [0.1366, 894938.0], [0.13661, 1695740.0], [0.13662, 685726.0], [0.13663, 332148.0], [0.13664, 824262.0], [0.13665, 655821.0], [0.13666, 720960.0], [0.13667, 672022.0], [0.13668, 973823.0], [0.13669, 1359829.0], [0.1367, 847953.0]], "timestamp": "2025-12-15T08:40:49.774173+00:00"}, {"symbol": "DOGEUSDT", "bids": [[0.13649, 84790.0], [0.13648, 200003.0], [0.13647, 326897.0], [0.13646, 570238.0], [0.13645, 839535.0], [0.13644, 802684.0], [0.13643, 847101.0], [0.13642, 622002.0], [0.13641, 793123.0], [0.1364, 716991.0], [0.13639, 881578.0], [0.13638, 1624509.0], [0.13637, 671998.0], [0.13636, 400480.0], [0.13635, 918098.0], [0.13634, 1785439.0], [0.13633, 1070904.0], [0.13632, 670371.0], [0.13631, 1054913.0], [0.1363, 364315.0]], "asks": [[0.1365, 320734.0], [0.13651, 351302.0], [0.13652, 793610.0], [0.13653, 725803.0], [0.13654, 644567.0], [0.13655, 939015.0], [0.13656, 775497.0], [0.13657, 347234.0], [0.13658, 609978.0], [0.13659, 818119.0], [0.1366, 1601179.0], [0.13661, 680924.0], [0.13662, 558885.0], [0.13663, 575029.0], [0.13664, 925931.0], [0.13665, 849375.0], [0.13666, 406454.0], [0.13667, 577360.0], [0.13668, 881537.0], [0.13669, 988701.0]], "timestamp": "2025-12-15T08:41:44.558467+00:00"}, {"symbol": "DOGEUSDT", "bids": [[0.13648, 809234.0], [0.13647, 767708.0], [0.13646, 989504.0], [0.13645, 631474.0], [0.13644, 1112663.0], [0.13643, 921712.0], [0.13642, 504990.0], [0.13641, 676886.0], [0.1364, 897020.0], [0.13639, 1711633.0], [0.13638, 599170.0], [0.13637, 722102.0], [0.13636, 417738.0], [0.13635, 763788.0], [0.13634, 688676.0], [0.13633, 723451.0], [0.13632, 612943.0], [0.13631, 1404541.0], [0.1363, 424353.0], [0.13629, 812157.0]], "asks": [[0.13649, 19524.0], [0.1365, 62365.0], [0.13651, 351169.0], [0.13652, 681874.0], [0.13653, 606833.0], [0.13654, 719805.0], [0.13655, 943892.0], [0.13656, 635147.0], [0.13657, 561167.0], [0.13658, 652499.0], [0.13659, 771841.0], [0.1366, 957445.0], [0.13661, 1910446.0], [0.13662, 736769.0], [0.13663, 574512.0], [0.13664, 1259894.0], [0.13665, 846153.0], [0.13666, 432339.0], [0.13667, 680900.0], [0.13668, 2229176.0]], "timestamp": "2025-12-15T08:42:38.318790+00:00"}, {"symbol": "DOGEUSDT", "bids": [[0.13648, 297731.0], [0.13647, 360945.0], [0.13646, 509354.0], [0.13645, 743815.0], [0.13644, 1048907.0], [0.13643, 852686.0], [0.13642, 490952.0], [0.13641, 655599.0], [0.1364, 1010474.0], [0.13639, 1790716.0], [0.13638, 731768.0], [0.13637, 721397.0], [0.13636, 455967.0], [0.13635, 1115241.0], [0.13634, 696827.0], [0.13633, 732631.0], [0.13632, 672225.0], [0.13631, 881884.0], [0.1363, 391920.0], [0.13629, 1564178.0]], "asks": [[0.13649, 51210.0], [0.1365, 231536.0], [0.13651, 309480.0], [0.13652, 733466.0], [0.13653, 775435.0], [0.13654, 688842.0], [0.13655, 799967.0], [0.13656, 848355.0], [0.13657, 575177.0], [0.13658, 692606.0], [0.13659, 898837.0], [0.1366, 743664.0], [0.13661, 1675839.0], [0.13662, 725954.0], [0.13663, 492530.0], [0.13664, 1190723.0], [0.13665, 997640.0], [0.13666, 425119.0], [0.13667, 689201.0], [0.13668, 1844660.0]], "timestamp": "2025-12-15T08:43:31.772489+00:00"}, {"symbol": "DOGEUSDT", "bids": [[0.13648, 227534.0], [0.13647, 313609.0], [0.13646, 390724.0], [0.13645, 875216.0], [0.13644, 1038980.0], [0.13643, 1197565.0], [0.13642, 638871.0], [0.13641, 836121.0], [0.1364, 792808.0], [0.13639, 1828240.0], [0.13638, 673823.0], [0.13637, 633625.0], [0.13636, 470782.0], [0.13635, 1041039.0], [0.13634, 635386.0], [0.13633, 733383.0], [0.13632, 616770.0], [0.13631, 905029.0], [0.1363, 606651.0], [0.13629, 2296722.0]], "asks": [[0.13649, 128930.0], [0.1365, 323422.0], [0.13651, 190066.0], [0.13652, 727700.0], [0.13653, 791195.0], [0.13654, 645033.0], [0.13655, 826807.0], [0.13656, 826916.0], [0.13657, 549539.0], [0.13658, 710625.0], [0.13659, 1004157.0], [0.1366, 1727332.0], [0.13661, 676286.0], [0.13662, 705856.0], [0.13663, 436455.0], [0.13664, 1186512.0], [0.13665, 1002529.0], [0.13666, 420953.0], [0.13667, 575897.0], [0.13668, 1288743.0]], "timestamp": "2025-12-15T08:44:25.430639+00:00"}, {"symbol": "DOGEUSDT", "bids": [[0.13647, 57025.0], [0.13646, 56986.0], [0.13645, 305389.0], [0.13644, 472163.0], [0.13643, 1066725.0], [0.13642, 641694.0], [0.13641, 743030.0], [0.1364, 812125.0], [0.13639, 820759.0], [0.13638, 727511.0], [0.13637, 1078975.0], [0.13636, 1499973.0], [0.13635, 1164756.0], [0.13634, 672662.0], [0.13633, 297050.0], [0.13632, 709115.0], [0.13631, 712716.0], [0.1363, 509649.0], [0.13629, 1563912.0], [0.13628, 696742.0]], "asks": [[0.13648, 287111.0], [0.13649, 367103.0], [0.1365, 408116.0], [0.13651, 429861.0], [0.13652, 1004275.0], [0.13653, 970035.0], [0.13654, 539543.0], [0.13655, 847873.0], [0.13656, 724259.0], [0.13657, 745596.0], [0.13658, 1537989.0], [0.13659, 679318.0], [0.1366, 661329.0], [0.13661, 733975.0], [0.13662, 505103.0], [0.13663, 335927.0], [0.13664, 1021993.0], [0.13665, 854279.0], [0.13666, 376683.0], [0.13667, 538550.0]], "timestamp": "2025-12-15T08:45:19.088899+00:00"}, {"symbol": "DOGEUSDT", "bids": [[0.13652, 5333.0], [0.13651, 120437.0], [0.1365, 295408.0], [0.13649, 780025.0], [0.13648, 852959.0], [0.13647, 1189802.0], [0.13646, 1002880.0], [0.13645, 591617.0], [0.13644, 847476.0], [0.13643, 994495.0], [0.13642, 497057.0], [0.13641, 1828402.0], [0.1364, 769548.0], [0.13639, 1102020.0], [0.13638, 570435.0], [0.13637, 652197.0], [0.13636, 321367.0], [0.13635, 714520.0], [0.13634, 938771.0], [0.13633, 529701.0]], "asks": [[0.13653, 316429.0], [0.13654, 309490.0], [0.13655, 223418.0], [0.13656, 399351.0], [0.13657, 663397.0], [0.13658, 592771.0], [0.13659, 700981.0], [0.1366, 666445.0], [0.13661, 830280.0], [0.13662, 723809.0], [0.13663, 1278846.0], [0.13664, 804833.0], [0.13665, 851633.0], [0.13666, 397290.0], [0.13667, 707394.0], [0.13668, 1752881.0], [0.13669, 1162047.0], [0.1367, 642694.0], [0.13671, 790276.0], [0.13672, 792027.0]], "timestamp": "2025-12-15T08:46:12.899601+00:00"}, {"symbol": "DOGEUSDT", "bids": [[0.13647, 285038.0], [0.13646, 324039.0], [0.13645, 469425.0], [0.13644, 492232.0], [0.13643, 1126381.0], [0.13642, 550500.0], [0.13641, 874651.0], [0.1364, 802025.0], [0.13639, 862151.0], [0.13638, 824838.0], [0.13637, 1770009.0], [0.13636, 436100.0], [0.13635, 711855.0], [0.13634, 722386.0], [0.13633, 803826.0], [0.13632, 1263320.0], [0.13631, 815291.0], [0.1363, 545716.0], [0.13629, 1375701.0], [0.13628, 638153.0]], "asks": [[0.13648, 30869.0], [0.13649, 277591.0], [0.1365, 370468.0], [0.13651, 656819.0], [0.13652, 916239.0], [0.13653, 943941.0], [0.13654, 700826.0], [0.13655, 830333.0], [0.13656, 596415.0], [0.13657, 670911.0], [0.13658, 911787.0], [0.13659, 1636531.0], [0.1366, 642873.0], [0.13661, 915121.0], [0.13662, 552550.0], [0.13663, 400393.0], [0.13664, 1270679.0], [0.13665, 638722.0], [0.13666, 383760.0], [0.13667, 620220.0]], "timestamp": "2025-12-15T08:47:06.711950+00:00"}, {"symbol": "DOGEUSDT", "bids": [[0.13641, 195973.0], [0.1364, 225530.0], [0.13639, 400302.0], [0.13638, 498458.0], [0.13637, 1032099.0], [0.13636, 797384.0], [0.13635, 948072.0], [0.13634, 950037.0], [0.13633, 455730.0], [0.13632, 803943.0], [0.13631, 2019533.0], [0.1363, 497513.0], [0.13629, 450201.0], [0.13628, 664225.0], [0.13627, 1076879.0], [0.13626, 423154.0], [0.13625, 651906.0], [0.13624, 1477402.0], [0.13623, 1010449.0], [0.13622, 1395357.0]], "asks": [[0.13642, 194003.0], [0.13643, 173000.0], [0.13644, 323811.0], [0.13645, 566876.0], [0.13646, 784464.0], [0.13647, 905784.0], [0.13648, 727312.0], [0.13649, 841371.0], [0.1365, 762776.0], [0.13651, 746883.0], [0.13652, 816682.0], [0.13653, 1565551.0], [0.13654, 376243.0], [0.13655, 1012862.0], [0.13656, 608854.0], [0.13657, 642383.0], [0.13658, 817386.0], [0.13659, 1039996.0], [0.1366, 1073316.0], [0.13661, 1061143.0]], "timestamp": "2025-12-15T08:48:00.370945+00:00"}, {"symbol": "DOGEUSDT", "bids": [[0.13638, 176901.0], [0.13637, 200059.0], [0.13636, 426948.0], [0.13635, 740489.0], [0.13634, 975652.0], [0.13633, 801777.0], [0.13632, 824474.0], [0.13631, 949484.0], [0.1363, 664507.0], [0.13629, 526104.0], [0.13628, 1721456.0], [0.13627, 621222.0], [0.13626, 536489.0], [0.13625, 339184.0], [0.13624, 636098.0], [0.13623, 1094689.0], [0.13622, 300429.0], [0.13621, 1013576.0], [0.1362, 2452700.0], [0.13619, 485348.0]], "asks": [[0.13639, 151954.0], [0.1364, 212407.0], [0.13641, 267744.0], [0.13642, 436647.0], [0.13643, 718993.0], [0.13644, 809130.0], [0.13645, 505599.0], [0.13646, 975685.0], [0.13647, 842322.0], [0.13648, 646277.0], [0.13649, 772482.0], [0.1365, 1515433.0], [0.13651, 662441.0], [0.13652, 589158.0], [0.13653, 563195.0], [0.13654, 492429.0], [0.13655, 1162507.0], [0.13656, 917425.0], [0.13657, 546336.0], [0.13658, 795592.0]], "timestamp": "2025-12-15T08:48:53.823568+00:00"}, {"symbol": "DOGEUSDT", "bids": [[0.13638, 81663.0], [0.13637, 103877.0], [0.13636, 339586.0], [0.13635, 379428.0], [0.13634, 808409.0], [0.13633, 735387.0], [0.13632, 743648.0], [0.13631, 971737.0], [0.1363, 650743.0], [0.13629, 841216.0], [0.13628, 1673738.0], [0.13627, 672535.0], [0.13626, 578464.0], [0.13625, 335089.0], [0.13624, 534041.0], [0.13623, 1058401.0], [0.13622, 388819.0], [0.13621, 979805.0], [0.1362, 1877485.0], [0.13619, 1218137.0]], "asks": [[0.13639, 414591.0], [0.1364, 145823.0], [0.13641, 312761.0], [0.13642, 474974.0], [0.13643, 725452.0], [0.13644, 768469.0], [0.13645, 587696.0], [0.13646, 974413.0], [0.13647, 823895.0], [0.13648, 618406.0], [0.13649, 757838.0], [0.1365, 1534601.0], [0.13651, 578557.0], [0.13652, 557262.0], [0.13653, 564724.0], [0.13654, 472613.0], [0.13655, 1135955.0], [0.13656, 895130.0], [0.13657, 434906.0], [0.13658, 740973.0]], "timestamp": "2025-12-15T08:49:47.584297+00:00"}, {"symbol": "DOGEUSDT", "bids": [[0.13645, 184429.0], [0.13644, 362437.0], [0.13643, 301103.0], [0.13642, 396818.0], [0.13641, 1026450.0], [0.1364, 986291.0], [0.13639, 1056031.0], [0.13638, 854688.0], [0.13637, 631873.0], [0.13636, 746368.0], [0.13635, 1148727.0], [0.13634, 1707472.0], [0.13633, 520411.0], [0.13632, 1152332.0], [0.13631, 790110.0], [0.1363, 320921.0], [0.13629, 805423.0], [0.13628, 518158.0], [0.13627, 722276.0], [0.13626, 724294.0]], "asks": [[0.13646, 199810.0], [0.13647, 348482.0], [0.13648, 306678.0], [0.13649, 581437.0], [0.1365, 1002388.0], [0.13651, 837184.0], [0.13652, 766914.0], [0.13653, 573435.0], [0.13654, 520194.0], [0.13655, 973640.0], [0.13656, 1501863.0], [0.13657, 395497.0], [0.13658, 496136.0], [0.13659, 558264.0], [0.1366, 952816.0], [0.13661, 653789.0], [0.13662, 764719.0], [0.13663, 645852.0], [0.13664, 1718343.0], [0.13665, 1065620.0]], "timestamp": "2025-12-15T08:50:41.447521+00:00"}, {"symbol": "DOGEUSDT", "bids": [[0.13643, 80759.0], [0.13642, 197807.0], [0.13641, 474310.0], [0.1364, 727388.0], [0.13639, 985525.0], [0.13638, 891293.0], [0.13637, 692010.0], [0.13636, 785168.0], [0.13635, 1115192.0], [0.13634, 847562.0], [0.13633, 1762154.0], [0.13632, 1174004.0], [0.13631, 791566.0], [0.1363, 356489.0], [0.13629, 801434.0], [0.13628, 620506.0], [0.13627, 666884.0], [0.13626, 930529.0], [0.13625, 2075929.0], [0.13624, 686328.0]], "asks": [[0.13644, 333921.0], [0.13645, 366522.0], [0.13646, 520555.0], [0.13647, 494637.0], [0.13648, 612327.0], [0.13649, 743455.0], [0.1365, 869254.0], [0.13651, 711742.0], [0.13652, 644684.0], [0.13653, 574629.0], [0.13654, 710406.0], [0.13655, 1840180.0], [0.13656, 586209.0], [0.13657, 384712.0], [0.13658, 640625.0], [0.13659, 630589.0], [0.1366, 932492.0], [0.13661, 583530.0], [0.13662, 767312.0], [0.13663, 646220.0]], "timestamp": "2025-12-15T08:51:35.208332+00:00"}, {"symbol": "DOGEUSDT", "bids": [[0.13634, 184284.0], [0.13633, 237710.0], [0.13632, 342065.0], [0.13631, 649012.0], [0.1363, 1073428.0], [0.13629, 949763.0], [0.13628, 747215.0], [0.13627, 752638.0], [0.13626, 705978.0], [0.13625, 687373.0], [0.13624, 1626772.0], [0.13623, 805003.0], [0.13622, 507183.0], [0.13621, 1065918.0], [0.1362, 583726.0], [0.13619, 648861.0], [0.13618, 435078.0], [0.13617, 735144.0], [0.13616, 595560.0], [0.13615, 767349.0]], "asks": [[0.13635, 171673.0], [0.13636, 221601.0], [0.13637, 533191.0], [0.13638, 326327.0], [0.13639, 972816.0], [0.1364, 1018022.0], [0.13641, 590561.0], [0.13642, 589133.0], [0.13643, 991801.0], [0.13644, 590944.0], [0.13645, 1605022.0], [0.13646, 753576.0], [0.13647, 208887.0], [0.13648, 303501.0], [0.13649, 761701.0], [0.1365, 1009739.0], [0.13651, 605862.0], [0.13652, 1003254.0], [0.13653, 860703.0], [0.13654, 1052702.0]], "timestamp": "2025-12-15T08:52:29.173309+00:00"}, {"symbol": "DOGEUSDT", "bids": [[0.13625, 353032.0], [0.13624, 353899.0], [0.13623, 449392.0], [0.13622, 680805.0], [0.13621, 673445.0], [0.1362, 1103987.0], [0.13619, 942408.0], [0.13618, 554994.0], [0.13617, 576468.0], [0.13616, 938705.0], [0.13615, 1709238.0], [0.13614, 623359.0], [0.13613, 363330.0], [0.13612, 525845.0], [0.13611, 1439969.0], [0.1361, 989819.0], [0.13609, 576093.0], [0.13608, 849037.0], [0.13607, 1139542.0], [0.13606, 653882.0]], "asks": [[0.13626, 82840.0], [0.13627, 327513.0], [0.13628, 261959.0], [0.13629, 403477.0], [0.1363, 773903.0], [0.13631, 975839.0], [0.13632, 1125949.0], [0.13633, 708191.0], [0.13634, 739906.0], [0.13635, 671767.0], [0.13636, 921764.0], [0.13637, 1502386.0], [0.13638, 432164.0], [0.13639, 732186.0], [0.1364, 1163677.0], [0.13641, 912568.0], [0.13642, 299875.0], [0.13643, 785101.0], [0.13644, 793612.0], [0.13645, 662897.0]], "timestamp": "2025-12-15T08:53:22.831974+00:00"}, {"symbol": "DOGEUSDT", "bids": [[0.13627, 56692.0], [0.13626, 100831.0], [0.13625, 332547.0], [0.13624, 425621.0], [0.13623, 1047399.0], [0.13622, 860165.0], [0.13621, 514750.0], [0.1362, 1006889.0], [0.13619, 941706.0], [0.13618, 680193.0], [0.13617, 1498615.0], [0.13616, 679034.0], [0.13615, 675929.0], [0.13614, 507548.0], [0.13613, 276055.0], [0.13612, 671145.0], [0.13611, 790746.0], [0.1361, 981207.0], [0.13609, 576093.0], [0.13608, 811289.0]], "asks": [[0.13628, 428549.0], [0.13629, 429095.0], [0.1363, 431487.0], [0.13631, 879491.0], [0.13632, 1122444.0], [0.13633, 699798.0], [0.13634, 802018.0], [0.13635, 758914.0], [0.13636, 701610.0], [0.13637, 688599.0], [0.13638, 1580474.0], [0.13639, 592579.0], [0.1364, 1146604.0], [0.13641, 953686.0], [0.13642, 294819.0], [0.13643, 790160.0], [0.13644, 793612.0], [0.13645, 581729.0], [0.13646, 761315.0], [0.13647, 292519.0]], "timestamp": "2025-12-15T08:54:16.490814+00:00"}, {"symbol": "DOGEUSDT", "bids": [[0.1363, 730711.0], [0.13629, 815032.0], [0.13628, 564150.0], [0.13627, 628598.0], [0.13626, 972548.0], [0.13625, 806885.0], [0.13624, 732836.0], [0.13623, 779417.0], [0.13622, 646941.0], [0.13621, 704963.0], [0.1362, 1864202.0], [0.13619, 840375.0], [0.13618, 513817.0], [0.13617, 435063.0], [0.13616, 592091.0], [0.13615, 1162933.0], [0.13614, 501114.0], [0.13613, 273073.0], [0.13612, 659639.0], [0.13611, 652805.0]], "asks": [[0.13631, 29213.0], [0.13632, 17856.0], [0.13633, 181917.0], [0.13634, 598086.0], [0.13635, 859117.0], [0.13636, 731967.0], [0.13637, 835237.0], [0.13638, 640324.0], [0.13639, 601174.0], [0.1364, 1229203.0], [0.13641, 552404.0], [0.13642, 334956.0], [0.13643, 952578.0], [0.13644, 776503.0], [0.13645, 595841.0], [0.13646, 686111.0], [0.13647, 441242.0], [0.13648, 976669.0], [0.13649, 1185299.0], [0.1365, 1424767.0]], "timestamp": "2025-12-15T08:55:10.090583+00:00"}, {"symbol": "DOGEUSDT", "bids": [[0.13625, 4402.0], [0.13624, 67631.0], [0.13623, 247623.0], [0.13622, 397454.0], [0.13621, 981454.0], [0.1362, 855703.0], [0.13619, 1112385.0], [0.13618, 520093.0], [0.13617, 640477.0], [0.13616, 884975.0], [0.13615, 771397.0], [0.13614, 541917.0], [0.13613, 1382545.0], [0.13612, 597543.0], [0.13611, 1080227.0], [0.1361, 523784.0], [0.13609, 692984.0], [0.13608, 721331.0], [0.13607, 1040229.0], [0.13606, 1181414.0]], "asks": [[0.13626, 416470.0], [0.13627, 690709.0], [0.13628, 977040.0], [0.13629, 876106.0], [0.1363, 788053.0], [0.13631, 937948.0], [0.13632, 663159.0], [0.13633, 998717.0], [0.13634, 537518.0], [0.13635, 752540.0], [0.13636, 1847824.0], [0.13637, 761938.0], [0.13638, 489422.0], [0.13639, 766635.0], [0.1364, 1010411.0], [0.13641, 657616.0], [0.13642, 497819.0], [0.13643, 631160.0], [0.13644, 559399.0], [0.13645, 856149.0]], "timestamp": "2025-12-15T08:56:03.499547+00:00"}, {"symbol": "DOGEUSDT", "bids": [[0.13627, 33564.0], [0.13626, 200079.0], [0.13625, 512450.0], [0.13624, 888212.0], [0.13623, 1019378.0], [0.13622, 779623.0], [0.13621, 597687.0], [0.1362, 846730.0], [0.13619, 892115.0], [0.13618, 635738.0], [0.13617, 1608337.0], [0.13616, 729214.0], [0.13615, 657634.0], [0.13614, 365521.0], [0.13613, 681888.0], [0.13612, 741661.0], [0.13611, 999196.0], [0.1361, 507517.0], [0.13609, 582067.0], [0.13608, 645835.0]], "asks": [[0.13628, 259113.0], [0.13629, 242802.0], [0.1363, 401467.0], [0.13631, 922091.0], [0.13632, 654155.0], [0.13633, 1117695.0], [0.13634, 587349.0], [0.13635, 473609.0], [0.13636, 806802.0], [0.13637, 973991.0], [0.13638, 1587443.0], [0.13639, 790383.0], [0.1364, 899870.0], [0.13641, 648040.0], [0.13642, 504120.0], [0.13643, 657599.0], [0.13644, 561077.0], [0.13645, 858508.0], [0.13646, 810749.0], [0.13647, 850222.0]], "timestamp": "2025-12-15T08:56:57.624640+00:00"}, {"symbol": "DOGEUSDT", "bids": [[0.13627, 158700.0], [0.13626, 248356.0], [0.13625, 418508.0], [0.13624, 636828.0], [0.13623, 1140409.0], [0.13622, 905966.0], [0.13621, 607361.0], [0.1362, 903945.0], [0.13619, 864336.0], [0.13618, 571041.0], [0.13617, 1591278.0], [0.13616, 614977.0], [0.13615, 750040.0], [0.13614, 547455.0], [0.13613, 866435.0], [0.13612, 751162.0], [0.13611, 1043740.0], [0.1361, 540388.0], [0.13609, 531781.0], [0.13608, 657981.0]], "asks": [[0.13628, 183912.0], [0.13629, 283284.0], [0.1363, 365932.0], [0.13631, 877631.0], [0.13632, 758661.0], [0.13633, 903292.0], [0.13634, 738389.0], [0.13635, 614897.0], [0.13636, 857899.0], [0.13637, 922649.0], [0.13638, 1597477.0], [0.13639, 729357.0], [0.1364, 860148.0], [0.13641, 666308.0], [0.13642, 644423.0], [0.13643, 570501.0], [0.13644, 596942.0], [0.13645, 880537.0], [0.13646, 819957.0], [0.13647, 912851.0]], "timestamp": "2025-12-15T08:57:51.430081+00:00"}, {"symbol": "DOGEUSDT", "bids": [[0.13626, 157437.0], [0.13625, 350475.0], [0.13624, 559666.0], [0.13623, 750526.0], [0.13622, 1151380.0], [0.13621, 966705.0], [0.1362, 929738.0], [0.13619, 790772.0], [0.13618, 388079.0], [0.13617, 901296.0], [0.13616, 1871088.0], [0.13615, 837587.0], [0.13614, 416014.0], [0.13613, 507220.0], [0.13612, 581068.0], [0.13611, 795204.0], [0.1361, 939614.0], [0.13609, 572103.0], [0.13608, 730203.0], [0.13607, 1201873.0]], "asks": [[0.13627, 196348.0], [0.13628, 341873.0], [0.13629, 587224.0], [0.1363, 399988.0], [0.13631, 918759.0], [0.13632, 746854.0], [0.13633, 757456.0], [0.13634, 722054.0], [0.13635, 421766.0], [0.13636, 997130.0], [0.13637, 1794031.0], [0.13638, 555571.0], [0.13639, 858619.0], [0.1364, 806693.0], [0.13641, 846274.0], [0.13642, 606146.0], [0.13643, 632941.0], [0.13644, 656727.0], [0.13645, 1140937.0], [0.13646, 895043.0]], "timestamp": "2025-12-15T08:58:44.780849+00:00"}, {"symbol": "DOGEUSDT", "bids": [[0.13624, 104910.0], [0.13623, 302942.0], [0.13622, 407810.0], [0.13621, 701311.0], [0.1362, 1320467.0], [0.13619, 818815.0], [0.13618, 558540.0], [0.13617, 799935.0], [0.13616, 791669.0], [0.13615, 1145288.0], [0.13614, 1682663.0], [0.13613, 580468.0], [0.13612, 658041.0], [0.13611, 682215.0], [0.1361, 992196.0], [0.13609, 548614.0], [0.13608, 640798.0], [0.13607, 518966.0], [0.13606, 695762.0], [0.13605, 1477573.0]], "asks": [[0.13625, 201858.0], [0.13626, 247589.0], [0.13627, 484360.0], [0.13628, 330803.0], [0.13629, 811391.0], [0.1363, 613086.0], [0.13631, 892192.0], [0.13632, 711991.0], [0.13633, 596223.0], [0.13634, 599009.0], [0.13635, 1406825.0], [0.13636, 966062.0], [0.13637, 840688.0], [0.13638, 324412.0], [0.13639, 680358.0], [0.1364, 728926.0], [0.13641, 741999.0], [0.13642, 475485.0], [0.13643, 600130.0], [0.13644, 668205.0]], "timestamp": "2025-12-15T08:59:38.746521+00:00"}, {"symbol": "DOGEUSDT", "bids": [[0.13627, 116650.0], [0.13626, 345777.0], [0.13625, 646158.0], [0.13624, 469828.0], [0.13623, 476941.0], [0.13622, 632229.0], [0.13621, 829945.0], [0.1362, 1251433.0], [0.13619, 681108.0], [0.13618, 420125.0], [0.13617, 658701.0], [0.13616, 863949.0], [0.13615, 2018292.0], [0.13614, 535430.0], [0.13613, 574938.0], [0.13612, 632013.0], [0.13611, 676954.0], [0.1361, 960539.0], [0.13609, 661713.0], [0.13608, 640237.0]], "asks": [[0.13628, 66491.0], [0.13629, 172626.0], [0.1363, 128358.0], [0.13631, 691214.0], [0.13632, 561114.0], [0.13633, 674140.0], [0.13634, 740370.0], [0.13635, 444047.0], [0.13636, 975287.0], [0.13637, 921613.0], [0.13638, 516531.0], [0.13639, 676502.0], [0.1364, 728741.0], [0.13641, 430547.0], [0.13642, 291406.0], [0.13643, 610240.0], [0.13644, 655879.0], [0.13645, 1322836.0], [0.13646, 1482950.0], [0.13647, 1038517.0]], "timestamp": "2025-12-15T09:00:31.995618+00:00"}, {"symbol": "DOGEUSDT", "bids": [[0.13621, 409567.0], [0.1362, 518386.0], [0.13619, 599429.0], [0.13618, 552794.0], [0.13617, 841407.0], [0.13616, 941082.0], [0.13615, 880630.0], [0.13614, 545641.0], [0.13613, 952610.0], [0.13612, 1859501.0], [0.13611, 839044.0], [0.1361, 541859.0], [0.13609, 629513.0], [0.13608, 403212.0], [0.13607, 573234.0], [0.13606, 1070047.0], [0.13605, 637389.0], [0.13604, 1263311.0], [0.13603, 807656.0], [0.13602, 1583575.0]], "asks": [[0.13622, 89473.0], [0.13623, 101138.0], [0.13624, 355787.0], [0.13625, 472392.0], [0.13626, 883354.0], [0.13627, 870748.0], [0.13628, 787453.0], [0.13629, 1170451.0], [0.1363, 516209.0], [0.13631, 957244.0], [0.13632, 752045.0], [0.13633, 1011239.0], [0.13634, 1793774.0], [0.13635, 489796.0], [0.13636, 1022528.0], [0.13637, 1012850.0], [0.13638, 806192.0], [0.13639, 578007.0], [0.1364, 540048.0], [0.13641, 799750.0]], "timestamp": "2025-12-15T09:01:26.063183+00:00"}, {"symbol": "DOGEUSDT", "bids": [[0.13638, 167441.0], [0.13637, 267466.0], [0.13636, 465859.0], [0.13635, 679771.0], [0.13634, 1104308.0], [0.13633, 814986.0], [0.13632, 817270.0], [0.13631, 1010049.0], [0.1363, 1013617.0], [0.13629, 920756.0], [0.13628, 1843142.0], [0.13627, 684624.0], [0.13626, 664401.0], [0.13625, 504944.0], [0.13624, 488838.0], [0.13623, 821159.0], [0.13622, 914517.0], [0.13621, 676311.0], [0.1362, 695258.0], [0.13619, 815559.0]], "asks": [[0.13639, 305658.0], [0.1364, 282110.0], [0.13641, 275800.0], [0.13642, 510482.0], [0.13643, 850049.0], [0.13644, 715228.0], [0.13645, 687623.0], [0.13646, 703891.0], [0.13647, 526302.0], [0.13648, 478196.0], [0.13649, 805437.0], [0.1365, 1790094.0], [0.13651, 485716.0], [0.13652, 302131.0], [0.13653, 603210.0], [0.13654, 715129.0], [0.13655, 901276.0], [0.13656, 806942.0], [0.13657, 1142444.0], [0.13658, 813212.0]], "timestamp": "2025-12-15T09:02:19.768981+00:00"}, {"symbol": "DOGEUSDT", "bids": [[0.13645, 98296.0], [0.13644, 184629.0], [0.13643, 385218.0], [0.13642, 453335.0], [0.13641, 1160043.0], [0.1364, 877729.0], [0.13639, 684898.0], [0.13638, 602894.0], [0.13637, 974804.0], [0.13636, 623997.0], [0.13635, 2099821.0], [0.13634, 689103.0], [0.13633, 536612.0], [0.13632, 564958.0], [0.13631, 1009070.0], [0.1363, 779187.0], [0.13629, 580844.0], [0.13628, 640467.0], [0.13627, 816054.0], [0.13626, 1783069.0]], "asks": [[0.13646, 254189.0], [0.13647, 311429.0], [0.13648, 537156.0], [0.13649, 456315.0], [0.1365, 1163559.0], [0.13651, 623968.0], [0.13652, 532846.0], [0.13653, 730688.0], [0.13654, 518714.0], [0.13655, 657137.0], [0.13656, 805321.0], [0.13657, 1213826.0], [0.13658, 513620.0], [0.13659, 655268.0], [0.1366, 585265.0], [0.13661, 926399.0], [0.13662, 418483.0], [0.13663, 850615.0], [0.13664, 806643.0], [0.13665, 1161305.0]], "timestamp": "2025-12-15T09:03:13.379208+00:00"}, {"symbol": "DOGEUSDT", "bids": [[0.1365, 434400.0], [0.13649, 344908.0], [0.13648, 475393.0], [0.13647, 826835.0], [0.13646, 1324970.0], [0.13645, 1151983.0], [0.13644, 1053115.0], [0.13643, 585785.0], [0.13642, 430814.0], [0.13641, 1052175.0], [0.1364, 1934451.0], [0.13639, 695415.0], [0.13638, 539004.0], [0.13637, 533014.0], [0.13636, 1027009.0], [0.13635, 910244.0], [0.13634, 980428.0], [0.13633, 364648.0], [0.13632, 632502.0], [0.13631, 864049.0]], "asks": [[0.13651, 132039.0], [0.13652, 18948.0], [0.13653, 181108.0], [0.13654, 408193.0], [0.13655, 819231.0], [0.13656, 862719.0], [0.13657, 512739.0], [0.13658, 672945.0], [0.13659, 627358.0], [0.1366, 531699.0], [0.13661, 617772.0], [0.13662, 1300840.0], [0.13663, 618283.0], [0.13664, 777759.0], [0.13665, 1263380.0], [0.13666, 1490974.0], [0.13667, 570563.0], [0.13668, 1193992.0], [0.13669, 967290.0], [0.1367, 1042784.0]], "timestamp": "2025-12-15T09:04:07.242099+00:00"}, {"symbol": "DOGEUSDT", "bids": [[0.13656, 21441.0], [0.13655, 310107.0], [0.13654, 286640.0], [0.13653, 354982.0], [0.13652, 908695.0], [0.13651, 919298.0], [0.1365, 991074.0], [0.13649, 891474.0], [0.13648, 509035.0], [0.13647, 791006.0], [0.13646, 1598164.0], [0.13645, 698210.0], [0.13644, 670819.0], [0.13643, 401594.0], [0.13642, 395020.0], [0.13641, 874439.0], [0.1364, 1215076.0], [0.13639, 929059.0], [0.13638, 683183.0], [0.13637, 537191.0]], "asks": [[0.13657, 504224.0], [0.13658, 347346.0], [0.13659, 261308.0], [0.1366, 539853.0], [0.13661, 389810.0], [0.13662, 579655.0], [0.13663, 787827.0], [0.13664, 838582.0], [0.13665, 405824.0], [0.13666, 700048.0], [0.13667, 1276163.0], [0.13668, 666761.0], [0.13669, 422214.0], [0.1367, 415406.0], [0.13671, 549276.0], [0.13672, 771720.0], [0.13673, 765325.0], [0.13674, 432321.0], [0.13675, 805176.0], [0.13676, 968305.0]], "timestamp": "2025-12-15T09:05:01.105408+00:00"}, {"symbol": "DOGEUSDT", "bids": [[0.13656, 55212.0], [0.13655, 188285.0], [0.13654, 504366.0], [0.13653, 488505.0], [0.13652, 982159.0], [0.13651, 808458.0], [0.1365, 769621.0], [0.13649, 598729.0], [0.13648, 401600.0], [0.13647, 804703.0], [0.13646, 951224.0], [0.13645, 1589119.0], [0.13644, 832594.0], [0.13643, 408105.0], [0.13642, 288499.0], [0.13641, 591673.0], [0.1364, 960867.0], [0.13639, 530272.0], [0.13638, 682427.0], [0.13637, 604846.0]], "asks": [[0.13657, 286861.0], [0.13658, 351715.0], [0.13659, 790253.0], [0.1366, 664703.0], [0.13661, 886485.0], [0.13662, 681150.0], [0.13663, 504658.0], [0.13664, 1021729.0], [0.13665, 799916.0], [0.13666, 554273.0], [0.13667, 1700658.0], [0.13668, 725565.0], [0.13669, 712699.0], [0.1367, 535820.0], [0.13671, 966358.0], [0.13672, 771702.0], [0.13673, 602184.0], [0.13674, 1029009.0], [0.13675, 507726.0], [0.13676, 1047499.0]], "timestamp": "2025-12-15T09:05:55.070780+00:00"}, {"symbol": "DOGEUSDT", "bids": [[0.13664, 155722.0], [0.13663, 394889.0], [0.13662, 570562.0], [0.13661, 531464.0], [0.1366, 869253.0], [0.13659, 981089.0], [0.13658, 2075886.0], [0.13657, 3980724.0], [0.13656, 616403.0], [0.13655, 674523.0], [0.13654, 368244.0], [0.13653, 884603.0], [0.13652, 2090401.0], [0.13651, 364926.0], [0.1365, 888320.0], [0.13649, 1046455.0], [0.13648, 477825.0], [0.13647, 480472.0], [0.13646, 590835.0], [0.13645, 494174.0]], "asks": [[0.13665, 207306.0], [0.13666, 207018.0], [0.13667, 247935.0], [0.13668, 654756.0], [0.13669, 712248.0], [0.1367, 510078.0], [0.13671, 644897.0], [0.13672, 625728.0], [0.13673, 716421.0], [0.13674, 755894.0], [0.13675, 1420074.0], [0.13676, 718729.0], [0.13677, 498284.0], [0.13678, 754248.0], [0.13679, 1372260.0], [0.1368, 1047246.0], [0.13681, 628185.0], [0.13682, 1170621.0], [0.13683, 1168957.0], [0.13684, 574387.0]], "timestamp": "2025-12-15T09:06:48.831861+00:00"}, {"symbol": "DOGEUSDT", "bids": [[0.13671, 295000.0], [0.1367, 330687.0], [0.13669, 493404.0], [0.13668, 744808.0], [0.13667, 639122.0], [0.13666, 801154.0], [0.13665, 1687067.0], [0.13664, 3677456.0], [0.13663, 345277.0], [0.13662, 713523.0], [0.13661, 1952843.0], [0.1366, 301237.0], [0.13659, 357573.0], [0.13658, 1456627.0], [0.13657, 3896136.0], [0.13656, 825798.0], [0.13655, 582274.0], [0.13654, 585987.0], [0.13653, 1265450.0], [0.13652, 982501.0]], "asks": [[0.13672, 14065.0], [0.13673, 89640.0], [0.13674, 274939.0], [0.13675, 411191.0], [0.13676, 991504.0], [0.13677, 1237084.0], [0.13678, 597147.0], [0.13679, 784722.0], [0.1368, 734412.0], [0.13681, 549784.0], [0.13682, 593431.0], [0.13683, 1882412.0], [0.13684, 542410.0], [0.13685, 930014.0], [0.13686, 378931.0], [0.13687, 659067.0], [0.13688, 618084.0], [0.13689, 757029.0], [0.1369, 650188.0], [0.13691, 543285.0]], "timestamp": "2025-12-15T09:07:42.182561+00:00"}, {"symbol": "DOGEUSDT", "bids": [[0.13664, 3100886.0], [0.13663, 70239.0], [0.13662, 65121.0], [0.13661, 275969.0], [0.1366, 511907.0], [0.13659, 649804.0], [0.13658, 1558768.0], [0.13657, 3897714.0], [0.13656, 456608.0], [0.13655, 585159.0], [0.13654, 662175.0], [0.13653, 636461.0], [0.13652, 753252.0], [0.13651, 1766291.0], [0.1365, 1895713.0], [0.13649, 521295.0], [0.13648, 512069.0], [0.13647, 656210.0], [0.13646, 1227468.0], [0.13645, 512752.0]], "asks": [[0.13665, 310048.0], [0.13666, 378653.0], [0.13667, 328281.0], [0.13668, 597989.0], [0.13669, 1017792.0], [0.1367, 817999.0], [0.13671, 896213.0], [0.13672, 374060.0], [0.13673, 906465.0], [0.13674, 1685602.0], [0.13675, 524712.0], [0.13676, 705546.0], [0.13677, 651812.0], [0.13678, 436411.0], [0.13679, 627837.0], [0.1368, 654614.0], [0.13681, 793757.0], [0.13682, 999552.0], [0.13683, 1093649.0], [0.13684, 717230.0]], "timestamp": "2025-12-15T09:08:36.046069+00:00"}, {"symbol": "DOGEUSDT", "bids": [[0.13668, 12030.0], [0.13667, 237172.0], [0.13666, 580569.0], [0.13665, 869924.0], [0.13664, 3375989.0], [0.13663, 303802.0], [0.13662, 466142.0], [0.13661, 746967.0], [0.1366, 547566.0], [0.13659, 636195.0], [0.13658, 1565501.0], [0.13657, 5205515.0], [0.13656, 442133.0], [0.13655, 864857.0], [0.13654, 1011806.0], [0.13653, 909416.0], [0.13652, 424970.0], [0.13651, 276301.0], [0.1365, 708535.0], [0.13649, 549098.0]], "asks": [[0.13669, 300230.0], [0.1367, 240665.0], [0.13671, 641220.0], [0.13672, 343066.0], [0.13673, 1113624.0], [0.13674, 973916.0], [0.13675, 401145.0], [0.13676, 501227.0], [0.13677, 842307.0], [0.13678, 1366408.0], [0.13679, 889488.0], [0.1368, 770227.0], [0.13681, 778857.0], [0.13682, 704970.0], [0.13683, 1007523.0], [0.13684, 807752.0], [0.13685, 865340.0], [0.13686, 542428.0], [0.13687, 538832.0], [0.13688, 1498659.0]], "timestamp": "2025-12-15T09:09:29.703900+00:00"}, {"symbol": "DOGEUSDT", "bids": [[0.13668, 120109.0], [0.13667, 260143.0], [0.13666, 780512.0], [0.13665, 828080.0], [0.13664, 3482727.0], [0.13663, 398907.0], [0.13662, 296477.0], [0.13661, 731856.0], [0.1366, 559739.0], [0.13659, 845250.0], [0.13658, 3037191.0], [0.13657, 3928329.0], [0.13656, 534633.0], [0.13655, 735773.0], [0.13654, 1030794.0], [0.13653, 938474.0], [0.13652, 408736.0], [0.13651, 276815.0], [0.1365, 820903.0], [0.13649, 638421.0]], "asks": [[0.13669, 222730.0], [0.1367, 349742.0], [0.13671, 462704.0], [0.13672, 451300.0], [0.13673, 955700.0], [0.13674, 958164.0], [0.13675, 462935.0], [0.13676, 510116.0], [0.13677, 733823.0], [0.13678, 606514.0], [0.13679, 1818911.0], [0.1368, 543591.0], [0.13681, 546020.0], [0.13682, 829926.0], [0.13683, 716836.0], [0.13684, 533735.0], [0.13685, 845800.0], [0.13686, 556973.0], [0.13687, 468942.0], [0.13688, 1738177.0]], "timestamp": "2025-12-15T09:10:23.362068+00:00"}, {"symbol": "DOGEUSDT", "bids": [[0.13652, 303330.0], [0.13651, 372835.0], [0.1365, 535898.0], [0.13649, 566917.0], [0.13648, 505915.0], [0.13647, 655950.0], [0.13646, 561246.0], [0.13645, 712964.0], [0.13644, 613228.0], [0.13643, 688542.0], [0.13642, 1291230.0], [0.13641, 687466.0], [0.1364, 765784.0], [0.13639, 696812.0], [0.13638, 934381.0], [0.13637, 602916.0], [0.13636, 1152222.0], [0.13635, 481326.0], [0.13634, 710375.0], [0.13633, 568504.0]], "asks": [[0.13653, 80387.0], [0.13654, 268128.0], [0.13655, 262109.0], [0.13656, 532504.0], [0.13657, 670666.0], [0.13658, 1176771.0], [0.13659, 979694.0], [0.1366, 756359.0], [0.13661, 904775.0], [0.13662, 574897.0], [0.13663, 803118.0], [0.13664, 2039007.0], [0.13665, 728528.0], [0.13666, 773721.0], [0.13667, 821990.0], [0.13668, 621820.0], [0.13669, 746338.0], [0.1367, 589541.0], [0.13671, 814530.0], [0.13672, 863059.0]], "timestamp": "2025-12-15T09:11:17.327307+00:00"}, {"symbol": "DOGEUSDT", "bids": [[0.13654, 91135.0], [0.13653, 4053096.0], [0.13652, 382141.0], [0.13651, 385364.0], [0.1365, 776824.0], [0.13649, 842434.0], [0.13648, 485587.0], [0.13647, 734126.0], [0.13646, 562914.0], [0.13645, 662201.0], [0.13644, 970866.0], [0.13643, 1887171.0], [0.13642, 870292.0], [0.13641, 547807.0], [0.1364, 652610.0], [0.13639, 1162786.0], [0.13638, 1257901.0], [0.13637, 1051019.0], [0.13636, 333938.0], [0.13635, 680630.0]], "asks": [[0.13655, 502676.0], [0.13656, 524832.0], [0.13657, 267623.0], [0.13658, 496616.0], [0.13659, 1363439.0], [0.1366, 618955.0], [0.13661, 681543.0], [0.13662, 858079.0], [0.13663, 507024.0], [0.13664, 824868.0], [0.13665, 872500.0], [0.13666, 480514.0], [0.13667, 1504664.0], [0.13668, 748820.0], [0.13669, 620303.0], [0.1367, 516262.0], [0.13671, 541482.0], [0.13672, 614409.0], [0.13673, 851040.0], [0.13674, 991067.0]], "timestamp": "2025-12-15T09:12:11.131399+00:00"}, {"symbol": "DOGEUSDT", "bids": [[0.13651, 93177.0], [0.1365, 358883.0], [0.13649, 538085.0], [0.13648, 1113916.0], [0.13647, 741098.0], [0.13646, 742866.0], [0.13645, 716670.0], [0.13644, 456915.0], [0.13643, 788250.0], [0.13642, 783062.0], [0.13641, 1236589.0], [0.1364, 444148.0], [0.13639, 790268.0], [0.13638, 1063115.0], [0.13637, 562170.0], [0.13636, 811038.0], [0.13635, 490484.0], [0.13634, 409463.0], [0.13633, 732690.0], [0.13632, 1541164.0]], "asks": [[0.13652, 200614.0], [0.13653, 546565.0], [0.13654, 317024.0], [0.13655, 504806.0], [0.13656, 1063865.0], [0.13657, 531386.0], [0.13658, 572456.0], [0.13659, 1262276.0], [0.1366, 847989.0], [0.13661, 880548.0], [0.13662, 1035197.0], [0.13663, 1734119.0], [0.13664, 749790.0], [0.13665, 1008174.0], [0.13666, 339427.0], [0.13667, 823981.0], [0.13668, 788938.0], [0.13669, 1203180.0], [0.1367, 412823.0], [0.13671, 584231.0]], "timestamp": "2025-12-15T09:13:04.849070+00:00"}, {"symbol": "DOGEUSDT", "bids": [[0.13652, 419022.0], [0.13651, 490578.0], [0.1365, 502276.0], [0.13649, 639258.0], [0.13648, 1324575.0], [0.13647, 574672.0], [0.13646, 755178.0], [0.13645, 747063.0], [0.13644, 435824.0], [0.13643, 902178.0], [0.13642, 1680622.0], [0.13641, 313763.0], [0.1364, 471513.0], [0.13639, 720091.0], [0.13638, 1060610.0], [0.13637, 700023.0], [0.13636, 720166.0], [0.13635, 484522.0], [0.13634, 431125.0], [0.13633, 682651.0]], "asks": [[0.13653, 116271.0], [0.13654, 175372.0], [0.13655, 320415.0], [0.13656, 437143.0], [0.13657, 656465.0], [0.13658, 538558.0], [0.13659, 1322080.0], [0.1366, 866606.0], [0.13661, 754002.0], [0.13662, 796401.0], [0.13663, 871888.0], [0.13664, 1858694.0], [0.13665, 1175133.0], [0.13666, 340991.0], [0.13667, 708869.0], [0.13668, 720455.0], [0.13669, 654126.0], [0.1367, 392332.0], [0.13671, 591965.0], [0.13672, 1219062.0]], "timestamp": "2025-12-15T09:13:58.404940+00:00"}, {"symbol": "DOGEUSDT", "bids": [[0.13662, 196022.0], [0.13661, 407272.0], [0.1366, 503895.0], [0.13659, 564042.0], [0.13658, 1124986.0], [0.13657, 729136.0], [0.13656, 1008928.0], [0.13655, 834174.0], [0.13654, 748452.0], [0.13653, 998321.0], [0.13652, 1769189.0], [0.13651, 373623.0], [0.1365, 543117.0], [0.13649, 611316.0], [0.13648, 630816.0], [0.13647, 496433.0], [0.13646, 1160012.0], [0.13645, 570077.0], [0.13644, 416866.0], [0.13643, 539928.0]], "asks": [[0.13663, 109094.0], [0.13664, 269005.0], [0.13665, 232031.0], [0.13666, 285889.0], [0.13667, 781661.0], [0.13668, 1130235.0], [0.13669, 899200.0], [0.1367, 575001.0], [0.13671, 684830.0], [0.13672, 558418.0], [0.13673, 940494.0], [0.13674, 919383.0], [0.13675, 1617900.0], [0.13676, 652524.0], [0.13677, 734764.0], [0.13678, 884692.0], [0.13679, 893232.0], [0.1368, 891720.0], [0.13681, 1027476.0], [0.13682, 1226274.0]], "timestamp": "2025-12-15T09:14:51.756816+00:00"}, {"symbol": "DOGEUSDT", "bids": [[0.13664, 96285.0], [0.13663, 291369.0], [0.13662, 494642.0], [0.13661, 719339.0], [0.1366, 879064.0], [0.13659, 994511.0], [0.13658, 995612.0], [0.13657, 727954.0], [0.13656, 878641.0], [0.13655, 856456.0], [0.13654, 1510003.0], [0.13653, 681467.0], [0.13652, 807755.0], [0.13651, 678575.0], [0.1365, 383854.0], [0.13649, 742748.0], [0.13648, 726821.0], [0.13647, 408024.0], [0.13646, 909275.0], [0.13645, 492954.0]], "asks": [[0.13665, 227091.0], [0.13666, 268192.0], [0.13667, 232476.0], [0.13668, 544787.0], [0.13669, 638667.0], [0.1367, 843439.0], [0.13671, 925630.0], [0.13672, 502429.0], [0.13673, 969947.0], [0.13674, 877081.0], [0.13675, 781621.0], [0.13676, 1597937.0], [0.13677, 721634.0], [0.13678, 365895.0], [0.13679, 756554.0], [0.1368, 724493.0], [0.13681, 1073594.0], [0.13682, 659370.0], [0.13683, 922685.0], [0.13684, 1191702.0]], "timestamp": "2025-12-15T09:15:45.413999+00:00"}, {"symbol": "DOGEUSDT", "bids": [[0.13662, 38306.0], [0.13661, 183104.0], [0.1366, 392060.0], [0.13659, 561547.0], [0.13658, 1231062.0], [0.13657, 789691.0], [0.13656, 713310.0], [0.13655, 713395.0], [0.13654, 668216.0], [0.13653, 877801.0], [0.13652, 1672244.0], [0.13651, 790795.0], [0.1365, 673032.0], [0.13649, 547548.0], [0.13648, 423918.0], [0.13647, 479878.0], [0.13646, 905209.0], [0.13645, 608412.0], [0.13644, 331539.0], [0.13643, 595028.0]], "asks": [[0.13663, 251986.0], [0.13664, 307642.0], [0.13665, 338049.0], [0.13666, 510419.0], [0.13667, 714130.0], [0.13668, 701833.0], [0.13669, 1219126.0], [0.1367, 698616.0], [0.13671, 433839.0], [0.13672, 930222.0], [0.13673, 1919776.0], [0.13674, 547470.0], [0.13675, 555077.0], [0.13676, 513683.0], [0.13677, 906695.0], [0.13678, 368028.0], [0.13679, 762808.0], [0.1368, 1022935.0], [0.13681, 1150707.0], [0.13682, 1190638.0]], "timestamp": "2025-12-15T09:16:39.379398+00:00"}, {"symbol": "DOGEUSDT", "bids": [[0.13672, 275736.0], [0.13671, 370890.0], [0.1367, 701189.0], [0.13669, 892997.0], [0.13668, 754392.0], [0.13667, 559728.0], [0.13666, 911267.0], [0.13665, 605250.0], [0.13664, 1052275.0], [0.13663, 887512.0], [0.13662, 676219.0], [0.13661, 1374734.0], [0.1366, 967539.0], [0.13659, 324917.0], [0.13658, 351239.0], [0.13657, 777318.0], [0.13656, 889620.0], [0.13655, 343953.0], [0.13654, 529435.0], [0.13653, 626078.0]], "asks": [[0.13673, 56554.0], [0.13674, 240107.0], [0.13675, 285986.0], [0.13676, 499735.0], [0.13677, 779366.0], [0.13678, 723648.0], [0.13679, 904300.0], [0.1368, 774454.0], [0.13681, 799839.0], [0.13682, 639314.0], [0.13683, 825195.0], [0.13684, 1593345.0], [0.13685, 981166.0], [0.13686, 713459.0], [0.13687, 577656.0], [0.13688, 834454.0], [0.13689, 2294021.0], [0.1369, 1377458.0], [0.13691, 1241363.0], [0.13692, 390428.0]], "timestamp": "2025-12-15T09:17:33.242427+00:00"}, {"symbol": "DOGEUSDT", "bids": [[0.13664, 24329.0], [0.13663, 164620.0], [0.13662, 331310.0], [0.13661, 505591.0], [0.1366, 1227375.0], [0.13659, 512100.0], [0.13658, 475746.0], [0.13657, 745534.0], [0.13656, 508820.0], [0.13655, 585542.0], [0.13654, 1419361.0], [0.13653, 565749.0], [0.13652, 782424.0], [0.13651, 766964.0], [0.1365, 597520.0], [0.13649, 896257.0], [0.13648, 1253805.0], [0.13647, 593718.0], [0.13646, 1204719.0], [0.13645, 506798.0]], "asks": [[0.13665, 438895.0], [0.13666, 206376.0], [0.13667, 305047.0], [0.13668, 507288.0], [0.13669, 619996.0], [0.1367, 853014.0], [0.13671, 916325.0], [0.13672, 843733.0], [0.13673, 1301695.0], [0.13674, 861972.0], [0.13675, 634145.0], [0.13676, 1707884.0], [0.13677, 836089.0], [0.13678, 696313.0], [0.13679, 924572.0], [0.1368, 647736.0], [0.13681, 754263.0], [0.13682, 666689.0], [0.13683, 1037121.0], [0.13684, 710488.0]], "timestamp": "2025-12-15T09:18:26.772453+00:00"}, {"symbol": "DOGEUSDT", "bids": [[0.13658, 256821.0], [0.13657, 258268.0], [0.13656, 415393.0], [0.13655, 405792.0], [0.13654, 746199.0], [0.13653, 823409.0], [0.13652, 813190.0], [0.13651, 353476.0], [0.1365, 742404.0], [0.13649, 1607153.0], [0.13648, 589449.0], [0.13647, 463249.0], [0.13646, 897525.0], [0.13645, 985202.0], [0.13644, 300477.0], [0.13643, 468280.0], [0.13642, 775114.0], [0.13641, 608045.0], [0.1364, 349488.0], [0.13639, 842250.0]], "asks": [[0.13659, 120283.0], [0.1366, 170852.0], [0.13661, 305834.0], [0.13662, 650468.0], [0.13663, 874271.0], [0.13664, 1013248.0], [0.13665, 1167009.0], [0.13666, 452580.0], [0.13667, 514791.0], [0.13668, 677327.0], [0.13669, 973602.0], [0.1367, 1631487.0], [0.13671, 653626.0], [0.13672, 568074.0], [0.13673, 1193046.0], [0.13674, 926397.0], [0.13675, 466293.0], [0.13676, 847684.0], [0.13677, 913986.0], [0.13678, 1271862.0]], "timestamp": "2025-12-15T09:19:20.456806+00:00"}, {"symbol": "DOGEUSDT", "bids": [[0.13665, 294436.0], [0.13664, 475121.0], [0.13663, 470299.0], [0.13662, 704051.0], [0.13661, 672153.0], [0.1366, 780787.0], [0.13659, 938242.0], [0.13658, 348441.0], [0.13657, 641019.0], [0.13656, 1841335.0], [0.13655, 334811.0], [0.13654, 505514.0], [0.13653, 754729.0], [0.13652, 627329.0], [0.13651, 411596.0], [0.1365, 678315.0], [0.13649, 1300692.0], [0.13648, 918184.0], [0.13647, 369223.0], [0.13646, 915988.0]], "asks": [[0.13666, 6867.0], [0.13667, 52406.0], [0.13668, 274736.0], [0.13669, 315987.0], [0.1367, 660981.0], [0.13671, 623448.0], [0.13672, 914032.0], [0.13673, 910806.0], [0.13674, 731736.0], [0.13675, 508526.0], [0.13676, 694035.0], [0.13677, 1016009.0], [0.13678, 1722637.0], [0.13679, 794119.0], [0.1368, 720800.0], [0.13681, 1085011.0], [0.13682, 799238.0], [0.13683, 998906.0], [0.13684, 1185224.0], [0.13685, 2086387.0]], "timestamp": "2025-12-15T09:20:14.218026+00:00"}, {"symbol": "DOGEUSDT", "bids": [[0.13667, 387877.0], [0.13666, 378711.0], [0.13665, 540017.0], [0.13664, 657587.0], [0.13663, 629195.0], [0.13662, 747806.0], [0.13661, 573770.0], [0.1366, 907673.0], [0.13659, 969223.0], [0.13658, 1189889.0], [0.13657, 512059.0], [0.13656, 1044007.0], [0.13655, 459001.0], [0.13654, 823320.0], [0.13653, 751693.0], [0.13652, 747438.0], [0.13651, 621802.0], [0.1365, 706297.0], [0.13649, 934167.0], [0.13648, 1627151.0]], "asks": [[0.13668, 29915.0], [0.13669, 214411.0], [0.1367, 84308.0], [0.13671, 170627.0], [0.13672, 548429.0], [0.13673, 868793.0], [0.13674, 864333.0], [0.13675, 578859.0], [0.13676, 671698.0], [0.13677, 995394.0], [0.13678, 755855.0], [0.13679, 1701896.0], [0.1368, 598866.0], [0.13681, 825053.0], [0.13682, 680387.0], [0.13683, 713651.0], [0.13684, 576989.0], [0.13685, 1266385.0], [0.13686, 902376.0], [0.13687, 744033.0]], "timestamp": "2025-12-15T09:21:08.080887+00:00"}, {"symbol": "DOGEUSDT", "bids": [[0.1367, 169665.0], [0.13669, 456337.0], [0.13668, 472184.0], [0.13667, 504881.0], [0.13666, 686181.0], [0.13665, 998746.0], [0.13664, 761969.0], [0.13663, 513920.0], [0.13662, 788723.0], [0.13661, 410420.0], [0.1366, 1666933.0], [0.13659, 770790.0], [0.13658, 410836.0], [0.13657, 450407.0], [0.13656, 818178.0], [0.13655, 575591.0], [0.13654, 756372.0], [0.13653, 800851.0], [0.13652, 738449.0], [0.13651, 648316.0]], "asks": [[0.13671, 87697.0], [0.13672, 187081.0], [0.13673, 206692.0], [0.13674, 406245.0], [0.13675, 810915.0], [0.13676, 947910.0], [0.13677, 936559.0], [0.13678, 552667.0], [0.13679, 698435.0], [0.1368, 707393.0], [0.13681, 685781.0], [0.13682, 1560195.0], [0.13683, 632578.0], [0.13684, 644354.0], [0.13685, 1251275.0], [0.13686, 866313.0], [0.13687, 421995.0], [0.13688, 1168352.0], [0.13689, 1570908.0], [0.1369, 2335580.0]], "timestamp": "2025-12-15T09:22:01.636725+00:00"}, {"symbol": "DOGEUSDT", "bids": [[0.13666, 16354.0], [0.13665, 108328.0], [0.13664, 172270.0], [0.13663, 593058.0], [0.13662, 955349.0], [0.13661, 463026.0], [0.1366, 646338.0], [0.13659, 796036.0], [0.13658, 549282.0], [0.13657, 537878.0], [0.13656, 1841145.0], [0.13655, 507134.0], [0.13654, 846751.0], [0.13653, 724262.0], [0.13652, 675676.0], [0.13651, 791175.0], [0.1365, 765870.0], [0.13649, 1050122.0], [0.13648, 1651168.0], [0.13647, 1590153.0]], "asks": [[0.13667, 639004.0], [0.13668, 487939.0], [0.13669, 414887.0], [0.1367, 534556.0], [0.13671, 954727.0], [0.13672, 724615.0], [0.13673, 946269.0], [0.13674, 726663.0], [0.13675, 527260.0], [0.13676, 671777.0], [0.13677, 1976319.0], [0.13678, 512782.0], [0.13679, 786434.0], [0.1368, 758553.0], [0.13681, 506491.0], [0.13682, 717384.0], [0.13683, 468628.0], [0.13684, 520906.0], [0.13685, 1378930.0], [0.13686, 824677.0]], "timestamp": "2025-12-15T09:22:55.397516+00:00"}, {"symbol": "DOGEUSDT", "bids": [[0.13669, 138871.0], [0.13668, 77752.0], [0.13667, 247465.0], [0.13666, 566428.0], [0.13665, 1390709.0], [0.13664, 1069130.0], [0.13663, 738579.0], [0.13662, 964454.0], [0.13661, 541261.0], [0.1366, 714779.0], [0.13659, 2147908.0], [0.13658, 434253.0], [0.13657, 644599.0], [0.13656, 1363349.0], [0.13655, 726938.0], [0.13654, 509406.0], [0.13653, 820637.0], [0.13652, 753260.0], [0.13651, 464194.0], [0.1365, 862473.0]], "asks": [[0.1367, 241721.0], [0.13671, 294642.0], [0.13672, 292339.0], [0.13673, 435260.0], [0.13674, 703821.0], [0.13675, 432909.0], [0.13676, 734465.0], [0.13677, 909416.0], [0.13678, 410654.0], [0.13679, 633961.0], [0.1368, 659729.0], [0.13681, 1634459.0], [0.13682, 654215.0], [0.13683, 451399.0], [0.13684, 468124.0], [0.13685, 1073542.0], [0.13686, 891282.0], [0.13687, 585157.0], [0.13688, 760061.0], [0.13689, 1206035.0]], "timestamp": "2025-12-15T09:23:48.851077+00:00"}, {"symbol": "DOGEUSDT", "bids": [[0.13679, 199914.0], [0.13678, 462435.0], [0.13677, 716769.0], [0.13676, 727571.0], [0.13675, 834045.0], [0.13674, 1337657.0], [0.13673, 639600.0], [0.13672, 794893.0], [0.13671, 859238.0], [0.1367, 555349.0], [0.13669, 1552316.0], [0.13668, 1146587.0], [0.13667, 305482.0], [0.13666, 463019.0], [0.13665, 1258381.0], [0.13664, 700868.0], [0.13663, 268390.0], [0.13662, 691494.0], [0.13661, 482112.0], [0.1366, 921003.0]], "asks": [[0.1368, 206810.0], [0.13681, 159689.0], [0.13682, 237857.0], [0.13683, 343061.0], [0.13684, 751223.0], [0.13685, 640862.0], [0.13686, 738163.0], [0.13687, 566180.0], [0.13688, 475797.0], [0.13689, 846810.0], [0.1369, 745816.0], [0.13691, 1135585.0], [0.13692, 723141.0], [0.13693, 888536.0], [0.13694, 1134662.0], [0.13695, 598461.0], [0.13696, 970283.0], [0.13697, 644143.0], [0.13698, 1503745.0], [0.13699, 1150543.0]], "timestamp": "2025-12-15T09:24:42.657901+00:00"}, {"symbol": "DOGEUSDT", "bids": [[0.1369, 305317.0], [0.13689, 332763.0], [0.13688, 522979.0], [0.13687, 777409.0], [0.13686, 956824.0], [0.13685, 745941.0], [0.13684, 1215452.0], [0.13683, 873482.0], [0.13682, 831573.0], [0.13681, 1580493.0], [0.1368, 783328.0], [0.13679, 490205.0], [0.13678, 377937.0], [0.13677, 784454.0], [0.13676, 514973.0], [0.13675, 413131.0], [0.13674, 1258745.0], [0.13673, 807144.0], [0.13672, 571115.0], [0.13671, 728424.0]], "asks": [[0.13691, 22704.0], [0.13692, 117195.0], [0.13693, 139610.0], [0.13694, 254034.0], [0.13695, 484039.0], [0.13696, 539930.0], [0.13697, 827322.0], [0.13698, 719612.0], [0.13699, 776189.0], [0.137, 798977.0], [0.13701, 376520.0], [0.13702, 713859.0], [0.13703, 1593499.0], [0.13704, 432014.0], [0.13705, 898048.0], [0.13706, 487972.0], [0.13707, 1938018.0], [0.13708, 803174.0], [0.13709, 597799.0], [0.1371, 505472.0]], "timestamp": "2025-12-15T09:25:36.732850+00:00"}, {"symbol": "DOGEUSDT", "bids": [[0.13692, 172182.0], [0.13691, 322722.0], [0.1369, 1203237.0], [0.13689, 501222.0], [0.13688, 847003.0], [0.13687, 702511.0], [0.13686, 799282.0], [0.13685, 677015.0], [0.13684, 972491.0], [0.13683, 1568208.0], [0.13682, 262018.0], [0.13681, 665311.0], [0.1368, 728630.0], [0.13679, 548455.0], [0.13678, 1126256.0], [0.13677, 877125.0], [0.13676, 531087.0], [0.13675, 418822.0], [0.13674, 908431.0], [0.13673, 694844.0]], "asks": [[0.13693, 237718.0], [0.13694, 272296.0], [0.13695, 305393.0], [0.13696, 160818.0], [0.13697, 447340.0], [0.13698, 906235.0], [0.13699, 885358.0], [0.137, 751593.0], [0.13701, 457584.0], [0.13702, 744855.0], [0.13703, 809586.0], [0.13704, 1202104.0], [0.13705, 693002.0], [0.13706, 554300.0], [0.13707, 1023534.0], [0.13708, 684387.0], [0.13709, 651863.0], [0.1371, 529696.0], [0.13711, 1197760.0], [0.13712, 796302.0]], "timestamp": "2025-12-15T09:26:30.747415+00:00"}, {"symbol": "DOGEUSDT", "bids": [[0.13688, 287035.0], [0.13687, 244938.0], [0.13686, 435772.0], [0.13685, 743399.0], [0.13684, 605181.0], [0.13683, 516013.0], [0.13682, 375580.0], [0.13681, 653334.0], [0.1368, 993904.0], [0.13679, 1507519.0], [0.13678, 643737.0], [0.13677, 1385869.0], [0.13676, 1180848.0], [0.13675, 331718.0], [0.13674, 797647.0], [0.13673, 694164.0], [0.13672, 527042.0], [0.13671, 1331657.0], [0.1367, 1055133.0], [0.13669, 714872.0]], "asks": [[0.13689, 162466.0], [0.1369, 353512.0], [0.13691, 467399.0], [0.13692, 420651.0], [0.13693, 849082.0], [0.13694, 817751.0], [0.13695, 1096846.0], [0.13696, 959322.0], [0.13697, 635467.0], [0.13698, 600236.0], [0.13699, 1071327.0], [0.137, 918771.0], [0.13701, 1413226.0], [0.13702, 712443.0], [0.13703, 764364.0], [0.13704, 669850.0], [0.13705, 806362.0], [0.13706, 343666.0], [0.13707, 604130.0], [0.13708, 585095.0]], "timestamp": "2025-12-15T09:27:24.815428+00:00"}, {"symbol": "DOGEUSDT", "bids": [[0.13688, 1039215.0], [0.13687, 122251.0], [0.13686, 240281.0], [0.13685, 601684.0], [0.13684, 769325.0], [0.13683, 576061.0], [0.13682, 367638.0], [0.13681, 694997.0], [0.1368, 755802.0], [0.13679, 631541.0], [0.13678, 640618.0], [0.13677, 2295061.0], [0.13676, 544750.0], [0.13675, 320233.0], [0.13674, 782549.0], [0.13673, 714456.0], [0.13672, 482403.0], [0.13671, 900514.0], [0.1367, 1862906.0], [0.13669, 717058.0]], "asks": [[0.13689, 459202.0], [0.1369, 257730.0], [0.13691, 287452.0], [0.13692, 452355.0], [0.13693, 826733.0], [0.13694, 987110.0], [0.13695, 930795.0], [0.13696, 949131.0], [0.13697, 552252.0], [0.13698, 693396.0], [0.13699, 1228301.0], [0.137, 1916329.0], [0.13701, 539748.0], [0.13702, 734002.0], [0.13703, 990488.0], [0.13704, 1051987.0], [0.13705, 714296.0], [0.13706, 341525.0], [0.13707, 594376.0], [0.13708, 780477.0]], "timestamp": "2025-12-15T09:28:18.401842+00:00"}, {"symbol": "DOGEUSDT", "bids": [[0.13692, 97210.0], [0.13691, 159600.0], [0.1369, 672554.0], [0.13689, 259179.0], [0.13688, 971526.0], [0.13687, 597668.0], [0.13686, 321000.0], [0.13685, 463778.0], [0.13684, 689543.0], [0.13683, 454534.0], [0.13682, 296441.0], [0.13681, 1492386.0], [0.1368, 702139.0], [0.13679, 1001547.0], [0.13678, 690242.0], [0.13677, 698218.0], [0.13676, 406440.0], [0.13675, 275906.0], [0.13674, 858861.0], [0.13673, 654737.0]], "asks": [[0.13693, 348141.0], [0.13694, 396566.0], [0.13695, 201608.0], [0.13696, 417129.0], [0.13697, 798683.0], [0.13698, 479889.0], [0.13699, 1046878.0], [0.137, 706294.0], [0.13701, 822066.0], [0.13702, 640481.0], [0.13703, 722250.0], [0.13704, 1691015.0], [0.13705, 353399.0], [0.13706, 445506.0], [0.13707, 642604.0], [0.13708, 150796.0], [0.13709, 542721.0], [0.1371, 856923.0], [0.13711, 865944.0], [0.13712, 1069982.0]], "timestamp": "2025-12-15T09:29:12.233991+00:00"}, {"symbol": "DOGEUSDT", "bids": [[0.13704, 264835.0], [0.13703, 1034839.0], [0.13702, 369872.0], [0.13701, 609836.0], [0.137, 804992.0], [0.13699, 542943.0], [0.13698, 734409.0], [0.13697, 747495.0], [0.13696, 877930.0], [0.13695, 1098277.0], [0.13694, 756836.0], [0.13693, 1529121.0], [0.13692, 770398.0], [0.13691, 461244.0], [0.1369, 1257701.0], [0.13689, 629425.0], [0.13688, 835837.0], [0.13687, 447391.0], [0.13686, 531846.0], [0.13685, 375925.0]], "asks": [[0.13705, 476254.0], [0.13706, 445844.0], [0.13707, 155868.0], [0.13708, 203121.0], [0.13709, 533055.0], [0.1371, 978054.0], [0.13711, 890971.0], [0.13712, 689760.0], [0.13713, 863603.0], [0.13714, 612738.0], [0.13715, 993757.0], [0.13716, 905820.0], [0.13717, 482586.0], [0.13718, 328524.0], [0.13719, 818796.0], [0.1372, 554192.0], [0.13721, 852682.0], [0.13722, 435819.0], [0.13723, 808607.0], [0.13724, 650604.0]], "timestamp": "2025-12-15T09:30:06.097411+00:00"}, {"symbol": "DOGEUSDT", "bids": [[0.13687, 91389.0], [0.13686, 1245899.0], [0.13685, 460651.0], [0.13684, 864680.0], [0.13683, 1110356.0], [0.13682, 299787.0], [0.13681, 689104.0], [0.1368, 966995.0], [0.13679, 545654.0], [0.13678, 760405.0], [0.13677, 1855368.0], [0.13676, 539987.0], [0.13675, 885191.0], [0.13674, 774526.0], [0.13673, 732170.0], [0.13672, 1198325.0], [0.13671, 775902.0], [0.1367, 1467565.0], [0.13669, 2012719.0], [0.13668, 1291585.0]], "asks": [[0.13688, 402065.0], [0.13689, 244538.0], [0.1369, 313367.0], [0.13691, 292945.0], [0.13692, 547427.0], [0.13693, 629584.0], [0.13694, 595271.0], [0.13695, 826758.0], [0.13696, 658948.0], [0.13697, 625715.0], [0.13698, 635644.0], [0.13699, 773249.0], [0.137, 319017.0], [0.13701, 501721.0], [0.13702, 621336.0], [0.13703, 570955.0], [0.13704, 302675.0], [0.13705, 497714.0], [0.13706, 532712.0], [0.13707, 772615.0]], "timestamp": "2025-12-15T09:30:59.653114+00:00"}, {"symbol": "DOGEUSDT", "bids": [[0.13696, 670397.0], [0.13695, 1586131.0], [0.13694, 736293.0], [0.13693, 1072086.0], [0.13692, 1710039.0], [0.13691, 770894.0], [0.1369, 993156.0], [0.13689, 851537.0], [0.13688, 1284697.0], [0.13687, 644509.0], [0.13686, 436933.0], [0.13685, 378392.0], [0.13684, 1231834.0], [0.13683, 501169.0], [0.13682, 441354.0], [0.13681, 652373.0], [0.1368, 881887.0], [0.13679, 700306.0], [0.13678, 480159.0], [0.13677, 882535.0]], "asks": [[0.13697, 83973.0], [0.13698, 97186.0], [0.13699, 101592.0], [0.137, 375266.0], [0.13701, 354168.0], [0.13702, 750745.0], [0.13703, 826339.0], [0.13704, 495365.0], [0.13705, 584676.0], [0.13706, 554361.0], [0.13707, 715678.0], [0.13708, 318561.0], [0.13709, 536650.0], [0.1371, 429409.0], [0.13711, 594735.0], [0.13712, 748457.0], [0.13713, 347576.0], [0.13714, 581800.0], [0.13715, 1933355.0], [0.13716, 1227319.0]], "timestamp": "2025-12-15T09:31:53.106719+00:00"}, {"symbol": "DOGEUSDT", "bids": [[0.13695, 47337.0], [0.13694, 73658.0], [0.13693, 1576106.0], [0.13692, 679800.0], [0.13691, 1094448.0], [0.1369, 1019101.0], [0.13689, 378575.0], [0.13688, 674818.0], [0.13687, 744140.0], [0.13686, 1044067.0], [0.13685, 552314.0], [0.13684, 798056.0], [0.13683, 819273.0], [0.13682, 771664.0], [0.13681, 591618.0], [0.1368, 1016203.0], [0.13679, 648168.0], [0.13678, 345704.0], [0.13677, 900215.0], [0.13676, 1710135.0]], "asks": [[0.13696, 309434.0], [0.13697, 233898.0], [0.13698, 307367.0], [0.13699, 352889.0], [0.137, 565309.0], [0.13701, 699884.0], [0.13702, 724884.0], [0.13703, 757425.0], [0.13704, 403725.0], [0.13705, 496583.0], [0.13706, 599507.0], [0.13707, 603048.0], [0.13708, 361171.0], [0.13709, 433768.0], [0.1371, 552708.0], [0.13711, 1332169.0], [0.13712, 468348.0], [0.13713, 284779.0], [0.13714, 566844.0], [0.13715, 833630.0]], "timestamp": "2025-12-15T09:32:46.662686+00:00"}, {"symbol": "DOGEUSDT", "bids": [[0.13682, 136371.0], [0.13681, 135737.0], [0.1368, 1117779.0], [0.13679, 391787.0], [0.13678, 1395151.0], [0.13677, 672739.0], [0.13676, 637314.0], [0.13675, 453061.0], [0.13674, 864453.0], [0.13673, 1374721.0], [0.13672, 741432.0], [0.13671, 737695.0], [0.1367, 417452.0], [0.13669, 531464.0], [0.13668, 597018.0], [0.13667, 606925.0], [0.13666, 710040.0], [0.13665, 798398.0], [0.13664, 1311028.0], [0.13663, 628204.0]], "asks": [[0.13683, 364477.0], [0.13684, 194565.0], [0.13685, 357362.0], [0.13686, 429344.0], [0.13687, 611474.0], [0.13688, 426110.0], [0.13689, 834927.0], [0.1369, 839114.0], [0.13691, 872371.0], [0.13692, 589022.0], [0.13693, 456671.0], [0.13694, 637057.0], [0.13695, 485743.0], [0.13696, 368246.0], [0.13697, 445900.0], [0.13698, 330100.0], [0.13699, 682209.0], [0.137, 753662.0], [0.13701, 347937.0], [0.13702, 1002431.0]], "timestamp": "2025-12-15T09:33:40.525809+00:00"}, {"symbol": "DOGEUSDT", "bids": [[0.13681, 261238.0], [0.1368, 1199142.0], [0.13679, 343436.0], [0.13678, 773164.0], [0.13677, 1632466.0], [0.13676, 488122.0], [0.13675, 488757.0], [0.13674, 982067.0], [0.13673, 466484.0], [0.13672, 741624.0], [0.13671, 790724.0], [0.1367, 497035.0], [0.13669, 637330.0], [0.13668, 762945.0], [0.13667, 895212.0], [0.13666, 882301.0], [0.13665, 477796.0], [0.13664, 583582.0], [0.13663, 547417.0], [0.13662, 492750.0]], "asks": [[0.13682, 116688.0], [0.13683, 157195.0], [0.13684, 388419.0], [0.13685, 359929.0], [0.13686, 594533.0], [0.13687, 1071828.0], [0.13688, 505026.0], [0.13689, 581767.0], [0.1369, 602186.0], [0.13691, 847204.0], [0.13692, 491760.0], [0.13693, 429057.0], [0.13694, 496381.0], [0.13695, 443416.0], [0.13696, 383013.0], [0.13697, 790804.0], [0.13698, 728396.0], [0.13699, 687485.0], [0.137, 671917.0], [0.13701, 453395.0]], "timestamp": "2025-12-15T09:34:34.491038+00:00"}, {"symbol": "DOGEUSDT", "bids": [[0.13685, 439648.0], [0.13684, 569844.0], [0.13683, 1326898.0], [0.13682, 716167.0], [0.13681, 1253729.0], [0.1368, 1205047.0], [0.13679, 556234.0], [0.13678, 652716.0], [0.13677, 718871.0], [0.13676, 553901.0], [0.13675, 369908.0], [0.13674, 785598.0], [0.13673, 589837.0], [0.13672, 1228048.0], [0.13671, 956660.0], [0.1367, 414433.0], [0.13669, 467609.0], [0.13668, 703463.0], [0.13667, 460641.0], [0.13666, 879060.0]], "asks": [[0.13686, 115014.0], [0.13687, 273028.0], [0.13688, 249499.0], [0.13689, 434701.0], [0.1369, 603161.0], [0.13691, 597002.0], [0.13692, 387501.0], [0.13693, 536689.0], [0.13694, 474429.0], [0.13695, 611847.0], [0.13696, 591088.0], [0.13697, 552879.0], [0.13698, 586952.0], [0.13699, 631656.0], [0.137, 665441.0], [0.13701, 411178.0], [0.13702, 1124912.0], [0.13703, 1038471.0], [0.13704, 629247.0], [0.13705, 1054992.0]], "timestamp": "2025-12-15T09:35:28.047108+00:00"}, {"symbol": "DOGEUSDT", "bids": [[0.13688, 252743.0], [0.13687, 857032.0], [0.13686, 785218.0], [0.13685, 610561.0], [0.13684, 1359948.0], [0.13683, 1032773.0], [0.13682, 643329.0], [0.13681, 680510.0], [0.1368, 1073126.0], [0.13679, 437928.0], [0.13678, 410382.0], [0.13677, 691160.0], [0.13676, 943430.0], [0.13675, 513866.0], [0.13674, 730899.0], [0.13673, 483843.0], [0.13672, 808438.0], [0.13671, 993074.0], [0.1367, 633523.0], [0.13669, 1356615.0]], "asks": [[0.13689, 66406.0], [0.1369, 208623.0], [0.13691, 303378.0], [0.13692, 389740.0], [0.13693, 654770.0], [0.13694, 486272.0], [0.13695, 767910.0], [0.13696, 722471.0], [0.13697, 585054.0], [0.13698, 458424.0], [0.13699, 721102.0], [0.137, 764451.0], [0.13701, 344293.0], [0.13702, 628356.0], [0.13703, 793817.0], [0.13704, 350991.0], [0.13705, 506798.0], [0.13706, 906646.0], [0.13707, 847767.0], [0.13708, 446498.0]], "timestamp": "2025-12-15T09:36:21.487730+00:00"}, {"symbol": "DOGEUSDT", "bids": [[0.13684, 193227.0], [0.13683, 743659.0], [0.13682, 525673.0], [0.13681, 903456.0], [0.1368, 1189982.0], [0.13679, 527440.0], [0.13678, 884287.0], [0.13677, 403315.0], [0.13676, 562447.0], [0.13675, 479275.0], [0.13674, 861928.0], [0.13673, 507355.0], [0.13672, 940096.0], [0.13671, 772215.0], [0.1367, 492247.0], [0.13669, 789063.0], [0.13668, 450502.0], [0.13667, 276909.0], [0.13666, 1079247.0], [0.13665, 603507.0]], "asks": [[0.13685, 90061.0], [0.13686, 200903.0], [0.13687, 292435.0], [0.13688, 642429.0], [0.13689, 479697.0], [0.1369, 1041096.0], [0.13691, 676186.0], [0.13692, 584377.0], [0.13693, 568109.0], [0.13694, 555260.0], [0.13695, 654154.0], [0.13696, 520855.0], [0.13697, 656401.0], [0.13698, 318063.0], [0.13699, 757057.0], [0.137, 860649.0], [0.13701, 571092.0], [0.13702, 911899.0], [0.13703, 750849.0], [0.13704, 294475.0]], "timestamp": "2025-12-15T09:37:15.261322+00:00"}, {"symbol": "DOGEUSDT", "bids": [[0.13687, 762409.0], [0.13686, 466355.0], [0.13685, 1000084.0], [0.13684, 1227424.0], [0.13683, 1058911.0], [0.13682, 581831.0], [0.13681, 869060.0], [0.1368, 813215.0], [0.13679, 451110.0], [0.13678, 648562.0], [0.13677, 480847.0], [0.13676, 508284.0], [0.13675, 514811.0], [0.13674, 1173418.0], [0.13673, 457684.0], [0.13672, 731787.0], [0.13671, 1125748.0], [0.1367, 343470.0], [0.13669, 521576.0], [0.13668, 598759.0]], "asks": [[0.13688, 130654.0], [0.13689, 105429.0], [0.1369, 276266.0], [0.13691, 300434.0], [0.13692, 951849.0], [0.13693, 626847.0], [0.13694, 573317.0], [0.13695, 707037.0], [0.13696, 544276.0], [0.13697, 623894.0], [0.13698, 466453.0], [0.13699, 847780.0], [0.137, 966121.0], [0.13701, 624402.0], [0.13702, 850777.0], [0.13703, 753640.0], [0.13704, 284996.0], [0.13705, 675968.0], [0.13706, 1393128.0], [0.13707, 588174.0]], "timestamp": "2025-12-15T09:38:09.188700+00:00"}, {"symbol": "DOGEUSDT", "bids": [[0.13685, 299919.0], [0.13684, 338161.0], [0.13683, 589434.0], [0.13682, 551527.0], [0.13681, 1538554.0], [0.1368, 900829.0], [0.13679, 621329.0], [0.13678, 633170.0], [0.13677, 610213.0], [0.13676, 603182.0], [0.13675, 563372.0], [0.13674, 1242133.0], [0.13673, 342627.0], [0.13672, 722415.0], [0.13671, 1241544.0], [0.1367, 347838.0], [0.13669, 471203.0], [0.13668, 685912.0], [0.13667, 977805.0], [0.13666, 966788.0]], "asks": [[0.13686, 79642.0], [0.13687, 133366.0], [0.13688, 280455.0], [0.13689, 406700.0], [0.1369, 818204.0], [0.13691, 932214.0], [0.13692, 752890.0], [0.13693, 599697.0], [0.13694, 622361.0], [0.13695, 800710.0], [0.13696, 549249.0], [0.13697, 643836.0], [0.13698, 454794.0], [0.13699, 823316.0], [0.137, 814628.0], [0.13701, 586464.0], [0.13702, 983594.0], [0.13703, 750851.0], [0.13704, 313818.0], [0.13705, 706493.0]], "timestamp": "2025-12-15T09:39:02.987386+00:00"}, {"symbol": "DOGEUSDT", "bids": [[0.13686, 384469.0], [0.13685, 555612.0], [0.13684, 810704.0], [0.13683, 803292.0], [0.13682, 1027793.0], [0.13681, 878587.0], [0.1368, 1101528.0], [0.13679, 375861.0], [0.13678, 515749.0], [0.13677, 540345.0], [0.13676, 651053.0], [0.13675, 486417.0], [0.13674, 1237763.0], [0.13673, 374988.0], [0.13672, 812098.0], [0.13671, 1128322.0], [0.1367, 336817.0], [0.13669, 458499.0], [0.13668, 556533.0], [0.13667, 1112245.0]], "asks": [[0.13687, 4126.0], [0.13688, 204753.0], [0.13689, 320064.0], [0.1369, 652894.0], [0.13691, 1070542.0], [0.13692, 657088.0], [0.13693, 537418.0], [0.13694, 609496.0], [0.13695, 676030.0], [0.13696, 534642.0], [0.13697, 767012.0], [0.13698, 469696.0], [0.13699, 926436.0], [0.137, 799887.0], [0.13701, 578389.0], [0.13702, 874155.0], [0.13703, 844311.0], [0.13704, 286100.0], [0.13705, 695408.0], [0.13706, 1412243.0]], "timestamp": "2025-12-15T09:39:56.748190+00:00"}, {"symbol": "DOGEUSDT", "bids": [[0.13689, 109374.0], [0.13688, 283627.0], [0.13687, 450453.0], [0.13686, 595398.0], [0.13685, 1000790.0], [0.13684, 882676.0], [0.13683, 922208.0], [0.13682, 590513.0], [0.13681, 767319.0], [0.1368, 964549.0], [0.13679, 258118.0], [0.13678, 628808.0], [0.13677, 713711.0], [0.13676, 689938.0], [0.13675, 745138.0], [0.13674, 1147964.0], [0.13673, 382658.0], [0.13672, 684456.0], [0.13671, 1252735.0], [0.1367, 327812.0]], "asks": [[0.1369, 267672.0], [0.13691, 245979.0], [0.13692, 467644.0], [0.13693, 502335.0], [0.13694, 697118.0], [0.13695, 791861.0], [0.13696, 716470.0], [0.13697, 680414.0], [0.13698, 423481.0], [0.13699, 825985.0], [0.137, 831513.0], [0.13701, 479591.0], [0.13702, 664538.0], [0.13703, 551541.0], [0.13704, 308617.0], [0.13705, 693797.0], [0.13706, 1136012.0], [0.13707, 710552.0], [0.13708, 1048745.0], [0.13709, 477144.0]], "timestamp": "2025-12-15T09:40:50.508626+00:00"}, {"symbol": "DOGEUSDT", "bids": [[0.13686, 122594.0], [0.13685, 266535.0], [0.13684, 336550.0], [0.13683, 835562.0], [0.13682, 1155726.0], [0.13681, 910305.0], [0.1368, 993760.0], [0.13679, 340228.0], [0.13678, 592080.0], [0.13677, 660467.0], [0.13676, 679320.0], [0.13675, 799258.0], [0.13674, 1260574.0], [0.13673, 404303.0], [0.13672, 684456.0], [0.13671, 1136755.0], [0.1367, 321362.0], [0.13669, 468020.0], [0.13668, 579603.0], [0.13667, 1318104.0]], "asks": [[0.13687, 369417.0], [0.13688, 292186.0], [0.13689, 442125.0], [0.1369, 607296.0], [0.13691, 1057866.0], [0.13692, 698284.0], [0.13693, 664624.0], [0.13694, 555049.0], [0.13695, 624630.0], [0.13696, 634551.0], [0.13697, 678413.0], [0.13698, 427056.0], [0.13699, 778136.0], [0.137, 811277.0], [0.13701, 355118.0], [0.13702, 509333.0], [0.13703, 555344.0], [0.13704, 392083.0], [0.13705, 1343865.0], [0.13706, 1121836.0]], "timestamp": "2025-12-15T09:41:44.371775+00:00"}, {"symbol": "DOGEUSDT", "bids": [[0.1368, 271794.0], [0.13679, 293750.0], [0.13678, 557899.0], [0.13677, 852384.0], [0.13676, 1064888.0], [0.13675, 679241.0], [0.13674, 860371.0], [0.13673, 433437.0], [0.13672, 613594.0], [0.13671, 869066.0], [0.1367, 894646.0], [0.13669, 585015.0], [0.13668, 627130.0], [0.13667, 585707.0], [0.13666, 882516.0], [0.13665, 424673.0], [0.13664, 607120.0], [0.13663, 481681.0], [0.13662, 737958.0], [0.13661, 2472525.0]], "asks": [[0.13681, 69915.0], [0.13682, 159697.0], [0.13683, 392533.0], [0.13684, 541855.0], [0.13685, 657130.0], [0.13686, 549349.0], [0.13687, 1150454.0], [0.13688, 653276.0], [0.13689, 510356.0], [0.1369, 734035.0], [0.13691, 610384.0], [0.13692, 437106.0], [0.13693, 473307.0], [0.13694, 401526.0], [0.13695, 498989.0], [0.13696, 545903.0], [0.13697, 893471.0], [0.13698, 763448.0], [0.13699, 797071.0], [0.137, 1123283.0]], "timestamp": "2025-12-15T09:42:38.171398+00:00"}, {"symbol": "DOGEUSDT", "bids": [[0.13682, 180430.0], [0.13681, 195462.0], [0.1368, 473354.0], [0.13679, 222430.0], [0.13678, 971609.0], [0.13677, 810206.0], [0.13676, 567284.0], [0.13675, 356295.0], [0.13674, 749649.0], [0.13673, 410097.0], [0.13672, 538934.0], [0.13671, 839700.0], [0.1367, 784736.0], [0.13669, 503013.0], [0.13668, 509726.0], [0.13667, 455866.0], [0.13666, 849026.0], [0.13665, 302086.0], [0.13664, 537469.0], [0.13663, 442304.0]], "asks": [[0.13683, 264810.0], [0.13684, 207117.0], [0.13685, 365295.0], [0.13686, 473570.0], [0.13687, 931672.0], [0.13688, 498372.0], [0.13689, 426582.0], [0.1369, 798288.0], [0.13691, 578423.0], [0.13692, 382603.0], [0.13693, 398045.0], [0.13694, 404325.0], [0.13695, 547415.0], [0.13696, 439019.0], [0.13697, 818162.0], [0.13698, 551351.0], [0.13699, 664688.0], [0.137, 1178947.0], [0.13701, 499753.0], [0.13702, 1352445.0]], "timestamp": "2025-12-15T09:43:31.688312+00:00"}, {"symbol": "DOGEUSDT", "bids": [[0.13681, 540425.0], [0.1368, 453378.0], [0.13679, 528174.0], [0.13678, 773866.0], [0.13677, 1030469.0], [0.13676, 767323.0], [0.13675, 620603.0], [0.13674, 360563.0], [0.13673, 445074.0], [0.13672, 931008.0], [0.13671, 655262.0], [0.1367, 827769.0], [0.13669, 673723.0], [0.13668, 641655.0], [0.13667, 451699.0], [0.13666, 749591.0], [0.13665, 626437.0], [0.13664, 749507.0], [0.13663, 446273.0], [0.13662, 976601.0]], "asks": [[0.13682, 46679.0], [0.13683, 244961.0], [0.13684, 222216.0], [0.13685, 483961.0], [0.13686, 652809.0], [0.13687, 1225869.0], [0.13688, 547429.0], [0.13689, 604906.0], [0.1369, 767647.0], [0.13691, 553863.0], [0.13692, 445762.0], [0.13693, 427906.0], [0.13694, 500067.0], [0.13695, 521136.0], [0.13696, 510901.0], [0.13697, 931577.0], [0.13698, 783670.0], [0.13699, 830083.0], [0.137, 1230957.0], [0.13701, 1179582.0]], "timestamp": "2025-12-15T09:44:25.244348+00:00"}, {"symbol": "DOGEUSDT", "bids": [[0.13683, 17233.0], [0.13682, 65036.0], [0.13681, 290820.0], [0.1368, 457839.0], [0.13679, 1410331.0], [0.13678, 526929.0], [0.13677, 403394.0], [0.13676, 860104.0], [0.13675, 595407.0], [0.13674, 438393.0], [0.13673, 758362.0], [0.13672, 1134267.0], [0.13671, 531407.0], [0.1367, 942685.0], [0.13669, 583624.0], [0.13668, 702209.0], [0.13667, 431162.0], [0.13666, 805630.0], [0.13665, 639891.0], [0.13664, 619988.0]], "asks": [[0.13684, 444237.0], [0.13685, 278984.0], [0.13686, 433666.0], [0.13687, 512087.0], [0.13688, 840707.0], [0.13689, 560430.0], [0.1369, 836773.0], [0.13691, 516450.0], [0.13692, 453930.0], [0.13693, 460213.0], [0.13694, 537345.0], [0.13695, 654961.0], [0.13696, 594850.0], [0.13697, 481696.0], [0.13698, 524870.0], [0.13699, 716093.0], [0.137, 973057.0], [0.13701, 952497.0], [0.13702, 936133.0], [0.13703, 606068.0]], "timestamp": "2025-12-15T09:45:19.209744+00:00"}, {"symbol": "DOGEUSDT", "bids": [[0.1368, 118833.0], [0.13679, 171546.0], [0.13678, 364087.0], [0.13677, 573941.0], [0.13676, 1346719.0], [0.13675, 898505.0], [0.13674, 281951.0], [0.13673, 484573.0], [0.13672, 918231.0], [0.13671, 499509.0], [0.1367, 693715.0], [0.13669, 955283.0], [0.13668, 1200907.0], [0.13667, 256484.0], [0.13666, 919733.0], [0.13665, 528080.0], [0.13664, 677273.0], [0.13663, 491189.0], [0.13662, 773408.0], [0.13661, 2249468.0]], "asks": [[0.13681, 522400.0], [0.13682, 609026.0], [0.13683, 388759.0], [0.13684, 152491.0], [0.13685, 369624.0], [0.13686, 497878.0], [0.13687, 999526.0], [0.13688, 588319.0], [0.13689, 494588.0], [0.1369, 741227.0], [0.13691, 510071.0], [0.13692, 383491.0], [0.13693, 658123.0], [0.13694, 613791.0], [0.13695, 802183.0], [0.13696, 671905.0], [0.13697, 722046.0], [0.13698, 495582.0], [0.13699, 599912.0], [0.137, 932993.0]], "timestamp": "2025-12-15T09:46:13.072963+00:00"}, {"symbol": "DOGEUSDT", "bids": [[0.13679, 404363.0], [0.13678, 504065.0], [0.13677, 601242.0], [0.13676, 562926.0], [0.13675, 1309920.0], [0.13674, 480834.0], [0.13673, 403624.0], [0.13672, 1098063.0], [0.13671, 382443.0], [0.1367, 968154.0], [0.13669, 786257.0], [0.13668, 912135.0], [0.13667, 270740.0], [0.13666, 665450.0], [0.13665, 504711.0], [0.13664, 636225.0], [0.13663, 651366.0], [0.13662, 1170503.0], [0.13661, 698782.0], [0.1366, 487886.0]], "asks": [[0.1368, 19278.0], [0.13681, 258548.0], [0.13682, 385397.0], [0.13683, 495871.0], [0.13684, 652533.0], [0.13685, 598444.0], [0.13686, 423424.0], [0.13687, 993307.0], [0.13688, 327316.0], [0.13689, 464549.0], [0.1369, 892993.0], [0.13691, 551128.0], [0.13692, 335380.0], [0.13693, 545509.0], [0.13694, 932665.0], [0.13695, 856090.0], [0.13696, 687510.0], [0.13697, 891354.0], [0.13698, 867637.0], [0.13699, 595210.0]], "timestamp": "2025-12-15T09:47:06.526410+00:00"}, {"symbol": "DOGEUSDT", "bids": [[0.13682, 225235.0], [0.13681, 220523.0], [0.1368, 216605.0], [0.13679, 604871.0], [0.13678, 1229725.0], [0.13677, 488600.0], [0.13676, 1005812.0], [0.13675, 935332.0], [0.13674, 281993.0], [0.13673, 461003.0], [0.13672, 1170482.0], [0.13671, 534884.0], [0.1367, 582438.0], [0.13669, 976634.0], [0.13668, 1263217.0], [0.13667, 246284.0], [0.13666, 991250.0], [0.13665, 271399.0], [0.13664, 645923.0], [0.13663, 1183430.0]], "asks": [[0.13683, 136893.0], [0.13684, 198365.0], [0.13685, 292817.0], [0.13686, 353806.0], [0.13687, 984021.0], [0.13688, 663624.0], [0.13689, 577726.0], [0.1369, 1000734.0], [0.13691, 465671.0], [0.13692, 341570.0], [0.13693, 613185.0], [0.13694, 667293.0], [0.13695, 795565.0], [0.13696, 522212.0], [0.13697, 709714.0], [0.13698, 542279.0], [0.13699, 676359.0], [0.137, 1364677.0], [0.13701, 447712.0], [0.13702, 1151213.0]], "timestamp": "2025-12-15T09:48:00.389921+00:00"}, {"symbol": "DOGEUSDT", "bids": [[0.13677, 55857.0], [0.13676, 286614.0], [0.13675, 294995.0], [0.13674, 492407.0], [0.13673, 1175558.0], [0.13672, 1008350.0], [0.13671, 318748.0], [0.1367, 531268.0], [0.13669, 887843.0], [0.13668, 1177582.0], [0.13667, 325904.0], [0.13666, 877437.0], [0.13665, 504918.0], [0.13664, 531495.0], [0.13663, 524529.0], [0.13662, 872623.0], [0.13661, 685742.0], [0.1366, 523134.0], [0.13659, 427935.0], [0.13658, 1235798.0]], "asks": [[0.13678, 153450.0], [0.13679, 371830.0], [0.1368, 404626.0], [0.13681, 704952.0], [0.13682, 542565.0], [0.13683, 814254.0], [0.13684, 948268.0], [0.13685, 452560.0], [0.13686, 373976.0], [0.13687, 1027689.0], [0.13688, 338594.0], [0.13689, 437776.0], [0.1369, 903510.0], [0.13691, 403138.0], [0.13692, 258850.0], [0.13693, 819247.0], [0.13694, 577911.0], [0.13695, 681940.0], [0.13696, 847631.0], [0.13697, 1450490.0]], "timestamp": "2025-12-15T09:48:53.842546+00:00"}, {"symbol": "DOGEUSDT", "bids": [[0.1368, 321644.0], [0.13679, 302958.0], [0.13678, 656489.0], [0.13677, 615991.0], [0.13676, 1046562.0], [0.13675, 847241.0], [0.13674, 431721.0], [0.13673, 597915.0], [0.13672, 753550.0], [0.13671, 466290.0], [0.1367, 721394.0], [0.13669, 955055.0], [0.13668, 1172832.0], [0.13667, 356036.0], [0.13666, 641194.0], [0.13665, 404760.0], [0.13664, 547961.0], [0.13663, 526886.0], [0.13662, 752073.0], [0.13661, 726457.0]], "asks": [[0.13681, 88946.0], [0.13682, 207655.0], [0.13683, 347067.0], [0.13684, 323587.0], [0.13685, 615234.0], [0.13686, 709349.0], [0.13687, 1167200.0], [0.13688, 477961.0], [0.13689, 637181.0], [0.1369, 957231.0], [0.13691, 619569.0], [0.13692, 495375.0], [0.13693, 701611.0], [0.13694, 639919.0], [0.13695, 735239.0], [0.13696, 697887.0], [0.13697, 967454.0], [0.13698, 809328.0], [0.13699, 818736.0], [0.137, 1473910.0]], "timestamp": "2025-12-15T09:49:49.464333+00:00"}, {"symbol": "DOGEUSDT", "bids": [[0.13688, 161800.0], [0.13687, 186291.0], [0.13686, 380066.0], [0.13685, 541806.0], [0.13684, 1666115.0], [0.13683, 427954.0], [0.13682, 420678.0], [0.13681, 915988.0], [0.1368, 750952.0], [0.13679, 442247.0], [0.13678, 809093.0], [0.13677, 269866.0], [0.13676, 654982.0], [0.13675, 742347.0], [0.13674, 601331.0], [0.13673, 1045225.0], [0.13672, 697519.0], [0.13671, 703933.0], [0.1367, 541355.0], [0.13669, 1517484.0]], "asks": [[0.13689, 416036.0], [0.1369, 189123.0], [0.13691, 275937.0], [0.13692, 408659.0], [0.13693, 975439.0], [0.13694, 1042098.0], [0.13695, 769331.0], [0.13696, 781786.0], [0.13697, 669885.0], [0.13698, 580063.0], [0.13699, 896607.0], [0.137, 867302.0], [0.13701, 413212.0], [0.13702, 549600.0], [0.13703, 743988.0], [0.13704, 878724.0], [0.13705, 787012.0], [0.13706, 1402381.0], [0.13707, 1122929.0], [0.13708, 937689.0]], "timestamp": "2025-12-15T09:50:43.309797+00:00"}, {"symbol": "DOGEUSDT", "bids": [[0.13694, 12823.0], [0.13693, 109689.0], [0.13692, 242224.0], [0.13691, 480957.0], [0.1369, 671137.0], [0.13689, 803979.0], [0.13688, 350987.0], [0.13687, 521447.0], [0.13686, 479044.0], [0.13685, 824974.0], [0.13684, 756339.0], [0.13683, 339412.0], [0.13682, 618120.0], [0.13681, 1140052.0], [0.1368, 993575.0], [0.13679, 1066756.0], [0.13678, 538282.0], [0.13677, 248604.0], [0.13676, 484450.0], [0.13675, 633001.0]], "asks": [[0.13695, 252375.0], [0.13696, 382366.0], [0.13697, 755904.0], [0.13698, 468335.0], [0.13699, 991577.0], [0.137, 818041.0], [0.13701, 1010792.0], [0.13702, 386546.0], [0.13703, 795716.0], [0.13704, 910588.0], [0.13705, 833018.0], [0.13706, 601585.0], [0.13707, 550549.0], [0.13708, 398195.0], [0.13709, 953175.0], [0.1371, 542162.0], [0.13711, 582100.0], [0.13712, 720749.0], [0.13713, 938270.0], [0.13714, 380316.0]], "timestamp": "2025-12-15T09:51:36.968112+00:00"}, {"symbol": "DOGEUSDT", "bids": [[0.13693, 34173.0], [0.13692, 34936.0], [0.13691, 292342.0], [0.1369, 552250.0], [0.13689, 598539.0], [0.13688, 352431.0], [0.13687, 596270.0], [0.13686, 872907.0], [0.13685, 689359.0], [0.13684, 746387.0], [0.13683, 393782.0], [0.13682, 301136.0], [0.13681, 550977.0], [0.1368, 1115988.0], [0.13679, 806996.0], [0.13678, 305221.0], [0.13677, 233720.0], [0.13676, 623507.0], [0.13675, 601394.0], [0.13674, 621649.0]], "asks": [[0.13694, 282778.0], [0.13695, 483268.0], [0.13696, 400827.0], [0.13697, 527669.0], [0.13698, 644483.0], [0.13699, 669773.0], [0.137, 758755.0], [0.13701, 744983.0], [0.13702, 341861.0], [0.13703, 527288.0], [0.13704, 682838.0], [0.13705, 731687.0], [0.13706, 790148.0], [0.13707, 653915.0], [0.13708, 790637.0], [0.13709, 1339379.0], [0.1371, 1229273.0], [0.13711, 583821.0], [0.13712, 1039081.0], [0.13713, 1148776.0]], "timestamp": "2025-12-15T09:52:30.626165+00:00"}, {"symbol": "DOGEUSDT", "bids": [[0.13706, 116643.0], [0.13705, 53196.0], [0.13704, 250542.0], [0.13703, 566950.0], [0.13702, 760643.0], [0.13701, 608126.0], [0.137, 738538.0], [0.13699, 517850.0], [0.13698, 441314.0], [0.13697, 715714.0], [0.13696, 608132.0], [0.13695, 442971.0], [0.13694, 813326.0], [0.13693, 1159160.0], [0.13692, 729985.0], [0.13691, 494476.0], [0.1369, 616343.0], [0.13689, 592548.0], [0.13688, 1107844.0], [0.13687, 1429593.0]], "asks": [[0.13707, 257634.0], [0.13708, 332724.0], [0.13709, 479661.0], [0.1371, 414655.0], [0.13711, 393035.0], [0.13712, 542593.0], [0.13713, 802938.0], [0.13714, 659247.0], [0.13715, 488602.0], [0.13716, 534474.0], [0.13717, 619220.0], [0.13718, 772641.0], [0.13719, 349601.0], [0.1372, 419310.0], [0.13721, 742164.0], [0.13722, 816876.0], [0.13723, 540391.0], [0.13724, 655497.0], [0.13725, 641662.0], [0.13726, 662855.0]], "timestamp": "2025-12-15T09:53:24.361958+00:00"}, {"symbol": "DOGEUSDT", "bids": [[0.13696, 161491.0], [0.13695, 237980.0], [0.13694, 372192.0], [0.13693, 447353.0], [0.13692, 903271.0], [0.13691, 713377.0], [0.1369, 873695.0], [0.13689, 868722.0], [0.13688, 594841.0], [0.13687, 691106.0], [0.13686, 650750.0], [0.13685, 800362.0], [0.13684, 783496.0], [0.13683, 925709.0], [0.13682, 326849.0], [0.13681, 552162.0], [0.1368, 970796.0], [0.13679, 796268.0], [0.13678, 311290.0], [0.13677, 420276.0]], "asks": [[0.13697, 80075.0], [0.13698, 384123.0], [0.13699, 348945.0], [0.137, 655430.0], [0.13701, 567337.0], [0.13702, 705745.0], [0.13703, 703053.0], [0.13704, 653358.0], [0.13705, 652223.0], [0.13706, 851928.0], [0.13707, 469585.0], [0.13708, 318626.0], [0.13709, 752623.0], [0.1371, 559217.0], [0.13711, 473910.0], [0.13712, 1031804.0], [0.13713, 1300808.0], [0.13714, 423935.0], [0.13715, 630821.0], [0.13716, 1066530.0]], "timestamp": "2025-12-15T09:54:18.044757+00:00"}, {"symbol": "DOGEUSDT", "bids": [[0.13702, 461468.0], [0.13701, 174304.0], [0.137, 270512.0], [0.13699, 421761.0], [0.13698, 1332295.0], [0.13697, 1038307.0], [0.13696, 714995.0], [0.13695, 781637.0], [0.13694, 466312.0], [0.13693, 738274.0], [0.13692, 600483.0], [0.13691, 725903.0], [0.1369, 823322.0], [0.13689, 1106683.0], [0.13688, 428052.0], [0.13687, 432869.0], [0.13686, 598556.0], [0.13685, 720195.0], [0.13684, 738082.0], [0.13683, 1484375.0]], "asks": [[0.13703, 95831.0], [0.13704, 374191.0], [0.13705, 318387.0], [0.13706, 479484.0], [0.13707, 594402.0], [0.13708, 327293.0], [0.13709, 990770.0], [0.1371, 640653.0], [0.13711, 345895.0], [0.13712, 677494.0], [0.13713, 829098.0], [0.13714, 512978.0], [0.13715, 633113.0], [0.13716, 599803.0], [0.13717, 646325.0], [0.13718, 917828.0], [0.13719, 558630.0], [0.1372, 715664.0], [0.13721, 873166.0], [0.13722, 621461.0]], "timestamp": "2025-12-15T09:55:13.136642+00:00"}, {"symbol": "DOGEUSDT", "bids": [[0.13703, 46875.0], [0.13702, 92240.0], [0.13701, 196712.0], [0.137, 351222.0], [0.13699, 991779.0], [0.13698, 641800.0], [0.13697, 856014.0], [0.13696, 790488.0], [0.13695, 778141.0], [0.13694, 462178.0], [0.13693, 848096.0], [0.13692, 544101.0], [0.13691, 752284.0], [0.1369, 838552.0], [0.13689, 1035072.0], [0.13688, 568536.0], [0.13687, 542863.0], [0.13686, 642636.0], [0.13685, 730090.0], [0.13684, 753364.0]], "asks": [[0.13704, 260474.0], [0.13705, 440972.0], [0.13706, 365359.0], [0.13707, 540287.0], [0.13708, 531727.0], [0.13709, 914235.0], [0.1371, 842079.0], [0.13711, 387910.0], [0.13712, 585422.0], [0.13713, 810336.0], [0.13714, 413158.0], [0.13715, 704437.0], [0.13716, 607782.0], [0.13717, 667022.0], [0.13718, 683160.0], [0.13719, 511932.0], [0.1372, 689435.0], [0.13721, 895219.0], [0.13722, 614528.0], [0.13723, 1326947.0]], "timestamp": "2025-12-15T09:56:07.021108+00:00"}, {"symbol": "DOGEUSDT", "bids": [[0.13696, 249679.0], [0.13695, 61541.0], [0.13694, 280898.0], [0.13693, 502943.0], [0.13692, 782496.0], [0.13691, 700508.0], [0.1369, 524627.0], [0.13689, 621212.0], [0.13688, 573886.0], [0.13687, 783794.0], [0.13686, 1037932.0], [0.13685, 758996.0], [0.13684, 577714.0], [0.13683, 468443.0], [0.13682, 505158.0], [0.13681, 1059474.0], [0.1368, 1771641.0], [0.13679, 829137.0], [0.13678, 311342.0], [0.13677, 354741.0]], "asks": [[0.13697, 274214.0], [0.13698, 372888.0], [0.13699, 406894.0], [0.137, 708964.0], [0.13701, 755093.0], [0.13702, 777340.0], [0.13703, 757262.0], [0.13704, 840617.0], [0.13705, 865026.0], [0.13706, 880490.0], [0.13707, 642310.0], [0.13708, 413035.0], [0.13709, 892769.0], [0.1371, 722401.0], [0.13711, 451341.0], [0.13712, 593181.0], [0.13713, 855276.0], [0.13714, 602208.0], [0.13715, 897734.0], [0.13716, 790161.0]], "timestamp": "2025-12-15T09:57:00.760498+00:00"}, {"symbol": "DOGEUSDT", "bids": [[0.13699, 147964.0], [0.13698, 174451.0], [0.13697, 249106.0], [0.13696, 502632.0], [0.13695, 1019325.0], [0.13694, 723763.0], [0.13693, 1054485.0], [0.13692, 451939.0], [0.13691, 522765.0], [0.1369, 933008.0], [0.13689, 511549.0], [0.13688, 599350.0], [0.13687, 652968.0], [0.13686, 723122.0], [0.13685, 773160.0], [0.13684, 1230143.0], [0.13683, 588016.0], [0.13682, 393293.0], [0.13681, 445299.0], [0.1368, 955033.0]], "asks": [[0.137, 158348.0], [0.13701, 245466.0], [0.13702, 397277.0], [0.13703, 609308.0], [0.13704, 916308.0], [0.13705, 571273.0], [0.13706, 773707.0], [0.13707, 689809.0], [0.13708, 580838.0], [0.13709, 910134.0], [0.1371, 716036.0], [0.13711, 342180.0], [0.13712, 654294.0], [0.13713, 865778.0], [0.13714, 582286.0], [0.13715, 888224.0], [0.13716, 783135.0], [0.13717, 1013397.0], [0.13718, 1237379.0], [0.13719, 793795.0]], "timestamp": "2025-12-15T09:57:54.418349+00:00"}, {"symbol": "DOGEUSDT", "bids": [[0.13699, 67079.0], [0.13698, 140329.0], [0.13697, 265941.0], [0.13696, 477925.0], [0.13695, 852675.0], [0.13694, 763622.0], [0.13693, 1045798.0], [0.13692, 435626.0], [0.13691, 635039.0], [0.1369, 827024.0], [0.13689, 914731.0], [0.13688, 564091.0], [0.13687, 460595.0], [0.13686, 670281.0], [0.13685, 773283.0], [0.13684, 944459.0], [0.13683, 687964.0], [0.13682, 610445.0], [0.13681, 1079309.0], [0.1368, 908303.0]], "asks": [[0.137, 486624.0], [0.13701, 336355.0], [0.13702, 288039.0], [0.13703, 739879.0], [0.13704, 933962.0], [0.13705, 600618.0], [0.13706, 679449.0], [0.13707, 595175.0], [0.13708, 591950.0], [0.13709, 879909.0], [0.1371, 723397.0], [0.13711, 376418.0], [0.13712, 632844.0], [0.13713, 886854.0], [0.13714, 577892.0], [0.13715, 595748.0], [0.13716, 580858.0], [0.13717, 989343.0], [0.13718, 1482184.0], [0.13719, 785672.0]], "timestamp": "2025-12-15T09:58:48.383742+00:00"}, {"symbol": "DOGEUSDT", "bids": [[0.13704, 56090.0], [0.13703, 65676.0], [0.13702, 465038.0], [0.13701, 631450.0], [0.137, 1245519.0], [0.13699, 934460.0], [0.13698, 604393.0], [0.13697, 889237.0], [0.13696, 648646.0], [0.13695, 581061.0], [0.13694, 654977.0], [0.13693, 730731.0], [0.13692, 397638.0], [0.13691, 401811.0], [0.1369, 924932.0], [0.13689, 1240921.0], [0.13688, 393998.0], [0.13687, 548151.0], [0.13686, 1266280.0], [0.13685, 803018.0]], "asks": [[0.13705, 370507.0], [0.13706, 328536.0], [0.13707, 387122.0], [0.13708, 561513.0], [0.13709, 934592.0], [0.1371, 773304.0], [0.13711, 652487.0], [0.13712, 644557.0], [0.13713, 780778.0], [0.13714, 530385.0], [0.13715, 642947.0], [0.13716, 520968.0], [0.13717, 614078.0], [0.13718, 684583.0], [0.13719, 466697.0], [0.1372, 656226.0], [0.13721, 704481.0], [0.13722, 734262.0], [0.13723, 853263.0], [0.13724, 1374432.0]], "timestamp": "2025-12-15T09:59:42.451611+00:00"}, {"symbol": "DOGEUSDT", "bids": [[0.13705, 122538.0], [0.13704, 137955.0], [0.13703, 226038.0], [0.13702, 513328.0], [0.13701, 974184.0], [0.137, 553266.0], [0.13699, 545174.0], [0.13698, 363429.0], [0.13697, 815183.0], [0.13696, 504014.0], [0.13695, 618763.0], [0.13694, 723950.0], [0.13693, 795452.0], [0.13692, 574931.0], [0.13691, 593778.0], [0.1369, 842527.0], [0.13689, 665812.0], [0.13688, 392850.0], [0.13687, 819968.0], [0.13686, 617674.0]], "asks": [[0.13706, 458442.0], [0.13707, 757993.0], [0.13708, 697944.0], [0.13709, 734162.0], [0.1371, 1302217.0], [0.13711, 1132016.0], [0.13712, 593437.0], [0.13713, 899594.0], [0.13714, 891970.0], [0.13715, 618443.0], [0.13716, 696123.0], [0.13717, 671503.0], [0.13718, 652212.0], [0.13719, 663815.0], [0.1372, 651843.0], [0.13721, 935210.0], [0.13722, 462759.0], [0.13723, 776722.0], [0.13724, 1089381.0], [0.13725, 535856.0]], "timestamp": "2025-12-15T10:00:36.621832+00:00"}, {"symbol": "DOGEUSDT", "bids": [[0.13712, 269181.0], [0.13711, 89681.0], [0.1371, 257501.0], [0.13709, 560642.0], [0.13708, 1183951.0], [0.13707, 647162.0], [0.13706, 1044064.0], [0.13705, 1202369.0], [0.13704, 685118.0], [0.13703, 581431.0], [0.13702, 537808.0], [0.13701, 757730.0], [0.137, 600147.0], [0.13699, 545650.0], [0.13698, 538585.0], [0.13697, 780390.0], [0.13696, 1003037.0], [0.13695, 508948.0], [0.13694, 892953.0], [0.13693, 744073.0]], "asks": [[0.13713, 285673.0], [0.13714, 384370.0], [0.13715, 536988.0], [0.13716, 778216.0], [0.13717, 582941.0], [0.13718, 921370.0], [0.13719, 719445.0], [0.1372, 733038.0], [0.13721, 785024.0], [0.13722, 391708.0], [0.13723, 790619.0], [0.13724, 1166294.0], [0.13725, 585884.0], [0.13726, 384843.0], [0.13727, 565078.0], [0.13728, 854487.0], [0.13729, 860326.0], [0.1373, 1130666.0], [0.13731, 785082.0], [0.13732, 919379.0]], "timestamp": "2025-12-15T10:01:30.382521+00:00"}, {"symbol": "DOGEUSDT", "bids": [[0.13704, 14231.0], [0.13703, 87107.0], [0.13702, 106234.0], [0.13701, 665992.0], [0.137, 953885.0], [0.13699, 547141.0], [0.13698, 336946.0], [0.13697, 838475.0], [0.13696, 671752.0], [0.13695, 988603.0], [0.13694, 612725.0], [0.13693, 816526.0], [0.13692, 442902.0], [0.13691, 596065.0], [0.1369, 856207.0], [0.13689, 861240.0], [0.13688, 689384.0], [0.13687, 703723.0], [0.13686, 2041812.0], [0.13685, 1222074.0]], "asks": [[0.13705, 729099.0], [0.13706, 411590.0], [0.13707, 901813.0], [0.13708, 527650.0], [0.13709, 967092.0], [0.1371, 702403.0], [0.13711, 606918.0], [0.13712, 882485.0], [0.13713, 481887.0], [0.13714, 464999.0], [0.13715, 663817.0], [0.13716, 668993.0], [0.13717, 854385.0], [0.13718, 726891.0], [0.13719, 696361.0], [0.1372, 780852.0], [0.13721, 698917.0], [0.13722, 369637.0], [0.13723, 613684.0], [0.13724, 607467.0]], "timestamp": "2025-12-15T10:02:24.372155+00:00"}, {"symbol": "DOGEUSDT", "bids": [[0.13712, 240636.0], [0.13711, 385518.0], [0.1371, 317379.0], [0.13709, 297953.0], [0.13708, 1093735.0], [0.13707, 672163.0], [0.13706, 692331.0], [0.13705, 989599.0], [0.13704, 395761.0], [0.13703, 452853.0], [0.13702, 600677.0], [0.13701, 633024.0], [0.137, 1030316.0], [0.13699, 427900.0], [0.13698, 461389.0], [0.13697, 700295.0], [0.13696, 483353.0], [0.13695, 630833.0], [0.13694, 750386.0], [0.13693, 1312224.0]], "asks": [[0.13713, 289587.0], [0.13714, 164394.0], [0.13715, 393404.0], [0.13716, 487116.0], [0.13717, 761843.0], [0.13718, 839858.0], [0.13719, 860804.0], [0.1372, 644143.0], [0.13721, 734612.0], [0.13722, 489742.0], [0.13723, 596087.0], [0.13724, 728522.0], [0.13725, 723572.0], [0.13726, 859637.0], [0.13727, 514775.0], [0.13728, 896795.0], [0.13729, 1093809.0], [0.1373, 822131.0], [0.13731, 833760.0], [0.13732, 1275388.0]], "timestamp": "2025-12-15T10:03:17.698813+00:00"}, {"symbol": "DOGEUSDT", "bids": [[0.13711, 4041.0], [0.1371, 104821.0], [0.13709, 361617.0], [0.13708, 493439.0], [0.13707, 890745.0], [0.13706, 850145.0], [0.13705, 981236.0], [0.13704, 284611.0], [0.13703, 465185.0], [0.13702, 718187.0], [0.13701, 793097.0], [0.137, 1157375.0], [0.13699, 442144.0], [0.13698, 568614.0], [0.13697, 791077.0], [0.13696, 479078.0], [0.13695, 532234.0], [0.13694, 765916.0], [0.13693, 1287613.0], [0.13692, 1165806.0]], "asks": [[0.13712, 522855.0], [0.13713, 421543.0], [0.13714, 559518.0], [0.13715, 450865.0], [0.13716, 605047.0], [0.13717, 534422.0], [0.13718, 631765.0], [0.13719, 497292.0], [0.1372, 815688.0], [0.13721, 692590.0], [0.13722, 468578.0], [0.13723, 535015.0], [0.13724, 587490.0], [0.13725, 502454.0], [0.13726, 305596.0], [0.13727, 483094.0], [0.13728, 835087.0], [0.13729, 1047109.0], [0.1373, 735901.0], [0.13731, 476073.0]], "timestamp": "2025-12-15T10:04:11.766420+00:00"}, {"symbol": "DOGEUSDT", "bids": [[0.13722, 464111.0], [0.13721, 410400.0], [0.1372, 542256.0], [0.13719, 562904.0], [0.13718, 990911.0], [0.13717, 740448.0], [0.13716, 288301.0], [0.13715, 659492.0], [0.13714, 543223.0], [0.13713, 664646.0], [0.13712, 564986.0], [0.13711, 866907.0], [0.1371, 726050.0], [0.13709, 968342.0], [0.13708, 482860.0], [0.13707, 269549.0], [0.13706, 607817.0], [0.13705, 1078865.0], [0.13704, 611118.0], [0.13703, 909724.0]], "asks": [[0.13723, 81717.0], [0.13724, 415001.0], [0.13725, 335870.0], [0.13726, 407155.0], [0.13727, 483984.0], [0.13728, 485975.0], [0.13729, 464872.0], [0.1373, 942446.0], [0.13731, 624776.0], [0.13732, 397080.0], [0.13733, 907959.0], [0.13734, 655494.0], [0.13735, 509765.0], [0.13736, 354841.0], [0.13737, 743945.0], [0.13738, 868175.0], [0.13739, 667262.0], [0.1374, 1084018.0], [0.13741, 853720.0], [0.13742, 659571.0]], "timestamp": "2025-12-15T10:05:05.323026+00:00"}, {"symbol": "DOGEUSDT", "bids": [[0.13712, 329163.0], [0.13711, 349527.0], [0.1371, 433718.0], [0.13709, 1058049.0], [0.13708, 916038.0], [0.13707, 545898.0], [0.13706, 650662.0], [0.13705, 953092.0], [0.13704, 528932.0], [0.13703, 1008150.0], [0.13702, 597000.0], [0.13701, 440964.0], [0.137, 469990.0], [0.13699, 483041.0], [0.13698, 641920.0], [0.13697, 891819.0], [0.13696, 1157890.0], [0.13695, 1382014.0], [0.13694, 716423.0], [0.13693, 871542.0]], "asks": [[0.13713, 10578.0], [0.13714, 303616.0], [0.13715, 442970.0], [0.13716, 311023.0], [0.13717, 745293.0], [0.13718, 688842.0], [0.13719, 990375.0], [0.1372, 821759.0], [0.13721, 863947.0], [0.13722, 456147.0], [0.13723, 501963.0], [0.13724, 893343.0], [0.13725, 644372.0], [0.13726, 510527.0], [0.13727, 694934.0], [0.13728, 711034.0], [0.13729, 659312.0], [0.1373, 800085.0], [0.13731, 588628.0], [0.13732, 603540.0]], "timestamp": "2025-12-15T10:05:59.083239+00:00"}, {"symbol": "DOGEUSDT", "bids": [[0.13704, 647643.0], [0.13703, 320310.0], [0.13702, 430620.0], [0.13701, 801147.0], [0.137, 828730.0], [0.13699, 872676.0], [0.13698, 472028.0], [0.13697, 619931.0], [0.13696, 676710.0], [0.13695, 636456.0], [0.13694, 644103.0], [0.13693, 1305211.0], [0.13692, 388270.0], [0.13691, 822088.0], [0.1369, 667135.0], [0.13689, 738812.0], [0.13688, 711350.0], [0.13687, 699492.0], [0.13686, 1169811.0], [0.13685, 1181109.0]], "asks": [[0.13705, 247230.0], [0.13706, 232886.0], [0.13707, 454178.0], [0.13708, 567493.0], [0.13709, 703058.0], [0.1371, 687361.0], [0.13711, 987229.0], [0.13712, 912354.0], [0.13713, 553630.0], [0.13714, 737413.0], [0.13715, 689235.0], [0.13716, 618476.0], [0.13717, 601472.0], [0.13718, 522007.0], [0.13719, 767307.0], [0.1372, 952647.0], [0.13721, 759246.0], [0.13722, 283466.0], [0.13723, 716330.0], [0.13724, 809967.0]], "timestamp": "2025-12-15T10:06:52.741024+00:00"}, {"symbol": "DOGEUSDT", "bids": [[0.1369, 20980.0], [0.13689, 87328.0], [0.13688, 239555.0], [0.13687, 423796.0], [0.13686, 1007708.0], [0.13685, 897192.0], [0.13684, 525346.0], [0.13683, 331756.0], [0.13682, 560619.0], [0.13681, 591340.0], [0.1368, 789757.0], [0.13679, 553578.0], [0.13678, 718569.0], [0.13677, 800140.0], [0.13676, 889626.0], [0.13675, 504227.0], [0.13674, 765427.0], [0.13673, 1266409.0], [0.13672, 415010.0], [0.13671, 1116686.0]], "asks": [[0.13691, 341770.0], [0.13692, 292463.0], [0.13693, 439919.0], [0.13694, 443507.0], [0.13695, 652181.0], [0.13696, 900914.0], [0.13697, 891069.0], [0.13698, 850026.0], [0.13699, 805674.0], [0.137, 665267.0], [0.13701, 600482.0], [0.13702, 821282.0], [0.13703, 574498.0], [0.13704, 425617.0], [0.13705, 629695.0], [0.13706, 795941.0], [0.13707, 565184.0], [0.13708, 1432315.0], [0.13709, 814147.0], [0.1371, 882474.0]], "timestamp": "2025-12-15T10:07:46.809054+00:00"}, {"symbol": "DOGEUSDT", "bids": [[0.13696, 165441.0], [0.13695, 256852.0], [0.13694, 327627.0], [0.13693, 1033121.0], [0.13692, 899782.0], [0.13691, 330623.0], [0.1369, 686108.0], [0.13689, 849257.0], [0.13688, 343864.0], [0.13687, 409192.0], [0.13686, 549534.0], [0.13685, 768182.0], [0.13684, 676787.0], [0.13683, 474481.0], [0.13682, 746988.0], [0.13681, 1259882.0], [0.1368, 678395.0], [0.13679, 629260.0], [0.13678, 1443827.0], [0.13677, 610238.0]], "asks": [[0.13697, 208515.0], [0.13698, 549420.0], [0.13699, 283808.0], [0.137, 401597.0], [0.13701, 1003682.0], [0.13702, 884261.0], [0.13703, 1345242.0], [0.13704, 1015669.0], [0.13705, 643791.0], [0.13706, 663180.0], [0.13707, 761357.0], [0.13708, 765134.0], [0.13709, 474739.0], [0.1371, 371039.0], [0.13711, 670028.0], [0.13712, 574662.0], [0.13713, 763880.0], [0.13714, 614002.0], [0.13715, 524197.0], [0.13716, 658806.0]], "timestamp": "2025-12-15T10:08:40.569449+00:00"}, {"symbol": "DOGEUSDT", "bids": [[0.137, 49659.0], [0.13699, 76244.0], [0.13698, 973615.0], [0.13697, 568739.0], [0.13696, 1289179.0], [0.13695, 1146185.0], [0.13694, 862203.0], [0.13693, 1042945.0], [0.13692, 643633.0], [0.13691, 496838.0], [0.1369, 766262.0], [0.13689, 1135088.0], [0.13688, 364263.0], [0.13687, 517425.0], [0.13686, 685083.0], [0.13685, 1007384.0], [0.13684, 520961.0], [0.13683, 752776.0], [0.13682, 1134224.0], [0.13681, 1252703.0]], "asks": [[0.13701, 545932.0], [0.13702, 353420.0], [0.13703, 385763.0], [0.13704, 521353.0], [0.13705, 500612.0], [0.13706, 457985.0], [0.13707, 540900.0], [0.13708, 478808.0], [0.13709, 720600.0], [0.1371, 440568.0], [0.13711, 857667.0], [0.13712, 453224.0], [0.13713, 277260.0], [0.13714, 591490.0], [0.13715, 584896.0], [0.13716, 672332.0], [0.13717, 543246.0], [0.13718, 707142.0], [0.13719, 670567.0], [0.1372, 1172523.0]], "timestamp": "2025-12-15T10:09:34.125620+00:00"}, {"symbol": "DOGEUSDT", "bids": [[0.137, 239700.0], [0.13699, 518489.0], [0.13698, 365218.0], [0.13697, 496579.0], [0.13696, 1263662.0], [0.13695, 1020128.0], [0.13694, 589276.0], [0.13693, 817802.0], [0.13692, 537253.0], [0.13691, 396514.0], [0.1369, 766888.0], [0.13689, 1190154.0], [0.13688, 280590.0], [0.13687, 524479.0], [0.13686, 676158.0], [0.13685, 905822.0], [0.13684, 489423.0], [0.13683, 678597.0], [0.13682, 1085106.0], [0.13681, 508724.0]], "asks": [[0.13701, 201414.0], [0.13702, 235496.0], [0.13703, 288123.0], [0.13704, 310889.0], [0.13705, 500785.0], [0.13706, 612708.0], [0.13707, 582080.0], [0.13708, 687802.0], [0.13709, 559617.0], [0.1371, 383611.0], [0.13711, 885761.0], [0.13712, 474001.0], [0.13713, 303300.0], [0.13714, 589827.0], [0.13715, 480299.0], [0.13716, 521542.0], [0.13717, 518273.0], [0.13718, 866690.0], [0.13719, 438217.0], [0.1372, 976565.0]], "timestamp": "2025-12-15T10:10:28.138331+00:00"}, {"symbol": "DOGEUSDT", "bids": [[0.13704, 159180.0], [0.13703, 400002.0], [0.13702, 473442.0], [0.13701, 238451.0], [0.137, 1223756.0], [0.13699, 710043.0], [0.13698, 523043.0], [0.13697, 856191.0], [0.13696, 606565.0], [0.13695, 594688.0], [0.13694, 584704.0], [0.13693, 748462.0], [0.13692, 711539.0], [0.13691, 820381.0], [0.1369, 988250.0], [0.13689, 711402.0], [0.13688, 623046.0], [0.13687, 398797.0], [0.13686, 648332.0], [0.13685, 802767.0]], "asks": [[0.13705, 211890.0], [0.13706, 243949.0], [0.13707, 166096.0], [0.13708, 305277.0], [0.13709, 479068.0], [0.1371, 536399.0], [0.13711, 848830.0], [0.13712, 466091.0], [0.13713, 408788.0], [0.13714, 645722.0], [0.13715, 567176.0], [0.13716, 532079.0], [0.13717, 524706.0], [0.13718, 407442.0], [0.13719, 421130.0], [0.1372, 776624.0], [0.13721, 506304.0], [0.13722, 612331.0], [0.13723, 811681.0], [0.13724, 876702.0]], "timestamp": "2025-12-15T10:11:21.543911+00:00"}, {"symbol": "DOGEUSDT", "bids": [[0.13704, 1245695.0], [0.13703, 669003.0], [0.13702, 318039.0], [0.13701, 425440.0], [0.137, 677995.0], [0.13699, 879003.0], [0.13698, 858330.0], [0.13697, 863430.0], [0.13696, 658598.0], [0.13695, 592621.0], [0.13694, 512016.0], [0.13693, 710004.0], [0.13692, 549087.0], [0.13691, 800506.0], [0.1369, 869941.0], [0.13689, 711006.0], [0.13688, 523359.0], [0.13687, 420293.0], [0.13686, 608247.0], [0.13685, 727251.0]], "asks": [[0.13705, 15104.0], [0.13706, 22703.0], [0.13707, 116608.0], [0.13708, 147798.0], [0.13709, 299471.0], [0.1371, 444522.0], [0.13711, 718157.0], [0.13712, 487295.0], [0.13713, 327239.0], [0.13714, 632897.0], [0.13715, 599392.0], [0.13716, 543777.0], [0.13717, 562805.0], [0.13718, 452642.0], [0.13719, 672162.0], [0.1372, 725334.0], [0.13721, 492355.0], [0.13722, 550271.0], [0.13723, 544562.0], [0.13724, 851771.0]], "timestamp": "2025-12-15T10:12:15.507318+00:00"}, {"symbol": "DOGEUSDT", "bids": [[0.13704, 218099.0], [0.13703, 253689.0], [0.13702, 230569.0], [0.13701, 446975.0], [0.137, 1079552.0], [0.13699, 539354.0], [0.13698, 627091.0], [0.13697, 969098.0], [0.13696, 579769.0], [0.13695, 443770.0], [0.13694, 585656.0], [0.13693, 742632.0], [0.13692, 676885.0], [0.13691, 768976.0], [0.1369, 684114.0], [0.13689, 971001.0], [0.13688, 590031.0], [0.13687, 1049210.0], [0.13686, 486049.0], [0.13685, 612125.0]], "asks": [[0.13705, 68695.0], [0.13706, 168469.0], [0.13707, 344583.0], [0.13708, 228187.0], [0.13709, 425181.0], [0.1371, 399720.0], [0.13711, 730359.0], [0.13712, 411202.0], [0.13713, 333961.0], [0.13714, 674611.0], [0.13715, 682368.0], [0.13716, 535343.0], [0.13717, 544200.0], [0.13718, 426245.0], [0.13719, 410033.0], [0.1372, 731647.0], [0.13721, 391149.0], [0.13722, 303531.0], [0.13723, 778945.0], [0.13724, 790997.0]], "timestamp": "2025-12-15T10:13:09.168650+00:00"}, {"symbol": "DOGEUSDT", "bids": [[0.137, 292237.0], [0.13699, 593625.0], [0.13698, 524844.0], [0.13697, 810770.0], [0.13696, 1157639.0], [0.13695, 506510.0], [0.13694, 652489.0], [0.13693, 644784.0], [0.13692, 469854.0], [0.13691, 306225.0], [0.1369, 699975.0], [0.13689, 1063100.0], [0.13688, 335931.0], [0.13687, 845978.0], [0.13686, 609684.0], [0.13685, 614184.0], [0.13684, 536262.0], [0.13683, 635128.0], [0.13682, 743685.0], [0.13681, 1335115.0]], "asks": [[0.13701, 62315.0], [0.13702, 105237.0], [0.13703, 386429.0], [0.13704, 1108761.0], [0.13705, 434665.0], [0.13706, 547378.0], [0.13707, 918717.0], [0.13708, 625217.0], [0.13709, 504091.0], [0.1371, 398719.0], [0.13711, 844859.0], [0.13712, 423933.0], [0.13713, 510312.0], [0.13714, 810520.0], [0.13715, 574549.0], [0.13716, 602637.0], [0.13717, 728323.0], [0.13718, 1036919.0], [0.13719, 523426.0], [0.1372, 814660.0]], "timestamp": "2025-12-15T10:14:03.030965+00:00"}, {"symbol": "DOGEUSDT", "bids": [[0.137, 100317.0], [0.13699, 320053.0], [0.13698, 606946.0], [0.13697, 719259.0], [0.13696, 876079.0], [0.13695, 898488.0], [0.13694, 632045.0], [0.13693, 730747.0], [0.13692, 644831.0], [0.13691, 394995.0], [0.1369, 701620.0], [0.13689, 800260.0], [0.13688, 383558.0], [0.13687, 973198.0], [0.13686, 498830.0], [0.13685, 722834.0], [0.13684, 763184.0], [0.13683, 617051.0], [0.13682, 740762.0], [0.13681, 1321734.0]], "asks": [[0.13701, 341384.0], [0.13702, 321900.0], [0.13703, 577163.0], [0.13704, 1122929.0], [0.13705, 635467.0], [0.13706, 562708.0], [0.13707, 616349.0], [0.13708, 636130.0], [0.13709, 433446.0], [0.1371, 384344.0], [0.13711, 784685.0], [0.13712, 440749.0], [0.13713, 507025.0], [0.13714, 791698.0], [0.13715, 660443.0], [0.13716, 575268.0], [0.13717, 810831.0], [0.13718, 1051508.0], [0.13719, 521927.0], [0.1372, 824407.0]], "timestamp": "2025-12-15T10:14:56.177162+00:00"}, {"symbol": "DOGEUSDT", "bids": [[0.137, 116630.0], [0.13699, 131299.0], [0.13698, 256186.0], [0.13697, 786332.0], [0.13696, 1364735.0], [0.13695, 653618.0], [0.13694, 547548.0], [0.13693, 652403.0], [0.13692, 544843.0], [0.13691, 404608.0], [0.1369, 753667.0], [0.13689, 1351107.0], [0.13688, 759618.0], [0.13687, 384200.0], [0.13686, 611719.0], [0.13685, 592866.0], [0.13684, 510643.0], [0.13683, 523889.0], [0.13682, 608685.0], [0.13681, 1321757.0]], "asks": [[0.13701, 540141.0], [0.13702, 592581.0], [0.13703, 578064.0], [0.13704, 393352.0], [0.13705, 809346.0], [0.13706, 765796.0], [0.13707, 561023.0], [0.13708, 581292.0], [0.13709, 779240.0], [0.1371, 650330.0], [0.13711, 471118.0], [0.13712, 481815.0], [0.13713, 377328.0], [0.13714, 690120.0], [0.13715, 523027.0], [0.13716, 557183.0], [0.13717, 648822.0], [0.13718, 778606.0], [0.13719, 589111.0], [0.1372, 865470.0]], "timestamp": "2025-12-15T10:15:51.780803+00:00"}